4596 6450
127 2679 138 2714 5

115 3197 141 3236 10

115 4236 141 4277 20

584 471 586 478 ,
678 417 769 473 CGLX
788 417 908 486 (ΟΑΒΜ.
927 419 953 483 2,
973 417 1043 488 110),
1060 417 1166 475 CCLXI
1184 417 1288 486 (ulcu.
1309 419 1360 483 19).

821 709 934 780 0(th
956 711 1062 798 (osan.
1079 715 1109 796 2,
1129 711 1215 798 110).

482 906 665 982 VERSVS
693 908 754 981 DE
781 907 1028 981 CASTELLO
1056 907 1309 982 HONORATI
1335 907 1561 983 EPISCOPI.

557 1075 725 1141 Pontificio
749 1082 891 1140 castrum
915 1097 991 1161 apes
1014 1082 1066 1140 est
1088 1074 1248 1140 fidissima
1270 1075 1368 1141 vitae.

605 1178 667 1244 Oui
689 1185 777 1246 tutor
801 1183 945 1260 sanctus,
969 1200 1053 1265 quae
1077 1180 1228 1244 nocitura
1250 1186 1385 1267 petant?

557 1282 621 1348 Hic
644 1283 769 1370 clipeus
792 1289 904 1348 votum
929 1289 996 1347 est:
1022 1283 1134 1369 procul
1157 1283 1241 1363 hinc,
1264 1283 1413 1362 Bellona,
1436 1284 1565 1349 recede.

606 1386 701 1462 Quod
723 1387 847 1452 meritis
871 1392 1008 1466 constat,
1031 1386 1158 1472 proelia
1180 1387 1271 1451 nulla
1293 1394 1440 1472 gravant.

489 1504 500 1542 ⁵
560 1489 719 1555 Conditor
740 1490 794 1554 hic
816 1511 927 1554 muros
951 1487 1081 1570 solidat,
1104 1491 1286 1556 munimina
1309 1491 1421 1556 factor.

605 1592 660 1658 Nil
683 1599 810 1660 metuat
831 1593 978 1679 quisquis
1000 1594 1065 1659 huc
1087 1603 1243 1680 properat
1264 1601 1427 1660 metuens.

853 1902 988 1973 ccnxl
1008 1905 1103 1992 (ntor.
1123 1906 1188 1992 th).

723 2099 884 2175 DICTIO
911 2100 1045 2176 DATA
1071 2100 1321 2176 AMBROSIO

274 2235 322 2310 ΙΝ
352 2238 649 2313 ALEATOREM
677 2239 959 2328 QV1AGRVM
986 2239 1034 2314 ΙΝ
1062 2238 1160 2330 Qvo
1189 2237 1441 2312 PARENTES
1467 2239 1574 2312 EIVS
1600 2237 1765 2313 ERANT

614 2377 770 2452 POSITI
798 2380 895 2454 PRO
924 2379 1036 2454 LVDI
1061 2378 1239 2452 PRETIO
1266 2377 1422 2452 DEDIT.

305 2524 516 2640 Postquam,
547 2556 689 2638 indices,
724 2557 869 2624 deforme
898 2559 1051 2626 aleatoris
1081 2557 1224 2624 studium
1255 2553 1416 2621 deductus
1445 2554 1488 2619 ad
1517 2552 1699 2618 exilitatem
1729 2554 1877 2616 censust

192 2663 344 2721 evaserat
367 2664 400 2723 et
423 2666 626 2726 crescentem
649 2661 795 2728 certandi
819 2684 930 2728 curam
954 2663 1145 2728 facultatum
1170 2661 1319 2726 defectus
1342 2658 1485 2738 addixit,
1517 2663 1697 2743 coeperunt
1720 2677 1740 2720 a
1762 2655 1849 2742 turpi

191 2760 337 2846 praemio
360 2781 422 2826 nee
445 2769 618 2849 parentum
642 2767 795 2852 sepulcra
816 2766 964 2848 subduci,
989 2772 1169 2854 coeperunt
1193 2763 1361 2852 expectari
1384 2761 1483 2826 dubia
1505 2781 1640 2826 casuum
1663 2758 1705 2825 de
1728 2757 1848 2823 favillis

191 2868 226 2928 et
248 2861 383 2929 ridenda
405 2867 541 2953 proponi
564 2869 809 2933 contentionum
833 2875 1001 2935 momenta
1023 2870 1063 2934 de
1087 2868 1240 2936 lacrimis.
1278 2867 1334 2931 ubi
1352 2872 1428 2930 aunt
1443 2865 1497 2951 qui
1514 2864 1636 2945 dicunt,
1659 2861 1882 2950 perfunctes2

192 2965 265 3031 luce
299 2967 425 3032 animas
458 2969 539 3035 nihil
572 2992 646 3036 cum
679 2971 775 3037 huius
816 2971 928 3037 mundi
968 2971 1147 3037 cultoribus
1186 2971 1310 3036 habere
1344 2988 1516 3033 commune
1552 2972 1586 3033 et
1616 2973 1693 3053 post
1727 2963 1849 3030 saeculi

193 3069 458 3154 segregationem
487 3070 574 3137 diem
608 3094 702 3138 suum
733 3075 856 3141 hahere
887 3075 1084 3139 translatos?
1131 3096 1208 3139 ecce
1240 3075 1304 3138 iam
1334 3073 1474 3138 maiores
1506 3071 1602 3136 istius
1631 3091 1733 3156 prope
1765 3087 1849 3154 quae

193 3169 404 3237 obtinuerant
439 3175 592 3260 sepulcra
626 3185 806 3243 senuerunt
834 3185 868 3244 et
895 3177 935 3242 de
964 3179 1044 3264 ipsis
1077 3199 1137 3264 per
1172 3176 1418 3243 diuturnitatem
1450 3176 1621 3262 requirunt
1656 3173 1755 3237 busta
1784 3172 1849 3237 iam

190 3276 322 3340 tumuli:
347 3283 381 3341 et
403 3283 515 3344 tamen
537 3279 625 3366 apud
647 3280 875 3346 comisatorem
898 3279 1163 3368 inprobissimum
1187 3281 1293 3346 adhuc
1317 3279 1493 3345 creduntur
1515 3279 1548 3344 in
1571 3277 1634 3342 illie
1658 3275 1848 3341 intentionis

190 3379 297 3464 pretia
326 3400 390 3445 non
419 3380 554 3467 perisse.
598 3389 674 3468 post
699 3384 800 3468 longa
827 3385 916 3449 vitae
943 3384 1105 3449 curricula
1136 3385 1269 3449 fortuito
1300 3384 1345 3448 nil
1374 3381 1535 3450 debentes
1559 3387 1711 3446 eventum
1735 3383 1881 3444 mansel

191 3481 346 3547 iubentur
377 3491 555 3571 expectare
584 3485 625 3551 de
656 3488 805 3564 tesseris;
838 3495 914 3575 post
944 3488 1133 3576 profligatos
1164 3509 1246 3573 quas
1277 3494 1432 3574 parentes
1459 3487 1507 3551 tui
1534 3507 1596 3571 per
1617 3484 1749 3569 longam
1772 3504 1848 3570 par·

192 3585 363 3652 simoniam
384 3610 464 3676 opes
487 3590 705 3676 collegerant,
728 3599 805 3678 post
826 3594 929 3658 multa
952 3593 1080 3677 argenti
1104 3592 1240 3677 aurique
1263 3590 1424 3678 pondera,
1454 3611 1538 3677 qnae
1562 3588 1671 3656 iutura
1692 3587 1848 3654 heredem

192 3691 335 3777 parcitas
352 3690 412 3757 sub
428 3692 630 3760 dimensione
647 3696 802 3775 servavit,
825 3717 923 3760 urnas
936 3703 1095 3778 veterum,
1118 3702 1155 3761 ut
1171 3701 1283 3760 essent
1298 3695 1331 3759 in
1347 3694 1493 3782 praemio
1510 3694 1654 3774 tabulae,
1676 3691 1848 3758 sterilitate

191 3792 338 3860 deterior
365 3795 489 3881 proles,
517 3797 697 3865 honorasti.
744 3799 772 3864 si
800 3800 968 3865 mausolea
996 3799 1265 3887 praecedentium
1294 3799 1399 3863 minor
1428 3798 1552 3886 posteri
1576 3797 1684 3861 cultus
1707 3799 1848 3876 ornaret,

192 3903 283 3964 esset
304 3898 480 3986 plectenda
503 3903 715 3988 neglegentia
737 3911 771 3968 et
794 3909 961 3990 spectaret
983 3901 1024 3969 de
1048 3903 1114 3967 illis
1136 3923 1275 3989 poenam
1292 3902 1466 3984 iudicibus,
1489 3901 1544 3986 qni
1560 3900 1700 3966 filiorum
1718 3919 1849 3964 auorum

191 4022 298 4067 mores
327 4003 361 4067 in
389 4003 506 4070 alienis
534 4007 671 4094 cupiunt
697 4007 874 4074 emendare
905 4008 1095 4074 commissis.
1140 4029 1199 4094 pro
1226 4007 1407 4073 festivitate
1442 4012 1532 4071 certe
1559 4012 1741 4092 temporum
1772 4005 1880 4088 legal

190 4104 366 4186 redeunte,
396 4129 457 4194 pro
480 4109 578 4175 sertis
601 4110 776 4198 atquibus
799 4113 929 4179 animae
952 4118 1130 4199 pascuntur
1152 4109 1356 4188 muneribus,
1382 4108 1549 4174 credidisti
1572 4108 1680 4190 nefas,
1705 4109 1732 4173 si
1755 4107 1848 4193 geni-

192 4217 299 4273 torum
328 4217 459 4276 tuorum
488 4215 641 4300 sepulcra
670 4214 820 4281 dominos
843 4237 907 4280 ιιοιι
932 4221 1107 4282 mutarent.
1151 4235 1217 4280 non
1240 4213 1301 4278 tihi
1324 4214 1474 4279 licuisset
1497 4212 1613 4277 domos
1635 4211 1767 4276 ultimas
1790 4232 1848 4298 pro

193 4312 327 4378 abducti
355 4314 397 4378 ab
424 4314 575 4382 hostibus
601 4319 749 4405 pignoris
777 4321 824 4384 tui
856 4317 1081 4406 redemptione
1105 4318 1304 4392 distrahers;
1336 4337 1458 4403 quaero
1481 4337 1566 4403 qnae
1590 4316 1634 4381 eit
1655 4314 1849 4395 necessitas,

193 4414 278 4501 quod
306 4417 452 4484 alienum
479 4419 575 4485 video
605 4422 639 4486 in
668 4429 841 4509 parentum
868 4430 999 4488 tuorum
1029 4423 1195 4488 cineribus
1224 4442 1467 4509 possessorem:
1500 4427 1534 4485 et
1556 4419 1637 4484 nihil
1659 4417 1739 4484 mihi
1762 4417 1851 4483 eliud

193 4519 255 4584 nisi
284 4521 380 4586 ludus
410 4524 595 4610 opponitur.
641 4527 805 4593 omisere
832 4527 1018 4592 mortalium
1048 4524 1211 4604 condicio,
1241 4531 1275 4591 et
1301 4545 1375 4589 cum
1398 4524 1605 4609 denegantur
1626 4523 1793 4589 desiderio
1815 4527 1879 4588 et5

193 4645 267 4688 curn
288 4624 452 4690 infelicius
476 4627 712 4693 conceduntur!
751 4630 902 4715 quotiens
926 4636 1091 4696 creatores
1115 4631 1163 4695 tui
1186 4629 1335 4694 sollicitis
1357 4627 1455 4694 deum
1478 4648 1610 4693 morere
1626 4626 1784 4714 suspiriis,
1807 4647 1849 4692 ne

129 4777 134 4790 .
194 4726 234 4792 de
265 4727 361 4793 huius
389 4750 489 4794 usura
517 4731 615 4814 lucia,
648 4732 734 4818 quod
758 4733 1031 4799 infaustissimum
1054 4733 1208 4814 creditur,
1238 4733 1309 4798 aine
1332 4732 1480 4819 legitimo
1504 4731 1627 4797 herede
1650 4731 1849 4798 transirent?

193 4831 344 4917 quotiens
366 4834 467 4898 futuri
489 4856 581 4901 mens
604 4837 718 4902 nescia
733 4837 979 4923 proximitatem
993 4837 1108 4904 mortis
1124 4839 1306 4904 incurrerat
1320 4836 1361 4903 de
1377 4836 1502 4924 pallore
1518 4835 1703 4922 progeniti?
1742 4832 1880 4901 editus6

195 4967 369 4976 u———q-

296 5039 407 5110 [CCLX]
442 5061 468 5096 r.
488 5042 502 5096 l
520 5053 561 5100 eat
575 5047 603 5098 ia
614 5047 650 5099 lit.
663 5047 689 5099 B
757 5043 889 5114 fidissima]
908 5047 971 5100 fides
988 5063 1089 5100 summa
1099 5046 1125 5098 B
1228 5063 1253 5098 v.
1267 5044 1289 5116 ¹6
1307 5043 1368 5113 huc]
1386 5045 1436 5098 hoc
1451 5043 1544 5097 VLOP

298 5142 422 5216 [CCLXI]
451 5146 634 5202 2alteatorem
647 5147 689 5201 B!
791 5149 988 5218 ⁴lposquamB
1094 5148 1111 5201 6
1129 5150 1303 5218 sepulchraV
1362 5147 1544 5218 exspectariV
1642 5143 1850 5199 emonensem

193 5231 368 5287 translatus
380 5235 406 5287 B
498 5253 558 5290 ecoe
579 5238 628 5288 iam
652 5255 719 5304 quae
741 5239 906 5291 obtinuerant
928 5239 1046 5306 sepulcra
1070 5238 1179 5291 maiores
1203 5239 1278 5289 iatius
1296 5253 1374 5304 prcpe
1392 5243 1535 5288 senuerunt
1551 5234 1588 5286 sic
1605 5232 1851 5286 montecereado

193 5337 245 5372 esee
263 5337 350 5373 censeo
455 5317 489 5373 10
506 5323 643 5390 sepulchra
658 5323 683 5373 V
742 5323 773 5376 de
791 5326 847 5392 ipsa
865 5323 999 5376 Schedia
1015 5343 1064 5390 neq.
1082 5333 1106 5376 et
1118 5323 1144 5374 Β
1160 5332 1219 5375 teste
1231 5322 1362 5386 Hortele'o,
1379 5339 1406 5375 re
1423 5323 1479 5389 ipsa
1491 5322 1588 5375 Hartel
1653 5321 1789 5387 requirunt
1800 5319 1850 5384 Bb,

193 5408 260 5459 fiunt
270 5409 346 5460 ceteri
434 5407 463 5459 ll
484 5409 591 5461 tumulis
607 5409 703 5463 Vtro
750 5419 932 5464 comessatorem
949 5410 1003 5477 Vh,
1020 5419 1216 5464 comessatorem
1231 5409 1276 5461 TO
1363 5406 1397 5458 12
1415 5409 1525 5460 fortuitu
1536 5408 1562 5459 Β
1650 5404 1683 5459 13
1701 5407 1814 5475 parentis
1825 5406 1851 5458 B

194 5491 227 5546 14
244 5495 395 5564 colligerent
406 5495 432 5547 B
555 5494 587 5547 15
604 5514 680 5549 ornae
691 5497 717 5549 B
840 5497 871 5550 16
889 5499 1091 5568 praecidentium
1103 5498 1129 5549 Β
1251 5492 1285 5549 17
1303 5497 1460 5563 negligentia
1471 5494 1497 5546 B
1624 5493 1657 5546 19
1674 5501 1814 5564 pascontnr
1825 5493 1851 5545 B

193 5578 229 5632 20
245 5583 382 5649 sepulchra
397 5581 422 5631 V
480 5583 600 5635 dominus
611 5582 637 5634 B
703 5585 794 5638 domus
803 5585 829 5636 Β
931 5583 965 5636 21
985 5585 1089 5638 abducti
1101 5584 1205 5648 Horret,
1222 5585 1335 5636 abducta
1347 5583 1407 5634 libri
1509 5579 1544 5632 22
1562 5577 1597 5647 et]
1616 5580 1683 5632 0131
1747 5581 1814 5633 alius
1826 5580 1852 5632 B

193 5665 227 5718 23
244 5668 360 5720 mortalia
375 5667 495 5722 VLTOP
612 5667 647 5722 24
664 5672 784 5724 oratorie
796 5671 822 5723 B
944 5669 979 5723 25
996 5673 1053 5724 eine
1069 5689 1126 5739 sup.
1140 5671 1186 5724 de.
1199 5669 1260 5734 13⁶,
1278 5670 1305 5721 in
1318 5669 1363 5721 Βαι
1483 5665 1518 5720 26
1536 5668 1655 5735 quotiens
1672 5694 1705 5703 —
1724 5669 1851 5736 progeniti

193 5771 243 5804 om.
256 5753 336 5806 Sirra
405 5755 547 5810 incurreret
558 5757 599 5810 Be

297 5844 437 5906 amorne.
1610 5844 1645 5899 26
