4538 6436
849 389 954 444 1111111
972 390 1093 461 (canu.
1113 393 1137 456 1,
1154 393 1190 460 a).

558 562 747 628 Cristallum
770 565 874 644 fluxit,
898 563 956 628 scd
980 585 1094 628 cursus
1118 565 1258 630 fluminis
1282 568 1378 632 arsit:

476 687 502 726 aa
604 667 700 741 Quod
721 667 848 755 lapides
872 668 978 749 solvit,
1002 668 1117 733 nexuit
1139 667 1329 734 Eridanum.
1355 708 1393 716 -

422 751 429 768 x
559 772 613 837 Sic
637 794 699 857 ego
722 772 921 837 rhetoricum
944 779 1107 859 temptans
1129 780 1352 840 transcurrere
1376 776 1504 858 callem,

604 875 792 961 Adgrediar
814 898 926 941 currus
950 877 1030 941 solis
1054 883 1088 941 et
1110 877 1281 962 inperium.

556 980 678 1044 Nescio
703 981 779 1065 quid
802 981 902 1044 variis
925 979 1100 1066 inpendam
1125 981 1242 1046 sideris
1265 981 1366 1063 horis,

532 1067 534 1074 ’
603 1083 726 1149 Nescio
751 1083 829 1170 quid
852 1091 998 1150 teneam:
1023 1092 1141 1149 cuncta
1163 1087 1252 1150 calor
1275 1093 1428 1173 superat„

474 1213 499 1251 aa
558 1188 713 1252 Curiata
736 1189 865 1273 pollens
889 1195 1029 1253 teretem
1052 1188 1204 1254 formavit
1226 1189 1268 1254 ad
1291 1212 1434 1276 unguem

603 1296 647 1359 Et
671 1295 816 1381 patribus
840 1293 934 1359 iussit
957 1293 1080 1359 lumina
1102 1295 1188 1360 ferre
1213 1296 1291 1358 suis.

557 1401 607 1465 Tu
630 1400 802 1464 Phoebum
825 1398 951 1463 reddis:
976 1399 1080 1462 lurnat
1102 1399 1162 1464 tibi
1186 1399 1318 1463 victima
1340 1399 1482 1485 pinguis,

604 1504 669 1568 Pro
693 1524 758 1588 qua
781 1504 962 1568 cessissent
984 1501 1119 1566 fulmine
1143 1503 1331 1569 caelicolae.

558 1609 603 1672 At
625 1608 704 1671 mihi
728 1607 783 1671 vix
806 1605 886 1671 illud
909 1606 1134 1670 transmittunt
1155 1627 1318 1692 pauperes
1342 1606 1430 1670 horti

475 1734 501 1772 so
604 1711 717 1775 Rubra
740 1709 827 1797 quod
850 1715 1022 1796 acceptum
1045 1716 1131 1774 testa
1153 1710 1276 1774 refutat
1298 1710 1405 1776 holus.

559 1817 648 1896 Sum,
671 1815 787 1894 fateor,
812 1814 905 1878 euius
929 1813 1096 1879 destillent
1120 1814 1221 1878 verba
1244 1815 1361 1894 relatu,

607 1919 699 1993 Quae
722 1918 862 1982 maciem
885 1923 1070 1982 monstrent
1091 1919 1245 2004 pauperis
1269 1919 1403 2003 ingenii.

560 2023 714 2087 Carmina
736 2022 826 2085 nulla
849 2041 942 2102 cano,
965 2043 1026 2086 nec
1049 2042 1101 2086 me
1125 2021 1314 2087 modulante
1339 2020 1501 2086 Camenas

607 2127 797 2190 Mansurum
821 2125 950 2189 dabitur
971 2125 1098 2211 pollicis
1122 2146 1179 2190 ore
1204 2126 1336 2212 sophos.

477 2251 502 2290 us
560 2229 725 2316 Quidquid
748 2228 924 2315 Apollineo
950 2228 1165 2315 loquebamur
1187 2235 1328 2315 pectine,
1353 2231 1437 2296 cessi

606 2332 737 2398 Oblitus
760 2334 905 2418 liuguae,
929 2353 1025 2417 quam
1048 2333 1127 2398 mihi
1151 2334 1206 2398 fila
1228 2334 1360 2399 dabant.

560 2437 697 2502 Rustica
721 2460 780 2524 per
802 2445 933 2502 teneras
957 2444 1044 2502 errat
1066 2438 1147 2502 mihi
1170 2437 1308 2503 dextera
1331 2438 1458 2519 cordas,

608 2542 827 2627 Confriugunt
852 2541 965 2606 dulces
987 2540 1127 2606 barbara
1149 2543 1274 2628 plectra
1295 2542 1421 2607 modos.

560 2647 590 2712 A
614 2647 765 2733 quotiens
788 2645 903 2710 vitreis
927 2644 1070 2709 Helicon
1092 2645 1173 2710 mibi
1195 2646 1291 2710 fluxit
1314 2647 1347 2710 iu
1370 2647 1482 2712 herbis

476 2774 504 2814 rc
605 2751 769 2816 Adsidens
794 2751 888 2816 labiis
912 2771 996 2836 quae
1019 2751 1096 2815 lacit
1118 2751 1206 2815 unda
1229 2752 1333 2816 sitim!

561 2856 592 2922 A
615 2856 765 2942 quotiens
789 2855 919 2920 hederis
943 2855 1112 2920 redimitus
1135 2863 1284 2942 tempora
1307 2855 1386 2920 duxi

608 2961 751 3024 Aonium
774 2960 922 3024 mulcens
946 2960 1090 3024 carmine
1114 2959 1300 3025 concilium!

561 3065 606 3129 At
626 3085 712 3129 nune
734 3085 796 3150 per
818 3064 928 3144 silvas,
951 3063 1037 3128 iuter
1059 3064 1196 3148 spelaea
1217 3062 1380 3128 ferarum

607 3170 783 3255 Agrestem
808 3175 916 3234 certus
941 3169 1060 3234 ducere
1084 3169 1242 3250 militiam,

479 3294 504 3333 a
563 3272 709 3337 Grandia
730 3293 791 3358 per
812 3273 939 3337 validos
962 3274 1155 3339 commendo
1179 3275 1304 3338 semina
1326 3273 1445 3354 sulcos,

609 3379 656 3444 Ut
677 3400 814 3464 germen
836 3378 924 3444 ritae
947 3379 1125 3443 destituant
1147 3379 1235 3460 lolia,

561 3483 686 3549 Laetea
708 3505 749 3550 ue
773 3491 918 3549 mentem
940 3483 1108 3550 denudent
1129 3483 1231 3548 verba
1254 3484 1403 3564 solutam,

609 3588 654 3652 ut
677 3588 771 3653 dictis
794 3589 901 3653 mollis
924 3587 1015 3653 dicar
1037 3594 1070 3654 et
1092 3589 1234 3673 ingenio.

562 3693 637 3756 Non
660 3692 741 3756 mihi
763 3712 823 3778 per
845 3713 978 3778 campos
1002 3691 1163 3757 discurrat
1185 3692 1297 3776 lingua
1319 3695 1470 3776 patentes

481 3818 508 3855 so
608 3796 757 3860 Mascula
779 3817 839 3860 uec
862 3795 952 3859 lituis
976 3795 1061 3859 dicta
1084 3795 1185 3859 feram
1208 3794 1373 3880 gravibus,

564 3900 614 3965 Ne
637 3921 713 3965 mea
735 3898 931 3985 grandisono
956 3900 1162 3964 flammentur
1184 3897 1282 3962 corda
1303 3905 1439 3963 coturno

611 4003 655 4067 ut
677 4003 820 4069 tumidus
844 4004 975 4090 scriptis
998 4003 1142 4068 moribus
1167 4024 1240 4067 esse
1263 4009 1370 4088 puter.

564 4107 629 4182 Qui
651 4108 729 4172 mihi
753 4114 830 4171 tunc
852 4113 987 4193 portus?
1011 4107 1132 4171 lamam
1154 4108 1237 4193 petit
1258 4107 1401 4192 undique
1424 4106 1535 4170 lector.

612 4212 678 4277 Sed
702 4211 829 4276 stabilis
852 4211 957 4298 pudor
980 4218 1040 4292 est,
1064 4212 1092 4276 si
1114 4219 1250 4292 taceam,
1274 4210 1436 4298 proprius.

481 4338 506 4375 ss
562 4317 614 4381 Tu
635 4318 763 4381 caelum
785 4322 910 4397 teneas,
933 4337 985 4380 me
1009 4316 1104 4381 terris
1127 4316 1238 4402 linque
1262 4315 1417 4400 quietum,

610 4418 673 4493 Qui
696 4420 801 4484 solum
824 4420 910 4501 novi,
933 4418 1020 4506 quod
1042 4419 1127 4484 bone
1150 4421 1197 4484 nil
1220 4418 1325 4482 didici.

532 4597 607 4604 -η

299 4749 325 4781 v.
343 4728 380 4780 21·
396 4730 453 4798 ego]
466 4749 527 4800 ergo
540 4732 582 4782 B¹
635 4733 771 4784 ratoricum
784 4733 817 4797 B,
835 4735 990 4786 rethoricum
1004 4735 1078 4786 ceteri
1165 4752 1189 4784 v.
1208 4731 1243 4785 23
1260 4735 1329 4785 horis
1345 4733 1443 4799 coast,
1461 4733 1512 4782 oris
1526 4731 1586 4782 libri
1672 4748 1696 4779 v.
1708 4727 1742 4780 24
1760 4731 1851 4782 calor·

197 4809 275 4878 (arob.
287 4815 345 4880 ilB
450 4836 474 4869 v.
492 4817 528 4869 26
546 4817 611 4886 suis]
629 4821 682 4871 tuis
695 4819 773 4871 Siras.
880 4839 905 4871 v.
924 4818 957 4871 27
976 4822 1066 4872 reddes
1078 4820 1103 4870 B
1206 4817 1279 4871 v‚28
1296 4820 1406 4870 fulmins
1423 4817 1597 4869 occillaret
1700 4834 1725 4866 v.
1738 4815 1772 4867 29
1790 4835 1851 4884 pau·

196 4918 269 4968 peres
288 4901 376 4967 Sirra,
393 4907 512 4972 pauperis
530 4907 590 4956 libri
702 4925 728 4956 v.
746 4904 902 4973 absoluat]
921 4907 1155 4959 refundatHartel
1267 4924 1291 4957 v.
1310 4903 1342 4956 31
1361 4904 1510 4957 distillantis
1622 4921 1647 4952 v.
1666 4899 1700 4952 34
1718 4904 1811 4970 sophos
1823 4904 1847 4966 b,

195 4989 355 5041 solusBVL
470 5010 494 5044 v.
513 4990 548 5044 35
566 4994 689 5060 quicquid
704 4993 730 5042 V
842 5012 867 5045 11,
885 4991 919 5045 37
939 4994 1044 5046 dextera
1061 5011 1105 5044 cor
1121 4994 1150 5044 ira
1167 4993 1203 5044 lit.
1221 4993 1247 5043 B
1361 5009 1386 5042 v.
1404 4987 1438 5041 39
1459 4988 1484 5055 a]
1502 4989 1566 5040 aha
1644 4989 1753 5041 Helicon
1776 4987 1850 5055 mihi]

195 5077 327 5128 Heliconis
345 5078 454 5142 Harrei,
476 5081 551 5132 fluxit
571 5080 612 5131 lu'e
629 5081 708 5132 mace
725 5082 777 5132 diei
794 5078 838 5146 (=
851 5081 952 5144 effudit)
971 5098 1023 5131 non
1041 5079 1249 5130 animadvertens
1388 5096 1412 5128 v.
1430 5074 1466 5128 40
1486 5076 1601 5128 arridens
1620 5075 1644 5124 V
1732 5077 1807 5127 sitem
1825 5074 1851 5126 B

195 5179 221 5212 v.
238 5160 270 5212 41
290 5181 306 5214 a
324 5181 372 5214 orn.
385 5163 418 5226 B,
435 5165 497 5216 ahb
568 5167 621 5217 dixi
635 5165 660 5215 B
764 5184 789 5216 r.
807 5163 842 5216 43
860 5162 897 5231 st]
915 5166 947 5216 ad
959 5164 985 5214 B
1088 5182 1112 5215 v.
1131 5163 1162 5214 51
1183 5171 1293 5216 cuturno
1305 5163 1331 5214 B
1438 5181 1462 5214 v.
1482 5161 1644 5214 attonitos
1712 5160 1851 5213 scribtisB

195 5266 221 5300 v.
238 5247 273 5300 56
290 5251 372 5301 dedici
384 5250 410 5300 B
