4596 6450
274 359 397 414 enxvu
409 360 532 430 (arran
541 361 566 425 4,
575 361 628 424 aa,
645 361 781 416 ccxvru
797 361 954 430 (urrani
965 363 1019 426 31),
1037 362 1148 417 ccxix
1159 363 1278 430 (crau.
1289 363 1313 426 a,
1325 363 1378 432 sor,
1394 361 1490 417 ccxx
1501 361 1622 430 (uersi.
1632 361 1718 428 132).
1767 366 1821 426 151

172 535 271 600 etiam
293 533 569 620 adstipulantibus
587 536 827 600 confirmantur.
866 558 943 620 ergo
961 544 1090 622 tempus
1106 536 1336 621 prosperitatis
1353 537 1525 622 amplexus
1542 533 1641 600 reddo
1657 534 1825 600 debendae

172 637 378 702 salutationis
401 638 566 716 allectum,
591 661 727 724 sperans
750 646 785 704 ut
802 640 887 702 cirea
911 662 962 704 me
987 639 1105 703 nobilis
1131 640 1314 724 promissio,
1338 660 1420 723 quae
1438 661 1457 702 a
1473 638 1677 724 plenitudine
1700 639 1825 722 gratiae

173 742 310 827 sumpsit
334 741 514 822 exordium,
538 743 631 825 quasi
654 743 863 807 incrementis
888 763 993 827 egena
1016 743 1209 838 geminetur.
1256 741 1338 806 vale.

777 1029 959 1098 CLXVIII
983 1032 1093 1116 (aruer.
1111 1038 1140 1112 4,
1159 1033 1223 1117 31).

790 1226 1027 1300 ENNODIVS
1054 1226 1214 1301 AVlTO.

288 1373 393 1466 Licet
419 1401 554 1464 multam
583 1401 680 1466 nobis
709 1423 769 1487 per
797 1403 924 1466 litteras
954 1402 1189 1485 magnitudinis
1214 1409 1290 1466 tuae
1314 1404 1522 1466 occasionem
1546 1401 1657 1486 gaudii
1686 1404 1858 1467 lamentat

172 1511 388 1592 pepererunt,
419 1525 492 1568 cum
523 1503 565 1567 ad
592 1503 766 1570 hilaritatis
791 1506 984 1590 obsequium
1009 1506 1107 1570 index
1131 1507 1256 1570 funeris
1280 1529 1387 1571 sermo
1412 1507 1597 1584 militasset,
1627 1527 1693 1569 non
1720 1512 1830 1571 tamen

172 1631 232 1695 par
259 1608 401 1673 lacrimis
430 1607 615 1672 iucunditas
645 1610 782 1693 contigit
805 1631 866 1673 nec
890 1609 1047 1673 maeroris
1068 1608 1236 1696 turbidum
1260 1632 1302 1674 ex
1326 1616 1395 1674 toto
1419 1609 1564 1694 adloquii
1588 1630 1705 1674 serena
1727 1610 1830 1695 depu-

172 1715 291 1777 lerunt.
336 1714 456 1778 retinet
483 1712 703 1778 adflictionem
733 1733 826 1780 meus
849 1712 890 1778 de
913 1713 996 1776 tanti
1019 1712 1211 1778 decessione
1237 1713 1398 1799 pontificis
1423 1712 1520 1777 etiam
1544 1718 1619 1798 post
1641 1712 1828 1777 desiderata

174 1817 356 1902 conloquia,
380 1816 420 1880 ob
445 1817 505 1880 boc
529 1817 605 1902 quia
628 1823 746 1880 natura
768 1839 876 1882 rerum
901 1824 962 1895 est,
986 1824 1022 1880 ut
1044 1817 1212 1904 quaelibet
1235 1817 1362 1882 laetitia
1385 1817 1435 1880 vel
1459 1815 1577 1880 modici
1600 1816 1732 1900 angoris
1754 1838 1831 1880 con-

109 1949 116 1978 ι
174 1921 296 1985 latione
319 1926 501 2006 superetur.
546 1919 603 1985 sed
627 1920 705 2004 quid
730 1942 814 1984 nova
838 1921 1145 1985 commemoratione
1171 1922 1322 1996 iacimus,
1354 1941 1436 2005 quae
1460 1919 1602 1982 animum
1626 1918 1863 1982 clandestinat

174 2024 331 2088 haetenus
354 2024 530 2089 iactatione
555 2024 772 2088 domuerunt?
813 2026 897 2088 votis
915 2025 1031 2087 vestris
1055 2046 1127 2088 cum
1151 2024 1203 2089 dei
1229 2024 1389 2089 adiutorio
1415 2024 1568 2088 comitem
1591 2045 1643 2088 mc
1667 2023 1832 2108 promitto,

176 2127 351 2192 dummodo
376 2128 466 2192 salva
490 2127 600 2194 domni
624 2149 730 2214 papae
754 2131 854 2193 nostri
877 2128 1103 2192 incolumitate
1128 2128 1228 2192 talem
1251 2149 1308 2192 vos
1333 2128 1473 2211 elegisse
1497 2147 1708 2211 cognoscam,
1735 2147 1831 2210 quem

175 2253 259 2310 eum,
284 2232 335 2295 cui
360 2231 489 2296 animae
514 2253 593 2296 cura
617 2237 677 2313 est,
701 2232 834 2297 laudere
858 2253 925 2296 non
948 2230 1080 2317 pudeat.
1119 2231 1212 2295 nefas
1238 2239 1288 2295 est
1312 2232 1398 2296 enim
1424 2230 1613 2296 credentem
1637 2228 1678 2292 ad
1702 2227 1833 2312 obliqua

174 2357 353 2420 provocare
377 2341 421 2416 et,
445 2357 541 2421 quem
562 2337 686 2402 affeetu
710 2337 893 2422 obligastis,
918 2357 977 2422 per
1000 2335 1125 2400 ineerta
1148 2335 1323 2400 deducere.
1370 2335 1454 2398 vale.

798 2643 943 2712 cmx
967 2645 1072 2730 (crau.
1090 2648 1119 2722 2,
1136 2643 1202 2726 50).

315 2838 604 2912 EPIGRAMMA
640 2841 701 2912 DE
736 2840 798 2914 EO
835 2840 918 2929 QVI
953 2839 1089 2914 FlCVS
1126 2840 1307 2912 MVNERI
1344 2838 1405 2911 ΕΤ
1438 2837 1689 2910 TESSERAM

848 2978 990 3052 SIMVL
1023 2977 1162 3051 MlSlT.

542 3145 699 3211 Damnati
721 3145 848 3210 fructus
870 3144 970 3209 mittit
992 3151 1049 3209 tua
1071 3151 1198 3210 tessera
1220 3145 1310 3230 ligni.

545 3248 639 3314 Haec
663 3249 828 3314 bominem
851 3249 922 3314 dira
945 3249 1127 3336 spoliarunt
1150 3249 1273 3335 pabula
1295 3250 1445 3334 primum,

543 3352 588 3417 Et
609 3353 714 3434 nudis,
739 3375 885 3440 serpens,
909 3359 984 3439 post
1007 3352 1139 3418 fraudes
1162 3361 1266 3418 morte
1290 3352 1433 3416 minaris.

542 3456 657 3537 Parce,
680 3479 805 3544 precor,
828 3456 937 3521 donis:
963 3477 1059 3520 cesus
1082 3461 1116 3520 et
1138 3455 1258 3519 damna
1281 3476 1423 3519 reserva.

473 3575 485 3612 ὁ
545 3559 632 3634 Quid
654 3561 804 3625 nocitura
827 3567 924 3646 putas
947 3561 1087 3624 insontis
1111 3581 1207 3646 poma
1231 3559 1350 3624 saluti?

544 3664 631 3729 Ante
654 3665 748 3729 ferax
771 3665 829 3728 leti
853 3671 930 3728 tuuc
953 3669 1092 3728 mortem
1116 3663 1242 3749 depulit
1265 3663 1371 3743 arbor,

544 3768 627 3832 Fixa
650 3768 858 3852 triumfigeris
883 3789 956 3832 curu
980 3768 1079 3832 ramis
1104 3768 1170 3831 vita
1193 3768 1362 3854 pependit.

817 4054 940 4126 CLXX
964 4056 1073 4142 (uersr.
1090 4063 1119 4132 4,
1136 4057 1201 4142 32).

661 4361 663 4366 ι
703 4337 706 4344 Ι
757 4251 994 4324 ENNODIVS
1020 4250 1268 4325 EVGENETI.

291 4398 381 4494 Non
410 4425 547 4493 aestimo
580 4450 648 4493 rem
673 4427 821 4512 obsequii
844 4428 1029 4512 frequentia
1053 4451 1148 4514 posse
1173 4431 1354 4493 ranciscere
1378 4451 1439 4494 nee
1463 4430 1622 4494 culturam
1646 4429 1865 4514 diligentiael

182 4535 258 4598 vitio
281 4532 485 4619 garrulitatis
510 4531 662 4596 adscribi.
702 4537 855 4618 suppetat
879 4531 960 4596 forte
984 4531 1025 4596 de
1050 4532 1251 4597 abstinentia
1274 4533 1468 4597 tabellarum
1493 4534 1660 4597 excusatio
1684 4532 1758 4612 illis,
1782 4532 1837 4615 qui
1884 4603 1887 4608 ,

182 4639 330 4724 publicae
354 4637 506 4702 utilitatis
531 4636 649 4700 muniis
673 4641 886 4721 occupantur:
911 4635 1040 4698 veniam
1063 4657 1128 4699 non
1152 4643 1304 4716 meretur,
1328 4638 1355 4700 si
1372 4637 1413 4700 ab
1431 4636 1617 4723 scriptionis
1641 4634 1838 4700 adsiduitate

182 4747 342 4827 temperet
364 4740 545 4806 absolutus.
590 4738 713 4823 liquido
738 4737 912 4802 confitetur
935 4739 1054 4803 amoris
1077 4741 1336 4824 neglegentiam,
1364 4741 1419 4824 qui
1442 4760 1514 4803 cum
1537 4739 1656 4825 possit,
1681 4738 1870 4823 epistulast

183 4917 409 4924 a--o—-m-
415 4916 591 4923 -——.-.--—-

287 5032 438 5103 [CLXVlll]
469 5034 485 5084 5
502 5034 599 5102 gaudia
611 5031 652 5083 B¹
756 5031 862 5083 b'indix
875 5032 918 5082 Bss
983 5051 999 5099 p
1017 5050 1068 5083 non
1085 5041 1169 5084 taureu
1183 5047 1201 5099 p
1217 5033 1244 5100 (p
1257 5034 1307 5084 del.
1320 5043 1343 5084 ct
1355 5051 1410 5100 sup.
1423 5047 1442 5099 p
1455 5051 1505 5084 scr.
1518 5031 1574 5100 par)
1587 5033 1612 5083 B
1718 5029 1732 5082 1
1751 5033 1838 5084 iocun-

184 5123 247 5174 ditas
258 5121 283 5173 Β
343 5121 451 5188 alloquii
466 5119 495 5182 V,
512 5119 634 5185 colloquii
646 5119 725 5170 Sirm.
824 5117 841 5168 8
858 5120 1023 5170 afflictionem
1041 5118 1065 5166 V
1160 5119 1176 5168 a
1194 5120 1322 5184 colloquia
1338 5118 1362 5169 V
1418 5118 1461 5184 ob}
1480 5121 1512 5170 ab
1526 5119 1605 5172 Sim.
1668 5119 1803 5170 collatione
1819 5117 1842 5166 V

186 5204 388 5260 lemausum
402 5207 427 5258 Β
532 5203 566 5255 13
584 5222 643 5257 eum
662 5205 711 5256 del.
729 5222 762 5254 ru.
781 5221 832 5256 rec.
850 5206 877 5254 in
890 5205 923 5268 B,
940 5206 1016 5255 emb
1123 5203 1154 5255 14
1172 5207 1291 5257 diducere
1308 5204 1352 5254 VL
1422 5207 1548 5256 ualeam.
1568 5204 1663 5256 Vtro

285 5308 415 5377 [CLXIX]
450 5310 551 5360 muneri
569 5307 665 5372 Sciron,
688 5324 793 5360 munere
812 5307 871 5356 lieri
1010 5325 1033 5357 v.
1055 5307 1068 5356 l
1087 5308 1201 5358 damuati
1220 5306 1271 5370 (um
1289 5307 1336 5372 bia)
1349 5307 1374 5358 Β
1474 5309 1552 5360 mittit
1570 5307 1658 5370 Sir-rra,
1680 5308 1762 5358 mittet
1780 5307 1840 5358 libri

185 5395 286 5464 tessera]
307 5400 411 5450 dextera
424 5397 502 5448 Sirra.
598 5393 651 5448 v.3
669 5397 771 5446 fraudes
786 5402 867 5445 morte
883 5394 982 5459 scripsi,
999 5395 1114 5446 baudem
1126 5402 1193 5446 sorte
1206 5395 1278 5455 libri5
1295 5396 1329 5460 cf.
1345 5393 1522 5444 CLXXXVI
1620 5389 1674 5444 v.4
1692 5393 1804 5460 dampna
1820 5392 1844 5443 V

185 5479 236 5534 nl
253 5485 427 5551 triumlcgcris
438 5480 489 5546 131,
506 5481 697 5549 triumphigeris
714 5479 739 5527 V

285 5584 401 5654 [CLXX]
431 5585 464 5638 15
479 5585 628 5652 eugenitiB
734 5582 766 5634 16
784 5583 967 5636 rancescereV
1070 5581 1101 5634 17
1118 5583 1251 5636 ascribiV
1354 5582 1386 5634 18
1405 5584 1500 5634 muniis
1515 5583 1581 5646 CPb,
1601 5580 1836 5645 munuaBVLTl,

186 5674 332 5730 munoribus
349 5671 387 5726 ΤΒ
455 5669 498 5740 ab]
517 5689 534 5723 a
548 5671 606 5722 C‘Pt
675 5670 820 5723 scribtieuis
833 5669 858 5721 Β
927 5669 1117 5722 assiduitatcV
1220 5667 1253 5718 19
1272 5669 1453 5737 negligentium
1466 5669 1491 5720 Β
