4566 6532
416 385 479 450 220
867 379 1038 438 cccxxvu
1057 379 1160 450 (ch'l.
1179 382 1216 451 d),
1234 379 1419 438 oonxxvm
1438 379 1541 448 (DIC'P.
1559 380 1615 447 20).

417 559 610 624 narrationis
633 558 779 640 exilitas,
811 557 838 622 si
861 558 971 645 opifici
995 579 1054 624 suo
1078 557 1271 643 obsequium
1294 557 1415 623 referat
1438 562 1636 622 narraturus.
1681 561 1792 642 potest
1814 555 1901 620 enim
1923 555 2071 641 linguam

413 663 586 728 facundiae
610 662 741 728 dotibus
770 683 886 728 ornare
914 663 968 749 qui
995 664 1150 744 eontulit,
1179 670 1213 727 et
1234 663 1312 727 dare
1335 661 1445 726 verbis
1469 662 1618 746 genium,
1650 680 1746 745 quem
1770 659 1911 725 fatemur
1934 659 2069 725 dedisse

385 764 612 833 dsermonem.
657 787 732 832 nam
762 766 947 854 prophetici
977 765 1099 832 dudum
1122 765 1259 831 maciem
1283 766 1364 830 iuvit
1388 765 1521 850 eloquii,
1553 764 1629 829 dum
1652 763 1694 828 ad
1717 763 1898 849 perfectam
1920 765 2070 848 magistri

414 870 637 955 eloquentiam
661 877 703 936 et,
717 870 887 935 fortissimi
910 870 1078 935 monitoris
1100 870 1211 935 tubam
1235 870 1390 934 inbecilla
1406 868 1512 955 Moysi
1528 868 1711 952 erigeretur
1725 867 1874 932 infantia:
1898 868 1953 954 qui
1969 868 2069 932 nullis

413 973 571 1057 gradibus
595 972 671 1037 dum
695 974 847 1060 peritiam
870 973 1048 1038 meditatur
1070 973 1221 1055 effloruit,
1244 993 1305 1038 nec
1320 993 1379 1060 per
1394 978 1522 1038 aetates
1539 971 1677 1036 alieuius
1693 971 1850 1036 scientiae
1867 971 1908 1035 ad
1924 993 2068 1036 messem
2138 1017 2144 1027 ·

413 1077 623 1161 perfectionis
646 1077 808 1143 aseendit:
832 1078 886 1163 qui
908 1078 963 1141 diu
986 1078 1122 1143 militem
1146 1077 1340 1143 infabricato
1364 1077 1507 1164 portavit
1523 1076 1666 1162 iugenio,
1690 1073 1833 1139 officium
1848 1074 1940 1139 ducis
1956 1076 2069 1140 iussus

382 1180 577 1265 3arripere,
608 1181 691 1267 »quia
725 1180 910 1247 verecunde
944 1183 1088 1261 rennuit,
1126 1189 1316 1248 constanter
1349 1182 1507 1267 implevit.
1560 1181 1606 1246 sic
1639 1201 1698 1243 nos
1732 1178 1945 1245 dedicationis
1981 1180 2071 1244 festa

414 1284 637 1359 celebrantes,
666 1285 753 1350 inter
776 1285 931 1372 spiritalis
953 1285 1100 1350 laetitiae
1123 1286 1210 1351 bona
1232 1286 1474 1372 praestolamur
1495 1283 1649 1370 gratiam,
1673 1283 1749 1347 dum
1771 1305 1936 1370 paremus.
1981 1285 2071 1349 absit

413 1387 552 1452 formido
582 1387 717 1470 debilis,
747 1394 956 1454 removeatur
982 1388 1104 1453 fiducia
1131 1389 1272 1454 inaniter
1294 1393 1453 1473 concepta
1474 1406 1533 1472 per
1555 1384 1710 1450 studium.
1755 1406 1815 1449 noe
1837 1385 1879 1450 de
1903 1385 2068 1452 humanae

381 1491 627 1578 dperfectionis
655 1493 824 1558 schemate
851 1514 912 1558 nee
943 1493 1180 1579 praesumimus
1210 1491 1331 1578 aliquid
1359 1511 1420 1556 nec
1449 1491 1612 1554 timemus.
1663 1489 1781 1554 deinde
1814 1491 1885 1576 quis
1913 1490 1945 1554 in
1976 1490 2068 1556 beati

411 1594 568 1660 Iohannis
591 1596 771 1681 prophetae
795 1603 829 1662 et
851 1597 1009 1682 apostoli,
1039 1597 1132 1660 cuius
1162 1597 1319 1682 templum
1348 1594 1408 1659 hoc
1436 1595 1650 1659 sanctificavit
1677 1596 1861 1678 ingressus,
1892 1596 1944 1658 vel
1974 1601 2066 1658 muta

411 1696 540 1762 dubitet
569 1719 625 1763 ora
653 1699 780 1764 laxari?
825 1700 917 1764 euius
947 1700 1055 1764 senior
1084 1701 1190 1785 gratia
1221 1721 1318 1784 quam
1348 1706 1478 1780 natura,
1509 1698 1684 1763 dumento
1708 1697 1996 1783 lucisingressum
2019 1699 2067 1784 pii

413 1801 497 1865 vatis
521 1801 693 1888 implesset
713 1803 867 1884 officium,
890 1803 989 1867 limen
1006 1803 1093 1868 vitae
1107 1803 1204 1868 huius
1220 1804 1339 1868 virtute
1356 1803 1507 1888 signavit.
1543 1823 1619 1866 nam
1634 1822 1699 1865 uno
1717 1800 1898 1886 codemque
1915 1807 2067 1887 tempore

413 1910 446 1968 et
469 1909 606 1969 matrem
628 1905 830 1972 fecunditate
853 1907 998 1972 nobilem
1020 1906 1100 1971 fecit
1124 1913 1156 1971 et
1178 1907 1362 1972 inofficiosa
1383 1906 1545 1990 genitoris
1562 1905 1650 1970 labia
1665 1905 1697 1969 in
1714 1905 1878 1990 loquelam
1894 1905 2066 1991 pristinam

411 2029 473 2073 usu
489 2017 659 2074 remeante
676 2011 860 2076 commovit.
897 2031 993 2074 nemo
1010 2010 1191 2076 Iohannem
1207 2011 1379 2075 nominans
1394 2017 1469 2096 post
1492 2010 1634 2096 exempli
1657 2009 1886 2095 praecedentis
1908 2011 2067 2075 miracula

378 2111 582 2195 bpristinam
611 2111 742 2198 linguae
765 2113 952 2178 habiturum
976 2135 1012 2179 ee
1036 2114 1220 2200 suspicetur
1242 2114 1439 2200 inperitiam.
1484 2122 1558 2199 post
1581 2114 1836 2178 sacratissimum
1859 2113 2067 2193 Zachariam,

411 2214 503 2280 cuius
533 2215 684 2281 faucibus
714 2216 882 2282 eliminata
910 2239 969 2303 per
997 2215 1084 2281 istud
1108 2214 1303 2280 vocabulum
1332 2216 1492 2280 remeavit
1514 2216 1717 2296 humanitas,
1747 2216 1789 2280 ab
1812 2216 1970 2280 universis
1994 2217 2067 2280 iure

410 2318 555 2384 creditur
588 2319 754 2385 lohannes
790 2323 958 2407 apostolus
998 2320 1102 2386 clavis
1137 2339 1210 2385 esse
1243 2319 1428 2386 verborum.
1479 2321 1512 2384 in
1547 2320 1642 2385 buius
1680 2319 1835 2384 comitatu
1867 2319 2067 2400 Antoninus,

410 2422 531 2486 vetusti
559 2421 660 2488 heroa
690 2424 829 2504 saeculi,
862 2431 896 2489 et
923 2424 1106 2490 beatissimi
1129 2422 1278 2488 Cassiani
1307 2424 1419 2488 iuncta
1450 2422 1609 2488 claritudo
1632 2423 1758 2489 faciunt
1781 2423 1822 2487 de
1846 2423 1928 2488 aede
1952 2413 2065 2488 sacra·

409 2532 570 2607 mentum,
603 2526 643 2591 de
665 2534 799 2593 terrena
820 2527 1021 2593 habitatione
1045 2527 1187 2592 caeleste
1211 2527 1401 2613 collegium,
1432 2527 1473 2592 de
1496 2549 1595 2592 manu
1617 2527 1713 2592 factis
1735 2526 1822 2613 quod
1845 2529 1935 2592 nulla
1956 2529 2063 2614 possit

377 2633 581 2694 bsencctute
597 2631 723 2695 violari.
762 2652 915 2696 occasum
938 2632 1026 2698 euim
1049 2631 1111 2696 deo
1135 2631 1246 2695 oblata
1268 2651 1333 2695 non
1356 2631 1510 2710 sentiunt,
1533 2653 1595 2696 nec
1619 2630 1660 2695 ad
1676 2637 1875 2696 vetustatem
1891 2633 2066 2696 tremulam

409 2732 531 2818 pietate
547 2733 631 2799 fulta
645 2735 829 2800 mittuntur.
868 2740 934 2800 stat
950 2734 1100 2801 soliditas
1116 2735 1298 2814 machinae,
1321 2754 1418 2820 quam
1435 2733 1584 2798 Christus
1601 2735 1793 2817 ingreditur,
1817 2741 1852 2797 et
1866 2734 2066 2817 originariae

409 2834 514 2900 oblita
535 2835 724 2922 fragilitatis
747 2837 939 2924 adipiscitur
961 2837 1002 2903 de
1028 2859 1215 2924 possessore
1232 2840 1395 2901 virtutem.
1432 2842 1520 2901 tecta
1536 2837 1614 2901 vilia
1635 2837 1676 2901 de
1699 2837 1921 2902 consecrantis
1943 2836 2065 2900 nohili-

379 2941 477 3002 7tate
501 2938 705 3019 decorantur,
731 2939 808 3004 dum
831 2942 879 3005 rei
902 2940 1044 3006 caducae
1068 2942 1208 3027 pretium
1224 2941 1375 3004 tribuitur
1390 2939 1513 3004 habere
1530 2939 1571 3004 de
1587 2939 1727 3005 domino.
1766 2947 1800 3003 tu
1817 2929 1938 3012 autem,
1960 2939 2066 3004 frater

408 3042 628 3122 sanctissime,
658 3042 753 3107 huius
781 3043 910 3108 oblator
938 3043 1094 3126 aedilicii,
1126 3044 1166 3110 de
1196 3042 1358 3108 mercedis
1384 3044 1600 3109 retributione
1630 3045 1805 3127 gratulare.
1852 3045 1957 3107 nescit
1984 3065 2063 3130 spes

407 3145 567 3228 titubare,
598 3146 650 3209 eui
672 3146 779 3211 bonae
806 3147 932 3211 fruetus
955 3149 1153 3234 promittitur
1176 3148 1324 3214 actionis.
1369 3147 1411 3211 ab
1435 3146 1593 3212 exercitio
1616 3145 1789 3210 descendit
1811 3146 2062 3211 retributionum

406 3247 537 3326 fiducia,
561 3269 621 3314 nec
645 3249 712 3314 ullo
737 3255 830 3315 nutat
853 3249 977 3316 incerto
1000 3252 1054 3335 qui
1068 3251 1241 3317 laudanda
1262 3251 1448 3316 meditatur.

1010 3542 1254 3612 cccxxvnl
1277 3543 1370 3630 (orer.
1388 3543 1454 3630 20).

672 3737 833 3812 DICTIO
867 3739 917 3813 lN
949 3739 1047 3814 EVM
1081 3739 1163 3830 QVI
1196 3739 1244 3814 lN
1280 3738 1527 3813 LVPANARI
1561 3675 1791 3812 STATVAM

980 3879 1228 3953 MINERVAE
1263 3876 1484 3952 LOCAVIT.

372 4044 385 4103 ¹
525 4019 675 4139 Semper
697 4051 958 4119 venerandorum
990 4053 1132 4120 iudicum
1160 4053 1335 4140 ancipitem
1364 4039 1529 4118 credimus
1556 4051 1657 4117 fuisse
1688 4054 1884 4119 sententiam
1912 4054 1954 4121 de
1978 4077 2058 4122 con-

402 4154 530 4220 fusione
553 4156 689 4242 peccati.
734 4157 779 4222 ibi
803 4157 991 4241 cognitoris,
1020 4177 1083 4244 quo
1107 4156 1315 4244 potissimum
1337 4162 1501 4242 vergeret,
1525 4155 1633 4222 haesit
1654 4155 1856 4239 deliberatio,
1878 4157 1934 4223 ubi
1957 4159 2059 4226 dubia

401 4259 511 4323 extitit
533 4280 604 4324 sors
628 4258 754 4336 delicti;
779 4280 855 4326 nam
877 4259 1101 4327 definitionem
1125 4259 1283 4346 aequitati
1306 4281 1483 4345 congruam
1507 4261 1591 4324 sicut
1611 4259 1692 4324 vitia
1714 4261 1888 4327 manifesta
1910 4262 2058 4348 exigunt,

400 4362 449 4426 ita
470 4362 610 4427 obscura
639 4363 853 4450 suspendunt.
898 4365 1027 4450 quaudo
1058 4365 1092 4430 in
1122 4365 1196 4430 luco
1228 4371 1277 4431 est
1305 4363 1445 4444 facinus,
1481 4363 1559 4450 quid
1588 4364 1658 4450 spei
1682 4372 1830 4431 remanet
1852 4365 2057 4432 addicendo?

371 4467 572 4554 2percipite,
603 4487 736 4553 quaeso,
760 4467 877 4532 animis
900 4474 935 4534 et
956 4470 1084 4535 interna
1107 4468 1335 4534 aestimatione
1358 4473 1508 4549 tractate,
1532 4468 1637 4553 qualis
1660 4469 1703 4532 sit
1725 4469 1781 4553 qui
1804 4476 1838 4534 et
1861 4472 2057 4557 virginitatis

400 4570 510 4634 oculos
540 4577 574 4634 et
604 4570 771 4656 lupanaris
802 4578 930 4637 secreta
959 4572 1109 4654 violavit,
1139 4577 1173 4636 et
1198 4571 1232 4635 in
1262 4577 1401 4658 utroque
1433 4572 1613 4658 sacrilegus
1641 4593 1701 4637 nec
1724 4573 1848 4658 flagitia
1870 4583 2056 4658 veneratur,

399 4673 517 4758 quibus
540 4673 705 4740 inimicam
726 4679 845 4741 testem
861 4676 1019 4757 adhibuit,
1043 4683 1077 4742 et
1092 4676 1254 4741 castitatis
1271 4677 1421 4762 profligat
1437 4675 1599 4758 ruborem,
1623 4697 1721 4761 quam
1736 4677 1879 4763 indignis
1895 4677 2055 4745 adsociat.

400 4777 574 4862 expostulo
598 4796 618 4841 a
639 4783 683 4858 te,
707 4779 840 4844 humani
863 4780 992 4866 generis
1016 4784 1192 4860 ostentum,
1222 4779 1277 4864 qui
1299 4779 1468 4844 levitatem
1492 4785 1581 4844 tuam
1604 4778 1647 4843 ad
1670 4779 1862 4866 erigendum
1884 4781 2054 4849 Minervae

400 4880 616 4946 simulacrum·
633 4881 802 4968 religionis
827 4884 934 4950 cultus
957 4884 1143 4966 adduxerit,
1167 4883 1244 4948 dum
1267 4881 1464 4969 integritatis
1487 4880 1617 4948 hostem
1639 4882 1742 4948 inlata
1764 4883 1805 4950 de
1822 4885 1883 4948 loci
1898 4883 2055 4952 foeditate

502 5157 519 5212 3
538 5160 637 5212 dudum
654 5162 735 5214 aciem
754 5163 827 5214 iubet
837 5161 864 5214 B
966 5160 985 5214 4
1002 5171 1148 5230 erogaretur
1160 5163 1186 5214 Β
1288 5161 1306 5214 5
1323 5169 1419 5215 aetates
1432 5161 1464 5227 B,
1481 5162 1574 5214 aetads
1591 5161 1667 5214 calmi
1735 5165 1858 5217 scientias
1869 5163 1903 5229 B,
1920 5165 2054 5219 scientiam

397 5246 473 5298 ederi
589 5244 605 5298 6
624 5243 679 5314 diu]
698 5249 760 5300 dum
772 5248 868 5301 Horret
983 5246 999 5300 t
1016 5250 1102 5302 renuit
1117 5249 1142 5299 V
1216 5249 1331 5317 implebit
1346 5248 1371 5299 Β
1486 5245 1504 5299 8
1520 5249 1704 5315 praestolamur
1719 5248 1744 5298 V
1855 5249 1890 5302 10
1906 5260 2017 5305 ammata
2030 5253 2057 5304 B

401 5331 432 5382 11
450 5340 476 5385 et
494 5333 602 5401 apostoli
614 5333 648 5399 B,
665 5351 714 5388 orn.
726 5335 802 5388 ceteri
870 5335 973 5388 laudem
990 5343 1050 5388 cate
1067 5336 1142 5387 cuius
1159 5336 1266 5387 insaniit
1277 5334 1373 5386 Hartel
1481 5333 1515 5386 15
1531 5336 1701 5404 praecidentis
1712 5335 1739 5386 B
1847 5335 1880 5389 18
1897 5338 2017 5390 iohannis
2029 5340 2056 5390 Β

398 5417 432 5470 19
449 5421 528 5472 beroa
542 5420 643 5487 laBt,
666 5423 768 5474 heroeb
785 5431 809 5475 et
825 5440 859 5474 m.
876 5440 926 5474 rec.
943 5424 971 5474 ia
985 5422 1010 5474 B
1095 5420 1292 5487 sacramentum]
1314 5415 1707 5488 sacrarinm'malimp.121,6
1827 5421 1862 5474 20
1879 5425 2013 5490 eolligium
2029 5425 2056 5476 Β
2100 5489 2103 5494 Ι

397 5501 432 5556 27
445 5507 594 5572 meditatur;
612 5509 639 5558 in
652 5510 755 5560 nomine
767 5510 847 5576 patris
860 5517 885 5561 et
897 5510 943 5561 tilii
955 5517 981 5561 et
993 5509 1099 5576 spiritus
1111 5509 1206 5573 seneti;
1222 5505 1226 5575 Ι
1242 5509 1299 5560 linit
1315 5509 1393 5560 dictio
1411 5510 1437 5560 in
1455 5509 1626 5572 dedicatione;
1640 5504 1645 5576 Ι
1662 5508 1758 5574 incipit
1777 5509 1804 5559 in
1822 5526 1881 5560 eum
1899 5511 1944 5576 qui
1957 5549 1962 5562 .
1974 5549 1981 5562 .
1992 5550 2015 5563 ..
2029 5512 2057 5562 Β

502 5607 701 5678 [cccxxvm]
729 5609 763 5662 32
781 5613 866 5665 dilecti
878 5613 904 5664 Β
1004 5610 1039 5664 33
1057 5612 1197 5664 addicendo
1208 5611 1242 5676 B,
1259 5612 1291 5664 ad
1308 5612 1445 5664 dicendum
1461 5611 1566 5663 VLTet
1577 5629 1610 5664 m.
1622 5629 1672 5664 rec.
1683 5613 1711 5663 ia
1725 5611 1750 5663 Β
1846 5611 1880 5664 36
1898 5615 2016 5666 roborem
2030 5617 2057 5668 B

395 5697 505 5750 macciat
523 5695 548 5746 V

2123 1515 2152 1552 10

2125 2032 2150 2069 15

2118 2554 2147 2592 90

2120 3067 2146 3106 25
