4538 6436
783 391 961 468 ΙιῙΒΕΙιΙᾸῙΒ1
975 390 1047 447 PRO
1066 390 1221 447 SYNODO.
1789 397 1827 459 51

190 560 400 645 loquerentur
422 560 613 628 exordium'.
658 562 777 628 exhinc
807 561 945 647 digressi
973 563 1131 629 bonarum
1158 584 1267 628 rerum
1297 564 1330 627 in
1357 583 1436 648 rege
1459 563 1600 629 laudatis
1624 564 1778 630 affectum
1801 570 1836 629 et
1851 567 1888 628 15

178 663 281 727 colitis
299 663 406 729 verbis
430 665 651 730 innocentiam
673 686 771 751 quam
794 666 921 732 actibus
944 667 1113 753 ignoratis,
1137 668 1164 731 si
1188 673 1298 733 tamen
1314 667 1420 730 cultus
1437 671 1487 731 est
1502 667 1537 730 in
1556 668 1702 753 loquella
1716 671 1836 749 vestra,

179 784 275 851 quam
297 767 414 831 scabro
438 786 571 834 vomere
594 769 686 833 velut
708 776 846 854 agentes
868 791 928 856 per
951 770 1082 836 devium
1105 777 1215 836 aratra
1236 769 1459 855 proscinditis,
1483 772 1641 836 marcenti
1665 772 1735 836 solo
1758 770 1837 836 lolia

178 869 445 936 commendantes
463 873 627 958 recepturi
643 893 703 957 pro
719 873 777 937 tali
793 873 948 960 inpendio
964 876 1088 961 paleas,
1112 875 1229 961 quibus
1245 873 1418 959 gehennae
1441 874 1474 938 in
1497 875 1677 959 perniciem
1693 881 1834 941 vestram

114 1029 118 1038 .
177 973 261 1058 ignis
287 975 460 1039 animetur.

285 1075 351 1142 Sed
373 1099 470 1156 nunc,
494 1084 530 1142 ut
552 1077 682 1163 quidam
704 1079 808 1144 fertur
830 1079 971 1161 dixisse,
995 1084 1090 1167 ‘quae
1113 1081 1229 1167 quibus
1252 1079 1466 1145 anteieram’?
1512 1085 1625 1146 contra
1648 1083 1833 1169 apostolum
1847 1083 1961 1166 1va

51 1215 58 1222 ·
176 1180 283 1245 dicitis
305 1181 540 1269 inpugnatores
563 1185 680 1248 summi
700 1184 863 1270 pontilicis
881 1205 946 1249 non
963 1185 1103 1267 auditos,
1127 1185 1182 1270 qui
1199 1184 1350 1250 caelestis
1366 1182 1513 1248 mandati
1529 1205 1691 1251 memores
1706 1187 1834 1272 partem
1856 1168 1989 1218 ΔΝΜ·

177 1305 269 1350 suam
286 1305 305 1350 a
320 1287 485 1351 consortio
503 1285 641 1351 adulteri
659 1286 895 1353 subduxerunt.
931 1289 983 1353 hic
1000 1310 1066 1353 non
1081 1289 1209 1354 incesso
1227 1288 1454 1373 ignorantiam,
1476 1287 1630 1353 rimosam
1643 1291 1835 1354 memoriam

176 1407 242 1453 nou
264 1409 393 1455 accuso.
437 1391 514 1455 nolo
538 1379 650 1456 dicere
674 1390 761 1476 q'uod
785 1392 934 1478 profetae
958 1392 1061 1457 verba
1086 1392 1236 1478 apostolo
1259 1391 1460 1470 contulistis,
1495 1393 1571 1477 quia
1593 1393 1669 1457 novi
1692 1399 1726 1458 et
1746 1393 1835 1480 ipsos

176 1493 344 1578 apostolos
368 1498 457 1558 reete
475 1493 621 1575 vocitari,
645 1515 727 1580 quos
752 1497 867 1560 missos
892 1516 966 1561 esse
989 1516 1054 1560 uon
1071 1516 1166 1582 nego.
1210 1494 1318 1561 David
1335 1496 1420 1559 enim
1436 1494 1529 1558 dicit:
1565 1495 1681 1560 ‘furem
1697 1495 1834 1562 videbas
1873 1491 1955 1589 {2⁸⁸¹ng

176 1603 209 1662 et
231 1597 385 1662 currebas
415 1617 489 1662 oum
513 1617 552 1663 eo
577 1604 611 1664 et
634 1603 708 1664 cum
739 1598 894 1665 adulteris
926 1601 1110 1685 portionem
1141 1604 1230 1664 tuam
1261 1596 1430 1684 ponebas'.
1475 1597 1595 1664 deinde
1625 1599 1697 1684 quis
1728 1613 1765 1664 se
1792 1598 1833 1664 de
1849 1575 1907 1661 1'1’

175 1700 231 1764 illa
260 1706 372 1766 vestra
402 1700 542 1766 enodem
569 1702 668 1767 iaciat
696 1703 906 1788 quaestione,
937 1723 1001 1789 qua
1031 1703 1154 1767 dicitis:
1189 1704 1232 1767 ‘in
1264 1702 1454 1766 criminibus
1483 1702 1622 1767 obiectis
1653 1702 1739 1789 quod
1771 1707 1835 1768 non

175 1802 363 1868 excluditur
385 1804 616 1892 adprobatur'?
663 1823 704 1872 en
727 1827 842 1873 vocem
865 1807 1034 1872 Romanae
1058 1806 1219 1872 acclesiae
1247 1804 1404 1869 militibus
1435 1811 1687 1892 congruentem,
1715 1807 1748 1870 in
1772 1815 1837 1891 qua

174 1907 302 1971 nescias
325 1914 433 1972 utrum
456 1910 547 1995 prius
570 1911 708 1975 nitorem
724 1910 894 1997 praedices
910 1931 952 1975 an
969 1931 1130 1998 saporem.
1169 1916 1309 1997 putasne
1326 1908 1464 1975 audistis
1482 1910 1564 1996 legi:
1597 1909 1695 1994 ‘qu'od
1710 1909 1988 1977 insumentum.

100 2041 123 2082 ιι
176 2016 237 2090 est,
259 2009 345 2077 iuste
362 2012 588 2098 exsequeris’?
626 2013 764 2079 audistis
781 2014 822 2079 de
839 2014 1021 2079 malefactis
1043 2014 1220 2093 hominum,
1245 2013 1273 2077 si
1295 2019 1406 2078 tamen
1429 2013 1605 2099 aliquando
1629 2014 1835 2080 conversatio

174 2112 318 2179 humana
348 2135 406 2180 vos
434 2117 555 2189 tenuit,
588 2116 744 2203 quidquid
772 2139 836 2183 non
864 2119 931 2183 suis
960 2118 1128 2183 ordinibus
1155 2116 1356 2204 adprobatur
1385 2116 1540 2182 excludi?
1585 2117 1641 2182 ubi
1674 2117 1726 2183 est
1756 2117 1837 2183 illud

174 2219 339 2303 prolatae:
375 2219 537 2284 ‘dominus
560 2220 603 2285 ad
624 2221 781 2287 iudicium
806 2223 917 2287 veniet
939 2242 1013 2287 cum
1036 2221 1169 2287 senibus
1192 2221 1306 2309 populi
1329 2218 1411 2285 sui'l
1457 2226 1491 2285 et
1513 2220 1554 2286 da
1577 2220 1671 2286 vobis
1696 2220 1831 2285 dictum:
1847 2235 1898 2282 isat.
1912 2229 1975 2290 aa.

175 2323 358 2408 ‘peccatum
380 2343 475 2388 suum
499 2324 591 2408 quasi
607 2322 769 2389 Sodomae
792 2324 1082 2410 praedicaverunt:
1107 2346 1168 2391 vae
1192 2323 1362 2390 animabus
1386 2323 1525 2390 eorum'!
1564 2324 1622 2390 sed
1645 2325 1723 2411 quid
1745 2325 1832 2390 lacto
1848 2319 1886 2383 18
1905 2332 1936 2376 n.
1950 2338 1972 2378 ⁹·

85 2443 157 2496 om
176 2445 258 2512 opus
282 2433 349 2508 est,
383 2426 534 2512 quotiens
567 2429 657 2492 nulla
686 2428 868 2514 desperatis
900 2429 1043 2495 medella
1070 2429 1243 2509 succurrit,
1275 2429 1339 2492 nisi
1362 2426 1576 2514 inploraudus
1600 2434 1651 2492 est
1674 2427 1835 2509 dominus,

96 2557 122 2596 so
175 2528 231 2614 qui
254 2530 404 2616 promisit
426 2541 486 2618 per
507 2531 684 2617 profetam,
720 2532 863 2596 loturum
893 2551 929 2596 se
957 2553 1055 2618 super
1078 2551 1207 2596 omnem
1231 2530 1409 2616 superbum
1432 2537 1465 2595 et
1489 2531 1657 2596 excelsum
1681 2535 1715 2595 et
1736 2537 1977 2616 supersessa.

175 2651 306 2696 omnem
329 2633 558 2718 adrogantem,
581 2642 618 2698 ut
640 2635 850 2699 humilietur?
896 2634 954 2700 sed
979 2634 1116 2702 fetidum
1141 2654 1223 2720 opus
1247 2633 1394 2719 vestigiis
1418 2635 1572 2720 insequar
1594 2639 1628 2699 et
1649 2625 1783 2715 ferrata,
1807 2633 1835 2697 si

176 2736 285 2816 valeo,
309 2736 399 2801 calce
422 2737 635 2819 contundam,
665 2743 701 2802 ut
723 2759 801 2803 vere
825 2737 948 2802 dicam:
984 2759 1037 2804 res
1062 2757 1135 2804 curn
1158 2759 1209 2817 re,
1233 2757 1429 2802 causacum
1453 2758 1569 2818 causa,
1591 2738 1674 2802 ratio
1698 2757 1772 2802 cunr
1795 2745 1836 2802 eu

175 2855 271 2924 quam
295 2847 412 2926 putant
433 2843 558 2906 ratione
580 2840 749 2928 pugnabit.
789 2842 960 2906 oblocutos
983 2841 1171 2907 sacerdotes
1194 2841 1481 2927 praeceptionibus
1506 2841 1604 2926 regiis
1628 2841 1778 2926 allegatis
1802 2845 1836 2906 et
1851 2845 1889 2907 19

176 2942 340 3026 quoddam
364 2944 575 3030 sacrilegium
598 2944 743 3025 creditis,
766 2945 843 3010 mali
866 2945 999 3031 aliquid,
1023 2967 1097 3010 cum
1120 2945 1297 3010 caelestem
1320 2945 1487 3024 nesciatis,
1511 2944 1551 3010 de
1568 2945 1691 3034 terreni
1714 2941 1835 3012 domini

112 3099 117 3110 .
178 3045 324 3112 iussione
347 3049 470 3131 sentiri,
495 3048 709 3136 opponendo:
744 3049 827 3135 ‘quis
845 3050 915 3134 regi
939 3049 1054 3115 debuit
1077 3049 1197 3126 dicere,
1220 3069 1340 3135 papam
1363 3047 1548 3134 oportuisse
1572 3047 1733 3133 synodum
1757 3069 1835 3114 con·

175 3157 315 3216 vocare?
360 3158 451 3218 certe
472 3151 559 3238 quod
583 3153 617 3217 in
639 3152 702 3218 hac
726 3160 820 3239 parte
847 3159 975 3218 constat
998 3155 1209 3240 exemplum?
1247 3153 1338 3217 illum
1360 3151 1551 3239 praecipue,
1575 3153 1628 3237 qui
1653 3153 1835 3218 criminosis

176 3254 351 3320 multorum
381 3257 659 3343 propositionibus
692 3259 756 3322 iam
787 3258 930 3338 iacebat,
969 3279 1067 3343 quem
1097 3258 1159 3322 hoc
1192 3256 1300 3321 luerat
1333 3255 1487 3320 damnare
1521 3255 1609 3341 quod
1640 3256 1749 3341 argui,
1786 3257 1837 3321 cul

176 3360 441 3444 praerogativam
464 3361 601 3425 caelitus
626 3360 822 3447 adscriptam
851 3361 996 3426 hostium
1025 3381 1158 3425 suorum
1188 3359 1352 3424 oblocutio
1383 3359 1447 3423 iam
1476 3357 1637 3424 tulisset‘l’
1682 3357 1723 3422 ad
1752 3358 1891 3424 han020

176 3477 235 3524 vos
258 3461 457 3527 dementiam
472 3463 633 3528 malorum
650 3470 780 3528 actuum
797 3485 857 3551 per
876 3463 999 3550 gradus
1018 3484 1095 3529 suos
1118 3463 1324 3528 incrementa
1347 3467 1529 3542 traxerunt,
1553 3468 1590 3526 ut
1612 3462 1674 3526 hoc
1698 3461 1838 3528 credatis

99 3591 125 3628 ιι
179 3585 253 3630 esse
276 3566 432 3631 lacessire
456 3566 542 3652 quod
565 3569 760 3633 convincere
783 3589 844 3633 nec
867 3566 955 3654 apud
972 3588 1031 3631 vos
1054 3567 1198 3632 habeant
1215 3588 1235 3631 a
1250 3567 1388 3631 veritate
1405 3565 1622 3632 differentiam
1645 3565 1730 3648 odia,
1755 3587 1838 3652 quae

177 3667 370 3754 plerumque
395 3676 508 3734 contra
531 3670 683 3734 meritum
714 3670 845 3756 inpetiti
876 3669 992 3735 studiis
1024 3690 1089 3734 non
1120 3670 1237 3734 rationi
1269 3669 1485 3755 obsequentia
1513 3673 1591 3735 vota
1621 3669 1838 3735 concinnant?

176 3771 233 3836 ubi
256 3777 307 3836 est
328 3771 408 3866 illud
437 3773 636 3860 ‘priusquam
659 3792 835 3859 agnoscas,
864 3794 906 3838 ne
934 3771 1103 3838 adiudiees
1133 3770 1360 3858 quemquam’?
1400 3773 1485 3838 ,olim
1508 3792 1566 3836 vos
1596 3774 1723 3859 accepit
1752 3768 1993 3877 groxssoefffifffii

178 3875 305 3961 positus
334 3875 368 3940 in
396 3876 527 3942 sinistra
558 3878 722 3963 collegas,
753 3875 840 3964 apud
868 3897 951 3962 quos
974 3897 1017 3942 ex
1040 3875 1242 3961 praeiudicio
1267 3876 1441 3962 excepisse
1464 3877 1661 3942 sententiam
1684 3875 1838 3956 creditur,

178 3979 235 4064 qui
257 3979 377 4045 meruit
403 3977 445 4044 ad
477 4001 618 4047 examen
649 3980 780 4063 adduci,
812 3986 846 4045 et
873 3980 935 4044 hoc
963 3985 1131 4046 ostreum
1161 3980 1302 4045 existere
1331 3979 1418 4064 quod
1446 3979 1563 4045 libram
1592 3979 1838 4066 disceptationis

102 4109 128 4148 ss
180 4083 314 4150 muare.

287 4187 532 4253 Praelocutioni
554 4195 665 4255 tamen
687 4191 831 4277 optimae
858 4189 1003 4256 divinum
1032 4186 1224 4253 subdidistis
1254 4186 1455 4272 exemplum,
1486 4184 1572 4271 quod
1598 4185 1645 4250 ita
1670 4182 1837 4269 quadratis
1850 4186 1888 4248 11

181 4296 308 4356 constat
330 4291 493 4377 alloquiis,
522 4296 559 4356 ut
580 4293 688 4381 ipsum
711 4294 745 4358 in
768 4316 807 4359 eo
831 4293 982 4381 Crispum
1007 4298 1120 4358 tenere
1143 4291 1265 4356 lineam
1288 4295 1394 4375 putes.
1439 4289 1617 4376 ‘peccatori
1640 4287 1719 4352 dicit
1740 4286 1835 4352 deus:
1850 4285 1931 4331 pm·

1850 4343 1862 4382 ⁴
1879 4371 1885 4392 ι

87 4437 109 4480 9,
124 4429 164 4468 ,η
183 4413 284 4478 quare
300 4401 337 4460 tu
353 4415 486 4461 enarras
509 4395 650 4462 iustitias
668 4395 790 4462 measl’
829 4397 905 4461 huic
921 4395 1008 4460 dicto
1024 4399 1237 4461 conserentes
1253 4391 1346 4478 quasi
1363 4391 1404 4456 ad
1420 4390 1608 4458 sacerdotes
1623 4389 1837 4478 apostrofam:
1863 4345 1877 4385 ⁹
1900 4346 1932 4387 m

283 4722 301 4775 2
317 4725 424 4792 loquilla
440 4725 478 4788 B,
503 4725 607 4792 loquela
628 4727 704 4778 ceteri
842 4723 859 4777 3
877 4725 977 4778 dicium
993 4723 1019 4776 B
1114 4723 1283 4790 prosoenditis
1300 4719 1345 4787 Vl,
1368 4723 1526 4790 proseudetis
1548 4720 1572 4786 (c
1589 4737 1645 4788 usp.
1664 4721 1709 4772 lisa.
1726 4733 1760 4771 m.
1773 4717 1797 4784 1)
1811 4717 1837 4771 Β

180 4825 224 4877 per
241 4809 356 4863 sindlctis
375 4812 510 4863 marcentis
527 4813 631 4863 aeaania
647 4812 709 4865 lolia
721 4811 773 4862 All
883 4809 899 4862 i
917 4811 1021 4864 auditus
1032 4808 1058 4860 B
1170 4808 1187 4861 8
1205 4825 1282 4862 suum
1293 4808 1320 4859 B
1325 4815 1340 4844 ⁰
1450 4805 1467 4859 9
1484 4807 1660 4874 prophetasad
1731 4805 1792 4874 qula
1813 4809 1839 4858 e't

180 4897 241 4948 noui
258 4893 298 4946 Vl
307 4896 333 4946 Τ
432 4894 466 4949 10
483 4899 571 4950 uocari
587 4897 684 4950 PARS
752 4915 819 4965 nego
831 4897 865 4962 B,
884 4899 970 4950 nescio
982 4897 1058 4949 cetero¹
1162 4892 1195 4945 13
1212 4896 1367 4963 approbatur
1383 4893 1407 4942 V
1466 4893 1574 4946 eclesiae
1586 4892 1612 4943 B
1717 4889 1750 4942 ld
1767 4903 1837 4959 prae·

180 4981 243 5033 dicis
254 4981 280 5032 Β
406 4980 439 5035 16
456 4984 579 5050 quicquid
593 4981 618 5032 V
699 4985 854 5051 approbatur
869 4982 895 5034 V
1017 4979 1050 5032 17
1068 4982 1205 5049 prophetae
1222 4981 1272 5032 LA
1400 4977 1434 5031 18
1451 4980 1569 5032 sodomae
1582 4977 1620 5044 B,
1643 4978 1747 5030 sodonm
1764 4979 1840 5030 ceta-i

181 5065 214 5118 19
230 5069 364 5136 dispermis
380 5069 406 5121 B
491 5070 595 5122 medilla
611 5066 662 5135 13¹,
688 5070 787 5122 medela
803 5069 879 5122 esuri
1011 5064 1047 5118 20
1065 5081 1109 5134 por
1130 5083 1179 5117 om.
1192 5065 1245 5116 ΑΒ
1333 5065 1547 5133 superbum...
1567 5101 1574 5114 .
1593 5078 1695 5116 omnem
1717 5073 1773 5128 sup.
1792 5061 1838 5113 ter.

128 5198 138 5213 ,
180 5156 263 5222 suppl.
277 5155 302 5205 Β
413 5151 448 5206 81
466 5163 628 5223 arrogantem
644 5153 668 5204 V
773 5151 808 5206 23
824 5155 953 5222 pugnauit
969 5152 995 5204 Β
1106 5148 1141 5202 26
1159 5157 1308 5202 cons-stat
1326 5149 1404 5216 (orca
1417 5147 1450 5216 si)
1463 5149 1488 5200 B
1596 5146 1631 5200 28
1648 5149 1802 5200 adscribtam
1813 5147 1839 5199 B

179 5237 213 5291 29
225 5243 289 5309 grad
297 5268 310 5294 ι
320 5259 348 5295 os
360 5240 439 5310 (eron.
449 5241 501 5308 i)B
580 5238 615 5293 30
627 5241 740 5294 hcissirs
748 5239 781 5306 B,
792 5241 917 5293 lacessere
926 5240 1001 5292 catari
1082 5235 1117 5288 32
1127 5236 1284 5290 adiudioisB
1330 5235 1453 5305 accipitB
1535 5233 1570 5288 36
1580 5236 1689 5303 optimas
1698 5233 1732 5299 B,
1744 5235 1839 5302 optime

180 5327 267 5388 ceteri,¹
284 5327 373 5394 optimi
377 5327 503 5393 sortasse,
520 5327 555 5393 cs.
563 5345 593 5393 p.
605 5331 649 5391 60,
657 5329 693 5378 28
776 5322 810 5378 37
822 5327 942 5394 Crispum
954 5324 1045 5391 scripti
1057 5322 1191 5390 (etquid,
1201 5323 1254 5390 19),
1265 5318 1513 5391 mhaipumflvt,
1525 5322 1682 5388 archisipum
1694 5317 1840 5383 morl,

179 5413 351 5484 archisippum
367 5411 434 5476 Tuo,
450 5413 609 5482 chrisippuur
620 5412 654 5477 R,
670 5413 838 5466 architectum
856 5413 1028 5480 Chrysippum
1041 5409 1138 5462 Hortcl
1242 5407 1277 5462 38
1294 5406 1448 5475 samrdotes]
1466 5409 1604 5464 martem
1620 5404 1758 5459 1¹²qu

288 5619 323 5674 25
344 5619 412 5674 Aac
435 5633 495 5690 syn.
517 5635 539 5674 c.
555 5625 587 5674 1.·
622 5618 769 5675 memorati
800 5617 957 5689 pontifices,
990 5616 1092 5686 quibus
1119 5615 1262 5686 allegandi
1288 5613 1446 5669 inminebat
1472 5610 1581 5666 occasio
1609 5608 1697 5679 (apud
1725 5609 1839 5677 regern),

182 5709 385 5775 suggesseruut,
404 5706 504 5775 ipsum,
523 5707 572 5776 qui
590 5707 737 5761 dicebatur
754 5704 899 5774 inpetitus,
918 5703 1047 5759 debuisse
1065 5702 1202 5772 synodum
1221 5715 1380 5757 convocare.

1598 5791 1611 5844 7
1617 5791 1633 5824 Ἰ
