4566 6532
554 399 761 455 ccccxxxm
780 401 902 468 (EPIST.
920 403 945 466 8,
965 403 990 470 l)
1010 419 1041 442 ·-
1062 405 1267 462 cconxxxvl
1286 409 1408 476 (EPIS'I'.
1426 412 1451 474 8,
1471 413 1522 479 10).
1800 418 1862 480 275

209 577 263 659 qui
286 597 359 640 eam
382 578 469 643 inter
491 577 715 663 inpedimenta
737 577 901 643 oblivione
925 599 989 644 non
1013 580 1130 645 obruit.
1169 582 1397 648 commendato
1420 584 1499 649 mihi
1525 585 1700 671 scriptione
1720 587 1864 653 culmine

210 687 329 761 vestra,
353 700 437 764 quae
454 687 528 745 voto
550 682 745 766 inportunus
770 684 909 747 emerui:
935 683 1082 749 custodio
1106 685 1342 750 communionis
1366 687 1471 752 bonor
1494 693 1544 752 est
1566 688 1772 774 dignitatum.
1810 691 1893 756 hist

210 805 288 869 ergo
320 785 616 869 obsequentissime
646 785 790 849 salutans
821 787 978 872 epistolas
1011 788 1172 853 brevitate
1197 791 1402 876 constringo,
1435 793 1542 856 sciens
1566 814 1664 879 posse
1686 793 1864 880 productas
1972 849 1976 854 .

210 890 344 970 horreri,
368 889 493 954 iaciens
516 896 553 953 ut
576 911 635 976 pro
659 909 710 953 mc
734 890 866 954 domino
891 893 1013 976 gratias
1037 893 1198 971 referatis,
1224 895 1276 976 qui
1302 894 1486 959 molestiam
1503 917 1599 981 quem
1615 897 1746 982 pertuli,
1771 905 1864 965 ante·

143 1019 154 1054 s.
208 1013 306 1078 quam
330 1013 402 1058 eam
426 993 555 1058 disoeno
579 994 783 1079 potuissetis,
807 994 974 1061 abstersit.

786 1249 1047 1319 oconmlv
1071 1251 1180 1338 (emer.
1197 1257 1226 1330 8,
1245 1255 1288 1340 8).

665 1430 889 1505 HELPIDIO
916 1430 1130 1504 DIACONO
1158 1430 1407 1506 ENNODIVS.

318 1541 459 1652 Quibus
485 1569 588 1635 modis
611 1570 849 1636 fraternitatem
874 1577 963 1634 tuam
987 1570 1028 1634 od
1053 1569 1261 1635 scribendum
1284 1592 1389 1657 quave
1413 1577 1483 1636 arte
1514 1573 1703 1654 sollicitem,
1732 1576 1891 1662 quandol

208 1679 305 1743 homo
321 1677 496 1742 verborum
519 1675 666 1760 locuples
688 1674 722 1737 in
745 1695 797 1738 me
820 1675 954 1740 silentia
974 1675 1150 1759 peregrina
1167 1675 1335 1740 custodis?
1374 1676 1471 1760 elegi,
1494 1683 1530 1741 ut
1546 1679 1635 1763 loqui
1652 1685 1684 1744 te
1699 1679 1864 1765 loquendo

208 1782 325 1847 faciam
355 1787 389 1846 et
417 1781 509 1845 illam
530 1777 674 1843 Atticam
706 1778 922 1842 eruditionem
955 1776 996 1842 ad
1023 1778 1182 1864 epistolae
1205 1779 1271 1842 alia
1293 1779 1484 1864 garrulitate
1507 1778 1696 1866 producam.
1741 1784 1863 1848 iustum

209 1885 284 1964 fuit,
317 1891 354 1948 ut
385 1890 435 1949 tot
466 1882 581 1947 diebus
611 1903 630 1946 a
659 1883 876 1968 promissione
905 1881 1082 1947 desisteres
1115 1889 1149 1946 et
1180 1881 1319 1968 qualiter
1353 1884 1562 1969 pervenisses
1596 1885 1688 1951 nulla
1723 1888 1863 1974 paginae

207 1989 389 2056 directione
431 1989 600 2074 signares?
653 2009 695 2052 an
731 1987 814 2052 forte
856 1989 943 2053 circe
981 2008 1033 2052 mo
1075 1987 1164 2052 illem
1198 1993 1287 2052 tuam
1324 1989 1562 2056 cautellitetem
1597 1990 1753 2056 aestimas
1788 2011 1863 2056 csse

207 2092 420 2158 servandam?
471 2089 658 2176 dedignaris
693 2092 881 2176 conloquio,
918 2112 1056 2177 quorum
1093 2092 1232 2176 gratiam
1263 2094 1365 2157 multo
1402 2092 1521 2159 sudore
1550 2095 1719 2180 quaesisti.
1764 2093 1894 2162 credet

207 2197 301 2278 mihi,
326 2197 386 2262 nisi
409 2197 451 2262 ab
476 2197 536 2261 hoc
560 2201 592 2259 tc
617 2194 697 2259 vitio
721 2195 781 2259 sub
805 2215 845 2258 oa
868 2216 932 2281 qua
955 2195 1125 2260 ambulare
1149 2196 1237 2260 soles
1262 2183 1438 2261 velocitate
1463 2196 1692 2283 suspenderis,
1724 2219 1862 2266 necesse

208 2307 274 2382 est,
314 2309 350 2364 ut
384 2301 425 2367 ad
459 2300 542 2365 alios
575 2303 687 2362 nostra
720 2299 903 2384 patrocinia
942 2299 1194 2380 transferamus,
1234 2301 1289 2384 qui
1321 2322 1483 2366 memores
1517 2303 1683 2368 constituti
1716 2324 1861 2370 amorem

142 2420 153 2454 ⁵
208 2410 421 2470 munerentur
448 2401 624 2488 obsequiis.
670 2400 721 2466 his
751 2422 829 2488 ergo
863 2403 1010 2467 salutans
1039 2403 1143 2468 amico
1175 2410 1208 2468 et
1236 2402 1362 2468 medico
1394 2404 1501 2470 indico
1524 2426 1577 2470 me
1599 2407 1691 2491 gravi
1716 2407 1862 2494 corporis

208 2509 442 2594 inaequalitate
466 2507 629 2588 laborare,
653 2527 750 2592 quam
774 2509 835 2572 nisi
860 2513 891 2572 to
915 2507 1060 2572 dictante
1085 2510 1205 2593 pagina
1227 2497 1315 2574 iocos
1334 2509 1521 2575 exhibitura
1542 2511 1715 2592 curaverit,
1738 2512 1860 2578 disten·

209 2634 278 2677 sam
302 2634 359 2697 per
381 2619 545 2678 tormenta
568 2612 716 2676 ranulam
741 2611 847 2695 longis
870 2611 1059 2676 hominibus
1083 2611 1280 2697 coaequabo.

795 2865 1036 2937 ccclxxxv
1058 2869 1167 2954 (uersu.
1184 2873 1214 2946 8,
1232 2874 1277 2950 9).

774 3047 1025 3122 MESSALAE
1052 3047 1302 3122 ENNODIVS.

327 3163 372 3257 Si
395 3193 460 3256 iam
483 3200 516 3257 te
538 3192 631 3256 iovor
653 3189 782 3254 divinus
806 3190 1015 3276 a‘proposito
1038 3190 1270 3274 neglegentiae
1294 3189 1335 3255 ad
1356 3191 1468 3257 votiva
1490 3191 1580 3256 dnoit
1603 3190 1721 3272 studia,
1746 3192 1774 3256 si
1797 3197 1891 3277 quot

128 3321 133 3335 ·
207 3301 239 3358 te
257 3316 349 3376 rena,
373 3318 437 3384 quo
459 3296 597 3360 domnus
615 3293 755 3359 Faustus
772 3302 870 3359 vocat
893 3292 1055 3374 adtendis,
1080 3299 1192 3380 optata
1215 3295 1394 3382 scriptione
1418 3315 1483 3360 non
1505 3303 1628 3361 taceas.
1672 3293 1730 3360 sed
1752 3295 1862 3374 timeo,

203 3420 245 3464 ne
276 3400 353 3466 dum
383 3387 566 3466 officiosum
597 3398 766 3481 desidero,
801 3400 981 3464 sustineam
1016 3400 1230 3465 rusticantem
1262 3406 1296 3465 et
1324 3399 1461 3486 incipiat
1487 3400 1551 3465 hoc
1579 3398 1751 3466 desideriis
1778 3399 1862 3464 meis

204 3504 357 3570 resistere
380 3504 468 3591 quod
491 3503 609 3591 cupivi.
655 3503 818 3568 caelestes
843 3503 977 3568 divitiae
1001 3503 1091 3567 illam
1114 3503 1265 3568 inertiam
1289 3504 1419 3569 stimulo
1442 3504 1574 3591 pietatis
1598 3504 1806 3569 exsuscitent
1829 3507 1864 3567 et

203 3605 447 3673 mendicitatem
480 3608 544 3672 oris
572 3607 620 3670 tui
652 3627 795 3693 superna
824 3629 887 3694 ope
920 3608 1132 3694 locupletent.
1178 3629 1257 3673 coos
1281 3609 1333 3673 vel
1357 3609 1484 3673 iniuriis
1513 3615 1708 3696 provocatus
1736 3605 1893 3671 scribel2

204 3711 343 3775 salutem
366 3731 444 3796 ergo
468 3711 581 3775 dicans
604 3731 696 3794 rogo,
720 3716 756 3774 ut
779 3710 856 3795 quid
880 3711 966 3776 circa
990 3718 1022 3774 te
1039 3712 1147 3796 agitur
1163 3711 1358 3776 tabellarum
1374 3712 1638 3796 promulgatione
1655 3732 1862 3796 cognoscam.

684 3963 686 3966 ’
771 3965 1033 4035 cuonmvl
1058 3967 1301 4052 (crrsr.·8,1d).

734 4146 926 4221 MAXIMO
945 4146 989 4220 V.
1015 4147 1053 4220 S.
1081 4145 1328 4220 ENNODIVS.

320 4261 425 4356 Beue
450 4289 662 4378 disponantur
685 4311 827 4378 superno
851 4296 930 4355 vota
952 4296 1063 4353 vestra
1085 4289 1220 4354 indicio!
1266 4289 1337 4376 ipso
1360 4287 1401 4354 ad
1423 4288 1554 4376 nuptias
1577 4293 1651 4364 tuas
1675 4286 1785 4350 veniat
1806 4285 1891 4370 quit

205 4392 308 4479 primo
330 4394 469 4479 parenti,
493 4392 570 4457 dum
594 4394 700 4460 adhuc
724 4395 837 4459 nativa
860 4393 1094 4458 inmortalitate
1118 4391 1291 4478 gauderet,
1312 4392 1553 4459 benedictionis
1573 4411 1691 4455 munus
1714 4389 1860 4455 indulsit.

309 4602 323 4654 1
343 4603 456 4656 culmina
473 4602 500 4668 (a
516 4603 595 4668 corr.)
608 4601 636 4653 B
754 4600 771 4653 2
788 4599 954 4669 inportunus]
977 4602 1052 4669 lnpor
1064 4597 1092 4652 Β
1178 4601 1362 4654 communionis
1375 4597 1403 4652 Β
1519 4598 1639 4653 4horrei
1651 4597 1702 4650 BL
1782 4597 1859 4650 tacito

204 4690 269 4742 torri
282 4689 378 4742 Hartel
481 4689 498 4742 5
515 4690 657 4758 potniseitis
669 4687 697 4740 Β

308 4790 529 4860 [commum]
557 4793 574 4844 s
592 4794 699 4862 hilpiuio
712 4791 740 4845 Β
789 4794 856 4846 suu
868 4790 902 4857 a,
919 4772 994 4847 ami
1003 4792 1048 4845 un
1143 4789 1296 4846 teucrum
1309 4789 1352 4844 Βι
1443 4791 1460 4843 s
1478 4790 1612 4858 roeuprsp·
1624 4786 1676 4853 31,
1693 4805 1723 4856 p·
1740 4788 1790 4840 uer.
1803 4795 1827 4840 a
1844 4805 1862 4838 x

203 4897 259 4946 serp.
272 4896 321 4931 ser.
334 4876 381 4931 Β2
484 4880 546 4947 eligi
558 4877 587 4931 B
691 4888 716 4933 te
736 4881 807 4949 loqui
826 4880 885 4933 01²⁶
1029 4879 1046 4931 9
1070 4875 1131 4947 alis]
1156 4879 1236 4932 letina
1252 4879 1356 4942 Herod,
1381 4878 1468 4930 italico
1484 4878 1575 4929 malim
1679 4875 1817 4943 producam
1834 4870 1863 4924 Β

206 4962 240 5016 10
256 4961 304 5031 tot]
322 4974 378 5019 tota
392 4965 438 5017 VL
507 4967 637 5019 desbmris
649 4963 677 5017 Β
746 4967 921 5034 puernenissis
939 4965 990 5033 (pr.
1009 4984 1027 5019 n
1045 4966 1096 5018 del.
1112 4983 1183 5016 mun.
1196 4963 1259 5030 ont.)
1273 4961 1310 5028 B,
1327 4964 1507 5030 pnernonisees
1523 4962 1576 5027 Vn,
1594 4978 1658 5030 puer
1675 4962 1789 5014 uenisset
1802 4959 1861 5014 OPb

205 5048 236 5101 11
256 5052 366 5120 signaris
379 5051 456 5102 BVL
530 5069 564 5104 eu
576 5049 658 5116 Bw,
676 5059 736 5104 ente
751 5050 823 5118 Μ,
840 5061 887 5106 aut
901 5052 959 5105 oPo
1033 5049 1111 5119 droa]
1130 5059 1220 5104 eontra
1233 5049 1271 5102 Po
1340 5050 1433 5102 circam
1452 5049 1524 5102 illam
1536 5045 1564 5099 Β
1633 5047 1813 5102 οιιιιίΠὶιιιοιι
1825 5043 1862 5112 Β,

203 5139 376 5190 cautelitatem
390 5137 415 5186 V
516 5136 548 5189 12
566 5139 708 5206 designaris
722 5135 750 5189 Β
819 5139 948 5206 colloquio
965 5138 987 5188 V
1049 5139 1160 5204 quaesiti
1172 5134 1201 5188 B
1307 5133 1338 5185 13
1356 5141 1382 5188 ts
1396 5151 1445 5186 om·
1460 5134 1519 5186 01³⁶
1586 5133 1679 5200 qnal',
1696 5149 1774 5199 qnam
1787 5134 1863 5184 estod

203 5226 324 5277 subolere
340 5226 401 5276 solis
411 5221 440 5275 B
492 5226 654 5279 inambulare
666 5225 730 5278 corsi.
740 5224 838 5278 Hor-tel
928 5223 960 5277 14
972 5225 1039 5276 alius
1051 5221 1079 5275 Β
1130 5222 1252 5276 constitui
1262 5219 1290 5272 Β
1378 5219 1411 5272 15
1422 5217 1549 5272 indoooB
1638 5217 1670 5270 16
1687 5217 1801 5270 laborare
1814 5213 1862 5267 Bo

204 5312 294 5378 pacina
312 5312 384 5363 iocus
396 5308 425 5362 B
530 5309 562 5362 lt
579 5311 692 5364 ranulam
706 5307 733 5361 B

308 5401 515 5473 [CCCLXXXV]
554 5403 586 5457 18
605 5406 739 5457 Ειιιιοᾱίιιιι
756 5403 911 5458 Messalaeo
1017 5399 1049 5453 19
1068 5403 1141 5454 labor
1153 5398 1182 5452 B
1251 5400 1325 5453 dnois
1340 5398 1385 5449 Vn
1494 5395 1530 5452 20
1546 5416 1598 5466 qno
1616 5406 1642 5452 te
1658 5399 1769 5450 domnus
1782 5395 1860 5449 Sinna

172 5519 174 5524 v
203 5493 294 5546 domus
309 5491 355 5544 Vn
445 5489 568 5558 Faustus]
586 5494 674 5544 tentus
686 5489 714 5542 Β
799 5490 911 5544 attendis
927 5487 951 5540 V
1035 5505 1088 5540 uon
1106 5497 1190 5540 tuom
1208 5487 1345 5555 scriptione
1362 5485 1494 5538 VLwPe
1619 5484 1651 5536 21
1671 5486 1802 5538 officiosus
1814 5481 1862 5536 B⁰

203 5579 238 5633 22
255 5583 373 5634 astaus
385 5579 414 5633 B
475 5578 589 5646 stimulo]
608 5576 740 5632 oru10B1
844 5575 878 5629 23
897 5578 1052 5645 locupletint
1071 5578 1090 5640 (i
1101 5577 1129 5627 in
1141 5593 1155 5628 e
1168 5571 1246 5640 corr.)
1259 5572 1287 5625 B
1350 5574 1393 5624 nol
1412 5591 1460 5624 our.
1474 5573 1553 5624 Shno.
1618 5569 1728 5638 iniuriis]
1748 5571 1822 5622 iuriis
1835 5567 1863 5620 Β

203 5665 236 5718 21
255 5675 349 5736 agatur
361 5667 440 5719 Siron.
510 5669 658 5720 tabularum
672 5665 752 5718 Sir-m.

309 5759 529 5830 [ccccxxxvl]
556 5759 591 5813 25
609 5761 741 5814 Ennodius
754 5759 893 5812 Maximod
990 5755 1024 5809 26
1042 5755 1157 5808 nostrad
1251 5751 1285 5804 21
1303 5755 1415 5820 gaudere
1428 5751 1456 5805 Β
1517 5751 1701 5806 benedictionis
1714 5751 1740 5812 (b
1752 5769 1783 5802 cn
1794 5749 1823 5815 b)
1834 5747 1862 5801 Β

203 5867 330 5917 supernae
348 5858 408 5902 aute
425 5849 610 5903 benedictionis
628 5847 690 5899 odd.
705 5847 764 5899 opt
1599 5836 1654 5888 35*
