<?xml version="1.0" encoding="UTF-8"?>
<!DOCTYPE html PUBLIC "-//W3C//DTD XHTML 1.0 Transitional//EN"
    "http://www.w3.org/TR/xhtml1/DTD/xhtml1-transitional.dtd">
<html xmlns="http://www.w3.org/1999/xhtml" xml:lang="en" lang="en">
 <head>
  <title>
</title>
<meta http-equiv="Content-Type" content="text/html;charset=utf-8" />
  <meta name='ocr-system' content='tesseract 3.04.00' />
  <meta name='ocr-capabilities' content='ocr_page ocr_carea ocr_par ocr_line ocrx_word'/>
</head>
<body>
  <div class='ocr_page' id='page_1' title='image "./monumentagerman06mittgoog_0129.png"; bbox 0 0 4538 6436; ppageno 0'>
   <div class='ocr_carea' id='block_1_1' title="bbox 429 405 1376 476">
    <p class='ocr_par' dir='ltr' id='par_1_1' title="bbox 429 405 1376 476">
     <span class='ocr_line' id='line_1_1' title="bbox 429 405 1376 476; baseline -0.012 -6"><span class='ocrx_word' id='word_1_1' title='bbox 429 411 470 470; x_wconf 77' lang='lat' dir='ltr'><strong>so</strong></span> <span class='ocrx_word' id='word_1_2' title='bbox 1133 405 1168 460; x_wconf 83' lang='lat' dir='ltr'><strong>n</strong></span> <span class='ocrx_word' id='word_1_3' title='bbox 1187 406 1322 474; x_wconf 76' lang='lat' dir='ltr'><strong>(eroso.</strong></span> <span class='ocrx_word' id='word_1_4' title='bbox 1340 407 1376 476; x_wconf 73' lang='lat' dir='ltr'><strong>a).</strong></span> 
     </span>
    </p>
   </div>
   <div class='ocr_carea' id='block_1_2' title="bbox 376 578 2170 3149">
    <p class='ocr_par' dir='ltr' id='par_1_2' title="bbox 430 578 2083 770">
     <span class='ocr_line' id='line_1_2' title="bbox 430 578 2083 666; baseline -0.001 -23"><span class='ocrx_word' id='word_1_5' title='bbox 430 579 633 660; x_wconf 85' lang='lat' dir='ltr'><strong>sectandum,</strong></span> <span class='ocrx_word' id='word_1_6' title='bbox 663 579 748 666; x_wconf 93' lang='lat' dir='ltr'><strong>quod</strong></span> <span class='ocrx_word' id='word_1_7' title='bbox 772 580 942 646; x_wconf 79' lang='lat' dir='ltr'><strong>statuisset</strong></span> <span class='ocrx_word' id='word_1_8' title='bbox 966 599 1082 644; x_wconf 90' lang='lat' dir='ltr'><strong>censor</strong></span> <span class='ocrx_word' id='word_1_9' title='bbox 1105 578 1290 643; x_wconf 89' lang='lat' dir='ltr'><strong>invalidus?</strong></span> <span class='ocrx_word' id='word_1_10' title='bbox 1336 579 1414 666; x_wconf 94' lang='lat' dir='ltr'><strong>quid</strong></span> <span class='ocrx_word' id='word_1_11' title='bbox 1437 579 1620 666; x_wconf 87' lang='lat' dir='ltr'><strong>praefatum</strong></span> <span class='ocrx_word' id='word_1_12' title='bbox 1643 579 1807 644; x_wconf 82' lang='lat' dir='ltr'><strong>incessitis</strong></span> <span class='ocrx_word' id='word_1_13' title='bbox 1831 578 1948 643; x_wconf 89' lang='lat' dir='ltr'><strong>canina</strong></span> <span class='ocrx_word' id='word_1_14' title='bbox 1971 578 2083 663; x_wconf 90' lang='lat' dir='ltr'><strong>loqua-</strong></span> 
     </span>
     <span class='ocr_line' id='line_1_3' title="bbox 430 680 2083 770; baseline -0.001 -24"><span class='ocrx_word' id='word_1_15' title='bbox 430 682 549 748; x_wconf 89' lang='lat' dir='ltr'><strong>citate?</strong></span> <span class='ocrx_word' id='word_1_16' title='bbox 595 684 673 770; x_wconf 88' lang='lat' dir='ltr'><strong>quid</strong></span> <span class='ocrx_word' id='word_1_17' title='bbox 705 683 834 751; x_wconf 87' lang='lat' dir='ltr'><strong>laeditis</strong></span> <span class='ocrx_word' id='word_1_18' title='bbox 868 706 932 748; x_wconf 91' lang='lat' dir='ltr'><strong>non</strong></span> <span class='ocrx_word' id='word_1_19' title='bbox 966 688 1168 748; x_wconf 88' lang='lat' dir='ltr'><strong>merentem?</strong></span> <span class='ocrx_word' id='word_1_20' title='bbox 1213 689 1323 748; x_wconf 92' lang='lat' dir='ltr'><strong>votum</strong></span> <span class='ocrx_word' id='word_1_21' title='bbox 1357 683 1428 748; x_wconf 91' lang='lat' dir='ltr'><strong>eius</strong></span> <span class='ocrx_word' id='word_1_22' title='bbox 1462 690 1514 749; x_wconf 89' lang='lat' dir='ltr'><strong>est</strong></span> <span class='ocrx_word' id='word_1_23' title='bbox 1548 682 1633 768; x_wconf 94' lang='lat' dir='ltr'><strong>quod</strong></span> <span class='ocrx_word' id='word_1_24' title='bbox 1671 688 1816 747; x_wconf 90' lang='lat' dir='ltr'><strong>vestrum</strong></span> <span class='ocrx_word' id='word_1_25' title='bbox 1852 680 1975 768; x_wconf 90' lang='lat' dir='ltr'><strong>putatis</strong></span> <span class='ocrx_word' id='word_1_26' title='bbox 2011 703 2083 746; x_wconf 90' lang='lat' dir='ltr'><strong>esse</strong></span> 
     </span>
    </p>

    <p class='ocr_par' dir='ltr' id='par_1_3' title="bbox 377 784 2150 1491">
     <span class='ocr_line' id='line_1_4' title="bbox 377 784 2082 871; baseline 0.001 -25"><span class='ocrx_word' id='word_1_27' title='bbox 377 785 597 860; x_wconf 83' lang='lat' dir='ltr'><strong>50terrorem.</strong></span> <span class='ocrx_word' id='word_1_28' title='bbox 642 786 700 852; x_wconf 88' lang='lat' dir='ltr'><strong>sed</strong></span> <span class='ocrx_word' id='word_1_29' title='bbox 729 789 867 852; x_wconf 89' lang='lat' dir='ltr'><strong>astutius</strong></span> <span class='ocrx_word' id='word_1_30' title='bbox 897 788 930 856; x_wconf 93' lang='lat' dir='ltr'><strong>in</strong></span> <span class='ocrx_word' id='word_1_31' title='bbox 953 784 1046 851; x_wconf 88' lang='lat' dir='ltr'><strong>vebis</strong></span> <span class='ocrx_word' id='word_1_32' title='bbox 1074 807 1172 871; x_wconf 89' lang='lat' dir='ltr'><strong>quam</strong></span> <span class='ocrx_word' id='word_1_33' title='bbox 1200 786 1233 850; x_wconf 91' lang='lat' dir='ltr'><strong>in</strong></span> <span class='ocrx_word' id='word_1_34' title='bbox 1255 785 1419 851; x_wconf 81' lang='lat' dir='ltr'><strong>Athenaei</strong></span> <span class='ocrx_word' id='word_1_35' title='bbox 1441 785 1639 853; x_wconf 87' lang='lat' dir='ltr'><strong>adversariis</strong></span> <span class='ocrx_word' id='word_1_36' title='bbox 1663 786 1785 852; x_wconf 78' lang='lat' dir='ltr'><strong>novelli</strong></span> <span class='ocrx_word' id='word_1_37' title='bbox 1807 785 1896 850; x_wconf 92' lang='lat' dir='ltr'><strong>virus</strong></span> <span class='ocrx_word' id='word_1_38' title='bbox 1919 785 2082 870; x_wconf 88' lang='lat' dir='ltr'><strong>serpentis</strong></span> 
     </span>
     <span class='ocr_line' id='line_1_5' title="bbox 426 887 2083 975; baseline 0.001 -21"><span class='ocrx_word' id='word_1_39' title='bbox 426 889 584 956; x_wconf 82' lang='lat' dir='ltr'><strong>insibilat.</strong></span> <span class='ocrx_word' id='word_1_40' title='bbox 620 889 669 954; x_wconf 91' lang='lat' dir='ltr'><strong>iili</strong></span> <span class='ocrx_word' id='word_1_41' title='bbox 684 891 872 956; x_wconf 90' lang='lat' dir='ltr'><strong>nescierunt</strong></span> <span class='ocrx_word' id='word_1_42' title='bbox 887 887 973 975; x_wconf 91' lang='lat' dir='ltr'><strong>qued</strong></span> <span class='ocrx_word' id='word_1_43' title='bbox 989 909 1045 953; x_wconf 89' lang='lat' dir='ltr'><strong>vos</strong></span> <span class='ocrx_word' id='word_1_44' title='bbox 1069 888 1190 974; x_wconf 89' lang='lat' dir='ltr'><strong>optime</strong></span> <span class='ocrx_word' id='word_1_45' title='bbox 1214 888 1349 970; x_wconf 89' lang='lat' dir='ltr'><strong>calletis,</strong></span> <span class='ocrx_word' id='word_1_46' title='bbox 1373 889 1513 975; x_wconf 78' lang='lat' dir='ltr'><strong>qualiter</strong></span> <span class='ocrx_word' id='word_1_47' title='bbox 1536 888 1719 975; x_wconf 89' lang='lat' dir='ltr'><strong>triumphus</strong></span> <span class='ocrx_word' id='word_1_48' title='bbox 1741 889 1913 955; x_wconf 89' lang='lat' dir='ltr'><strong>tolleretur</strong></span> <span class='ocrx_word' id='word_1_49' title='bbox 1934 887 2083 973; x_wconf 90' lang='lat' dir='ltr'><strong>inpetite.</strong></span> 
     </span>
     <span class='ocr_line' id='line_1_6' title="bbox 427 991 2150 1079; baseline 0 -23"><span class='ocrx_word' id='word_1_50' title='bbox 427 991 473 1057; x_wconf 94' lang='lat' dir='ltr'><strong>illi</strong></span> <span class='ocrx_word' id='word_1_51' title='bbox 496 1000 717 1078; x_wconf 89' lang='lat' dir='ltr'><strong>provocatum,</strong></span> <span class='ocrx_word' id='word_1_52' title='bbox 738 1014 779 1058; x_wconf 89' lang='lat' dir='ltr'><strong>ne</strong></span> <span class='ocrx_word' id='word_1_53' title='bbox 803 991 984 1058; x_wconf 89' lang='lat' dir='ltr'><strong>audiendus</strong></span> <span class='ocrx_word' id='word_1_54' title='bbox 1007 1012 1072 1058; x_wconf 90' lang='lat' dir='ltr'><strong>non</strong></span> <span class='ocrx_word' id='word_1_55' title='bbox 1095 997 1290 1072; x_wconf 91' lang='lat' dir='ltr'><strong>occurreret,</strong></span> <span class='ocrx_word' id='word_1_56' title='bbox 1312 991 1546 1058; x_wconf 85' lang='lat' dir='ltr'><strong>formidabant:</strong></span> <span class='ocrx_word' id='word_1_57' title='bbox 1570 1014 1628 1058; x_wconf 87' lang='lat' dir='ltr'><strong>vos</strong></span> <span class='ocrx_word' id='word_1_58' title='bbox 1648 1014 1771 1058; x_wconf 92' lang='lat' dir='ltr'><strong>moram</strong></span> <span class='ocrx_word' id='word_1_59' title='bbox 1794 1014 1892 1079; x_wconf 93' lang='lat' dir='ltr'><strong>quam</strong></span> <span class='ocrx_word' id='word_1_60' title='bbox 1914 991 2082 1057; x_wconf 88' lang='lat' dir='ltr'><strong>habebant</strong></span> <span class='ocrx_word' id='word_1_61' title='bbox 2145 1029 2150 1040; x_wconf 84' lang='lat'><strong>·</strong></span> 
     </span>
     <span class='ocr_line' id='line_1_7' title="bbox 428 1094 2085 1182; baseline -0.001 -21"><span class='ocrx_word' id='word_1_62' title='bbox 428 1096 582 1162; x_wconf 88' lang='lat' dir='ltr'><strong>examina</strong></span> <span class='ocrx_word' id='word_1_63' title='bbox 615 1117 680 1161; x_wconf 90' lang='lat' dir='ltr'><strong>nou</strong></span> <span class='ocrx_word' id='word_1_64' title='bbox 715 1097 860 1162; x_wconf 83' lang='lat' dir='ltr'><strong>serentes</strong></span> <span class='ocrx_word' id='word_1_65' title='bbox 891 1097 1079 1162; x_wconf 87' lang='lat' dir='ltr'><strong>venientem</strong></span> <span class='ocrx_word' id='word_1_66' title='bbox 1113 1095 1229 1161; x_wconf 89' lang='lat' dir='ltr'><strong>iaculis</strong></span> <span class='ocrx_word' id='word_1_67' title='bbox 1265 1095 1454 1182; x_wconf 85' lang='lat' dir='ltr'><strong>reppulistis</strong></span> <span class='ocrx_word' id='word_1_68' title='bbox 1487 1102 1520 1161; x_wconf 88' lang='lat' dir='ltr'><strong>et</strong></span> <span class='ocrx_word' id='word_1_69' title='bbox 1554 1095 1701 1162; x_wconf 88' lang='lat' dir='ltr'><strong>taedium</strong></span> <span class='ocrx_word' id='word_1_70' title='bbox 1730 1094 1822 1161; x_wconf 92' lang='lat' dir='ltr'><strong>vobis</strong></span> <span class='ocrx_word' id='word_1_71' title='bbox 1851 1097 1892 1161; x_wconf 92' lang='lat' dir='ltr'><strong>de</strong></span> <span class='ocrx_word' id='word_1_72' title='bbox 1922 1095 2085 1160; x_wconf 90' lang='lat' dir='ltr'><strong>sententia</strong></span> 
     </span>
     <span class='ocr_line' id='line_1_8' title="bbox 429 1198 2085 1287; baseline -0.001 -23"><span class='ocrx_word' id='word_1_73' title='bbox 429 1205 658 1287; x_wconf 89' lang='lat' dir='ltr'><strong>praeparatum</strong></span> <span class='ocrx_word' id='word_1_74' title='bbox 682 1221 845 1266; x_wconf 91' lang='lat' dir='ltr'><strong>armorum</strong></span> <span class='ocrx_word' id='word_1_75' title='bbox 867 1200 1033 1265; x_wconf 81' lang='lat' dir='ltr'><strong>ultricium</strong></span> <span class='ocrx_word' id='word_1_76' title='bbox 1059 1198 1286 1287; x_wconf 78' lang='lat' dir='ltr'><strong>adsumptione</strong></span> <span class='ocrx_word' id='word_1_77' title='bbox 1317 1199 1540 1267; x_wconf 87' lang='lat' dir='ltr'><strong>conmutastis.</strong></span> <span class='ocrx_word' id='word_1_78' title='bbox 1584 1200 1783 1264; x_wconf 83' lang='lat' dir='ltr'><strong>emulorum</strong></span> <span class='ocrx_word' id='word_1_79' title='bbox 1811 1198 2085 1278; x_wconf 81' lang='lat' dir='ltr'><strong>commemoratio,</strong></span> 
     </span>
     <span class='ocr_line' id='line_1_9' title="bbox 429 1299 2085 1392; baseline -0.001 -25"><span class='ocrx_word' id='word_1_80' title='bbox 429 1323 514 1389; x_wconf 89' lang='lat' dir='ltr'><strong>quae</strong></span> <span class='ocrx_word' id='word_1_81' title='bbox 530 1324 643 1368; x_wconf 85' lang='lat' dir='ltr'><strong>vocem</strong></span> <span class='ocrx_word' id='word_1_82' title='bbox 660 1310 694 1370; x_wconf 90' lang='lat' dir='ltr'><strong>et</strong></span> <span class='ocrx_word' id='word_1_83' title='bbox 709 1309 853 1392; x_wconf 84' lang='lat' dir='ltr'><strong>praestat</strong></span> <span class='ocrx_word' id='word_1_84' title='bbox 876 1309 909 1369; x_wconf 90' lang='lat' dir='ltr'><strong>et</strong></span> <span class='ocrx_word' id='word_1_85' title='bbox 933 1302 1068 1384; x_wconf 88' lang='lat' dir='ltr'><strong>subruit,</strong></span> <span class='ocrx_word' id='word_1_86' title='bbox 1092 1299 1168 1367; x_wconf 91' lang='lat' dir='ltr'><strong>dum</strong></span> <span class='ocrx_word' id='word_1_87' title='bbox 1193 1301 1291 1388; x_wconf 81' lang='lat' dir='ltr'><strong>(illes)</strong></span> <span class='ocrx_word' id='word_1_88' title='bbox 1316 1323 1396 1388; x_wconf 93' lang='lat' dir='ltr'><strong>quos</strong></span> <span class='ocrx_word' id='word_1_89' title='bbox 1419 1302 1452 1367; x_wconf 90' lang='lat' dir='ltr'><strong>in</strong></span> <span class='ocrx_word' id='word_1_90' title='bbox 1476 1303 1650 1368; x_wconf 90' lang='lat' dir='ltr'><strong>clamorem</strong></span> <span class='ocrx_word' id='word_1_91' title='bbox 1673 1303 1828 1388; x_wconf 84' lang='lat' dir='ltr'><strong>coegerit,</strong></span> <span class='ocrx_word' id='word_1_92' title='bbox 1852 1323 1962 1367; x_wconf 91' lang='lat' dir='ltr'><strong>eorum</strong></span> <span class='ocrx_word' id='word_1_93' title='bbox 1986 1301 2085 1367; x_wconf 90' lang='lat' dir='ltr'><strong>etiam</strong></span> 
     </span>
     <span class='ocr_line' id='line_1_10' title="bbox 429 1405 1018 1491; baseline 0 -21"><span class='ocrx_word' id='word_1_94' title='bbox 429 1405 590 1491; x_wconf 86' lang='lat' dir='ltr'><strong>gravitate</strong></span> <span class='ocrx_word' id='word_1_95' title='bbox 612 1406 692 1472; x_wconf 85' lang='lat' dir='ltr'><strong>facti</strong></span> <span class='ocrx_word' id='word_1_96' title='bbox 714 1406 815 1472; x_wconf 89' lang='lat' dir='ltr'><strong>verba</strong></span> <span class='ocrx_word' id='word_1_97' title='bbox 838 1405 1018 1472; x_wconf 81' lang='lat' dir='ltr'><strong>confundit.</strong></span> 
     </span>
    </p>

    <p class='ocr_par' dir='ltr' id='par_1_4' title="bbox 376 1506 2170 2010">
     <span class='ocr_line' id='line_1_11' title="bbox 376 1506 2161 1597; baseline -0.001 -23"><span class='ocrx_word' id='word_1_98' title='bbox 376 1506 414 1567; x_wconf 80' lang='lat'><strong>51</strong></span> <span class='ocrx_word' id='word_1_99' title='bbox 537 1508 619 1584; x_wconf 83' lang='lat' dir='ltr'><strong>Quis</strong></span> <span class='ocrx_word' id='word_1_100' title='bbox 652 1510 797 1597; x_wconf 90' lang='lat' dir='ltr'><strong>patiatur</strong></span> <span class='ocrx_word' id='word_1_101' title='bbox 824 1531 884 1576; x_wconf 93' lang='lat' dir='ltr'><strong>ves</strong></span> <span class='ocrx_word' id='word_1_102' title='bbox 918 1531 1022 1596; x_wconf 92' lang='lat' dir='ltr'><strong>aequo</strong></span> <span class='ocrx_word' id='word_1_103' title='bbox 1053 1510 1160 1574; x_wconf 88' lang='lat' dir='ltr'><strong>animo</strong></span> <span class='ocrx_word' id='word_1_104' title='bbox 1193 1508 1394 1594; x_wconf 79' lang='lat' dir='ltr'><strong>garrientes?</strong></span> <span class='ocrx_word' id='word_1_105' title='bbox 1447 1530 1526 1594; x_wconf 91' lang='lat' dir='ltr'><strong>ergo</strong></span> <span class='ocrx_word' id='word_1_106' title='bbox 1557 1530 1616 1574; x_wconf 90' lang='lat' dir='ltr'><strong>nes</strong></span> <span class='ocrx_word' id='word_1_107' title='bbox 1651 1508 1830 1574; x_wconf 90' lang='lat' dir='ltr'><strong>seeundum</strong></span> <span class='ocrx_word' id='word_1_108' title='bbox 1861 1506 2082 1574; x_wconf 87' lang='lat' dir='ltr'><strong>adsertionem</strong></span> <span class='ocrx_word' id='word_1_109' title='bbox 2137 1519 2161 1556; x_wconf 87' lang='lat'><strong>¹⁰</strong></span> 
     </span>
     <span class='ocr_line' id='line_1_12' title="bbox 428 1611 2170 1698; baseline -0.001 -20"><span class='ocrx_word' id='word_1_110' title='bbox 428 1619 572 1680; x_wconf 87' lang='lat' dir='ltr'><strong>vestram</strong></span> <span class='ocrx_word' id='word_1_111' title='bbox 595 1614 746 1680; x_wconf 89' lang='lat' dir='ltr'><strong>novellae</strong></span> <span class='ocrx_word' id='word_1_112' title='bbox 770 1614 920 1679; x_wconf 87' lang='lat' dir='ltr'><strong>utilitatis</strong></span> <span class='ocrx_word' id='word_1_113' title='bbox 944 1611 1198 1678; x_wconf 88' lang='lat' dir='ltr'><strong>commodanon</strong></span> <span class='ocrx_word' id='word_1_114' title='bbox 1222 1632 1383 1693; x_wconf 89' lang='lat' dir='ltr'><strong>amamus,</strong></span> <span class='ocrx_word' id='word_1_115' title='bbox 1406 1611 1482 1676; x_wconf 93' lang='lat' dir='ltr'><strong>dum</strong></span> <span class='ocrx_word' id='word_1_116' title='bbox 1506 1612 1648 1678; x_wconf 87' lang='lat' dir='ltr'><strong>definitis</strong></span> <span class='ocrx_word' id='word_1_117' title='bbox 1671 1612 1854 1678; x_wconf 89' lang='lat' dir='ltr'><strong>senioribus</strong></span> <span class='ocrx_word' id='word_1_118' title='bbox 1877 1618 2083 1698; x_wconf 89' lang='lat' dir='ltr'><strong>praestamus</strong></span> <span class='ocrx_word' id='word_1_119' title='bbox 2096 1634 2118 1676; x_wconf 86' lang='lat' dir='ltr'><strong>r·</strong></span> <span class='ocrx_word' id='word_1_120' title='bbox 2132 1627 2170 1668; x_wconf 66' lang='lat' dir='ltr'><strong>aa</strong></span> 
     </span>
     <span class='ocr_line' id='line_1_13' title="bbox 429 1713 2084 1803; baseline -0.003 -20"><span class='ocrx_word' id='word_1_121' title='bbox 429 1717 644 1803; x_wconf 76' lang='lat' dir='ltr'><strong>obsequium?</strong></span> <span class='ocrx_word' id='word_1_122' title='bbox 682 1717 735 1782; x_wconf 91' lang='lat' dir='ltr'><strong>bie</strong></span> <span class='ocrx_word' id='word_1_123' title='bbox 751 1723 820 1782; x_wconf 89' lang='lat' dir='ltr'><strong>teta</strong></span> <span class='ocrx_word' id='word_1_124' title='bbox 835 1716 957 1802; x_wconf 90' lang='lat' dir='ltr'><strong>ingenii</strong></span> <span class='ocrx_word' id='word_1_125' title='bbox 973 1716 1047 1780; x_wconf 90' lang='lat' dir='ltr'><strong>vela</strong></span> <span class='ocrx_word' id='word_1_126' title='bbox 1063 1713 1274 1801; x_wconf 86' lang='lat' dir='ltr'><strong>suspenditis,</strong></span> <span class='ocrx_word' id='word_1_127' title='bbox 1298 1714 1351 1780; x_wconf 93' lang='lat' dir='ltr'><strong>hie</strong></span> <span class='ocrx_word' id='word_1_128' title='bbox 1368 1717 1541 1802; x_wconf 86' lang='lat' dir='ltr'><strong>resupinae</strong></span> <span class='ocrx_word' id='word_1_129' title='bbox 1558 1715 1696 1782; x_wconf 89' lang='lat' dir='ltr'><strong>cervicis</strong></span> <span class='ocrx_word' id='word_1_130' title='bbox 1720 1737 1763 1780; x_wconf 88' lang='lat' dir='ltr'><strong>ex</strong></span> <span class='ocrx_word' id='word_1_131' title='bbox 1786 1736 1919 1782; x_wconf 88' lang='lat' dir='ltr'><strong>secessu</strong></span> <span class='ocrx_word' id='word_1_132' title='bbox 1942 1715 2084 1802; x_wconf 90' lang='lat' dir='ltr'><strong>peeteris</strong></span> 
     </span>
     <span class='ocr_line' id='line_1_14' title="bbox 431 1818 2083 1909; baseline -0.002 -24"><span class='ocrx_word' id='word_1_133' title='bbox 431 1819 585 1909; x_wconf 91' lang='lat' dir='ltr'><strong>quidquid</strong></span> <span class='ocrx_word' id='word_1_134' title='bbox 607 1819 723 1886; x_wconf 89' lang='lat' dir='ltr'><strong>babuit</strong></span> <span class='ocrx_word' id='word_1_135' title='bbox 743 1820 885 1886; x_wconf 87' lang='lat' dir='ltr'><strong>flaminis</strong></span> <span class='ocrx_word' id='word_1_136' title='bbox 909 1824 1019 1884; x_wconf 87' lang='lat' dir='ltr'><strong>ructus</strong></span> <span class='ocrx_word' id='word_1_137' title='bbox 1043 1819 1197 1885; x_wconf 90' lang='lat' dir='ltr'><strong>evomuit.</strong></span> <span class='ocrx_word' id='word_1_138' title='bbox 1237 1819 1329 1884; x_wconf 92' lang='lat' dir='ltr'><strong>aiunt</strong></span> <span class='ocrx_word' id='word_1_139' title='bbox 1351 1819 1454 1884; x_wconf 89' lang='lat' dir='ltr'><strong>enim:</strong></span> <span class='ocrx_word' id='word_1_140' title='bbox 1485 1819 1604 1906; x_wconf 83' lang='lat' dir='ltr'><strong>‘Moysi</strong></span> <span class='ocrx_word' id='word_1_141' title='bbox 1620 1843 1639 1886; x_wconf 91' lang='lat' dir='ltr'><strong>a</strong></span> <span class='ocrx_word' id='word_1_142' title='bbox 1655 1819 1746 1886; x_wconf 88' lang='lat' dir='ltr'><strong>vobis</strong></span> <span class='ocrx_word' id='word_1_143' title='bbox 1768 1819 1890 1886; x_wconf 88' lang='lat' dir='ltr'><strong>ieiunia</strong></span> <span class='ocrx_word' id='word_1_144' title='bbox 1905 1826 1939 1884; x_wconf 85' lang='lat' dir='ltr'><strong>et</strong></span> <span class='ocrx_word' id='word_1_145' title='bbox 1953 1818 2083 1884; x_wconf 90' lang='lat' dir='ltr'><strong>Helisai</strong></span> 
     </span>
     <span class='ocr_line' id='line_1_15' title="bbox 427 1920 2084 2010; baseline -0.002 -22"><span class='ocrx_word' id='word_1_146' title='bbox 427 1922 585 1989; x_wconf 87' lang='lat' dir='ltr'><strong>miracula</strong></span> <span class='ocrx_word' id='word_1_147' title='bbox 601 1944 685 2010; x_wconf 89' lang='lat' dir='ltr'><strong>quae</strong></span> <span class='ocrx_word' id='word_1_148' title='bbox 702 1925 778 2010; x_wconf 90' lang='lat' dir='ltr'><strong>egit,</strong></span> <span class='ocrx_word' id='word_1_149' title='bbox 802 1923 878 1989; x_wconf 93' lang='lat' dir='ltr'><strong>dum</strong></span> <span class='ocrx_word' id='word_1_150' title='bbox 894 1930 1056 1987; x_wconf 89' lang='lat' dir='ltr'><strong>mertuum</strong></span> <span class='ocrx_word' id='word_1_151' title='bbox 1072 1923 1253 2002; x_wconf 87' lang='lat' dir='ltr'><strong>suscitavit,</strong></span> <span class='ocrx_word' id='word_1_152' title='bbox 1271 1923 1299 1988; x_wconf 93' lang='lat' dir='ltr'><strong>si</strong></span> <span class='ocrx_word' id='word_1_153' title='bbox 1317 1943 1441 1988; x_wconf 89' lang='lat' dir='ltr'><strong>annosa</strong></span> <span class='ocrx_word' id='word_1_154' title='bbox 1456 1929 1582 1989; x_wconf 87' lang='lat' dir='ltr'><strong>tantum</strong></span> <span class='ocrx_word' id='word_1_155' title='bbox 1599 1924 1782 2002; x_wconf 87' lang='lat' dir='ltr'><strong>sectamini,</strong></span> <span class='ocrx_word' id='word_1_156' title='bbox 1806 1920 2084 1989; x_wconf 79' lang='lat' dir='ltr'><strong>condemnantur’.</strong></span> 
     </span>
    </p>

    <p class='ocr_par' dir='ltr' id='par_1_5' title="bbox 378 2025 2162 2527">
     <span class='ocr_line' id='line_1_16' title="bbox 378 2025 2162 2114; baseline 0 -27"><span class='ocrx_word' id='word_1_157' title='bbox 378 2026 419 2088; x_wconf 79' lang='lat'><strong>52</strong></span> <span class='ocrx_word' id='word_1_158' title='bbox 432 2025 509 2113; x_wconf 89' lang='lat' dir='ltr'><strong>quid</strong></span> <span class='ocrx_word' id='word_1_159' title='bbox 531 2025 584 2092; x_wconf 89' lang='lat' dir='ltr'><strong>hic</strong></span> <span class='ocrx_word' id='word_1_160' title='bbox 607 2027 742 2092; x_wconf 89' lang='lat' dir='ltr'><strong>rationis</strong></span> <span class='ocrx_word' id='word_1_161' title='bbox 769 2027 896 2092; x_wconf 89' lang='lat' dir='ltr'><strong>invenit</strong></span> <span class='ocrx_word' id='word_1_162' title='bbox 921 2033 1083 2092; x_wconf 88' lang='lat' dir='ltr'><strong>scrutator</strong></span> <span class='ocrx_word' id='word_1_163' title='bbox 1111 2026 1271 2091; x_wconf 88' lang='lat' dir='ltr'><strong>idoneus?</strong></span> <span class='ocrx_word' id='word_1_164' title='bbox 1317 2048 1382 2091; x_wconf 90' lang='lat' dir='ltr'><strong>neu</strong></span> <span class='ocrx_word' id='word_1_165' title='bbox 1410 2027 1438 2091; x_wconf 89' lang='lat' dir='ltr'><strong>si</strong></span> <span class='ocrx_word' id='word_1_166' title='bbox 1466 2027 1536 2092; x_wconf 87' lang='lat' dir='ltr'><strong>auri</strong></span> <span class='ocrx_word' id='word_1_167' title='bbox 1563 2027 1703 2114; x_wconf 87' lang='lat' dir='ltr'><strong>pallidus</strong></span> <span class='ocrx_word' id='word_1_168' title='bbox 1732 2028 1904 2114; x_wconf 90' lang='lat' dir='ltr'><strong>inquisitor</strong></span> <span class='ocrx_word' id='word_1_169' title='bbox 1926 2032 2085 2107; x_wconf 90' lang='lat' dir='ltr'><strong>occurrat,</strong></span> <span class='ocrx_word' id='word_1_170' title='bbox 2139 2050 2162 2089; x_wconf 83' lang='lat' dir='ltr'><strong>n</strong></span> 
     </span>
     <span class='ocr_line' id='line_1_17' title="bbox 429 2129 2087 2198; baseline 0 -5"><span class='ocrx_word' id='word_1_171' title='bbox 429 2130 461 2194; x_wconf 94' lang='lat' dir='ltr'><strong>in</strong></span> <span class='ocrx_word' id='word_1_172' title='bbox 493 2130 644 2196; x_wconf 91' lang='lat' dir='ltr'><strong>sensibus</strong></span> <span class='ocrx_word' id='word_1_173' title='bbox 672 2133 793 2197; x_wconf 87' lang='lat' dir='ltr'><strong>vestris</strong></span> <span class='ocrx_word' id='word_1_174' title='bbox 822 2130 994 2196; x_wconf 90' lang='lat' dir='ltr'><strong>latentium</strong></span> <span class='ocrx_word' id='word_1_175' title='bbox 1022 2151 1180 2196; x_wconf 89' lang='lat' dir='ltr'><strong>venarum</strong></span> <span class='ocrx_word' id='word_1_176' title='bbox 1214 2136 1320 2195; x_wconf 89' lang='lat' dir='ltr'><strong>metus</strong></span> <span class='ocrx_word' id='word_1_177' title='bbox 1344 2130 1491 2197; x_wconf 90' lang='lat' dir='ltr'><strong>inveniat</strong></span> <span class='ocrx_word' id='word_1_178' title='bbox 1514 2138 1547 2197; x_wconf 93' lang='lat' dir='ltr'><strong>et</strong></span> <span class='ocrx_word' id='word_1_179' title='bbox 1569 2133 1707 2198; x_wconf 90' lang='lat' dir='ltr'><strong>insuetis</strong></span> <span class='ocrx_word' id='word_1_180' title='bbox 1730 2132 1838 2198; x_wconf 90' lang='lat' dir='ltr'><strong>lucem</strong></span> <span class='ocrx_word' id='word_1_181' title='bbox 1860 2129 1995 2197; x_wconf 86' lang='lat' dir='ltr'><strong>latebris</strong></span> <span class='ocrx_word' id='word_1_182' title='bbox 2018 2150 2087 2194; x_wconf 88' lang='lat' dir='ltr'><strong>ser-</strong></span> 
     </span>
     <span class='ocr_line' id='line_1_18' title="bbox 429 2231 2086 2321; baseline -0.001 -24"><span class='ocrx_word' id='word_1_183' title='bbox 429 2253 559 2298; x_wconf 91' lang='lat' dir='ltr'><strong>monum</strong></span> <span class='ocrx_word' id='word_1_184' title='bbox 583 2234 686 2299; x_wconf 89' lang='lat' dir='ltr'><strong>fesser</strong></span> <span class='ocrx_word' id='word_1_185' title='bbox 708 2233 869 2300; x_wconf 89' lang='lat' dir='ltr'><strong>admittat.</strong></span> <span class='ocrx_word' id='word_1_186' title='bbox 908 2233 1028 2298; x_wconf 90' lang='lat' dir='ltr'><strong>idcireo</strong></span> <span class='ocrx_word' id='word_1_187' title='bbox 1052 2254 1130 2318; x_wconf 89' lang='lat' dir='ltr'><strong>ergo</strong></span> <span class='ocrx_word' id='word_1_188' title='bbox 1154 2253 1237 2298; x_wconf 88' lang='lat' dir='ltr'><strong>cana</strong></span> <span class='ocrx_word' id='word_1_189' title='bbox 1259 2233 1418 2298; x_wconf 91' lang='lat' dir='ltr'><strong>miracula</strong></span> <span class='ocrx_word' id='word_1_190' title='bbox 1439 2255 1504 2299; x_wconf 91' lang='lat' dir='ltr'><strong>nen</strong></span> <span class='ocrx_word' id='word_1_191' title='bbox 1526 2234 1713 2321; x_wconf 90' lang='lat' dir='ltr'><strong>probamus,</strong></span> <span class='ocrx_word' id='word_1_192' title='bbox 1737 2235 1764 2298; x_wconf 89' lang='lat' dir='ltr'><strong>si</strong></span> <span class='ocrx_word' id='word_1_193' title='bbox 1787 2231 1985 2298; x_wconf 90' lang='lat' dir='ltr'><strong>iuvenilibus</strong></span> <span class='ocrx_word' id='word_1_194' title='bbox 2010 2252 2086 2297; x_wconf 90' lang='lat' dir='ltr'><strong>cen-</strong></span> 
     </span>
     <span class='ocr_line' id='line_1_19' title="bbox 431 2335 2088 2424; baseline -0.001 -22"><span class='ocrx_word' id='word_1_195' title='bbox 431 2357 564 2403; x_wconf 90' lang='lat' dir='ltr'><strong>sensum</strong></span> <span class='ocrx_word' id='word_1_196' title='bbox 587 2359 651 2403; x_wconf 91' lang='lat' dir='ltr'><strong>non</strong></span> <span class='ocrx_word' id='word_1_197' title='bbox 674 2337 869 2424; x_wconf 88' lang='lat' dir='ltr'><strong>praebemus</strong></span> <span class='ocrx_word' id='word_1_198' title='bbox 893 2336 1109 2403; x_wconf 70' lang='lat' dir='ltr'><strong>excessibus?</strong></span> <span class='ocrx_word' id='word_1_199' title='bbox 1154 2337 1183 2401; x_wconf 91' lang='lat' dir='ltr'><strong>si</strong></span> <span class='ocrx_word' id='word_1_200' title='bbox 1205 2357 1336 2402; x_wconf 86' lang='lat' dir='ltr'><strong>servum</strong></span> <span class='ocrx_word' id='word_1_201' title='bbox 1360 2335 1502 2417; x_wconf 90' lang='lat' dir='ltr'><strong>domino,</strong></span> <span class='ocrx_word' id='word_1_202' title='bbox 1525 2338 1722 2424; x_wconf 88' lang='lat' dir='ltr'><strong>discipulum</strong></span> <span class='ocrx_word' id='word_1_203' title='bbox 1744 2337 1901 2423; x_wconf 85' lang='lat' dir='ltr'><strong>magistro</strong></span> <span class='ocrx_word' id='word_1_204' title='bbox 1925 2336 2088 2421; x_wconf 90' lang='lat' dir='ltr'><strong>evangelii</strong></span> 
     </span>
     <span class='ocr_line' id='line_1_20' title="bbox 429 2439 2086 2527; baseline -0.001 -21"><span class='ocrx_word' id='word_1_205' title='bbox 429 2461 592 2507; x_wconf 88' lang='lat' dir='ltr'><strong>memores</strong></span> <span class='ocrx_word' id='word_1_206' title='bbox 620 2441 849 2527; x_wconf 89' lang='lat' dir='ltr'><strong>subiugamus,</strong></span> <span class='ocrx_word' id='word_1_207' title='bbox 881 2439 1038 2526; x_wconf 90' lang='lat' dir='ltr'><strong>quidquid</strong></span> <span class='ocrx_word' id='word_1_208' title='bbox 1064 2441 1170 2526; x_wconf 91' lang='lat' dir='ltr'><strong>potuit</strong></span> <span class='ocrx_word' id='word_1_209' title='bbox 1195 2439 1353 2526; x_wconf 86' lang='lat' dir='ltr'><strong>prodesse</strong></span> <span class='ocrx_word' id='word_1_210' title='bbox 1383 2441 1612 2527; x_wconf 83' lang='lat' dir='ltr'><strong>neglegimus?</strong></span> <span class='ocrx_word' id='word_1_211' title='bbox 1657 2441 1723 2506; x_wconf 89' lang='lat' dir='ltr'><strong>alia</strong></span> <span class='ocrx_word' id='word_1_212' title='bbox 1746 2446 1836 2523; x_wconf 90' lang='lat' dir='ltr'><strong>sunt,</strong></span> <span class='ocrx_word' id='word_1_213' title='bbox 1866 2440 2086 2527; x_wconf 89' lang='lat' dir='ltr'><strong>inprobissimi</strong></span> 
     </span>
    </p>

    <p class='ocr_par' dir='ltr' id='par_1_6' title="bbox 400 2542 1748 2629">
     <span class='ocr_line' id='line_1_21' title="bbox 400 2542 1748 2629; baseline 0.001 -21"><span class='ocrx_word' id='word_1_214' title='bbox 400 2624 402 2629; x_wconf 68' lang='lat'><strong>,</strong></span> <span class='ocrx_word' id='word_1_215' title='bbox 431 2542 607 2624; x_wconf 92' lang='lat' dir='ltr'><strong>homiuum,</strong></span> <span class='ocrx_word' id='word_1_216' title='bbox 630 2563 714 2629; x_wconf 89' lang='lat' dir='ltr'><strong>quae</strong></span> <span class='ocrx_word' id='word_1_217' title='bbox 739 2543 781 2608; x_wconf 98' lang='lat' dir='ltr'><strong>ad</strong></span> <span class='ocrx_word' id='word_1_218' title='bbox 802 2565 897 2609; x_wconf 92' lang='lat' dir='ltr'><strong>usum</strong></span> <span class='ocrx_word' id='word_1_219' title='bbox 920 2549 1087 2610; x_wconf 89' lang='lat' dir='ltr'><strong>recentem</strong></span> <span class='ocrx_word' id='word_1_220' title='bbox 1112 2543 1181 2608; x_wconf 87' lang='lat' dir='ltr'><strong>sine</strong></span> <span class='ocrx_word' id='word_1_221' title='bbox 1205 2543 1324 2609; x_wconf 90' lang='lat' dir='ltr'><strong>iniuria</strong></span> <span class='ocrx_word' id='word_1_222' title='bbox 1347 2546 1520 2609; x_wconf 88' lang='lat' dir='ltr'><strong>vetustatis</strong></span> <span class='ocrx_word' id='word_1_223' title='bbox 1544 2545 1748 2611; x_wconf 86' lang='lat' dir='ltr'><strong>adhibemus.</strong></span> 
     </span>
    </p>

    <p class='ocr_par' dir='ltr' id='par_1_7' title="bbox 378 2643 2088 2943">
     <span class='ocr_line' id='line_1_22' title="bbox 378 2643 2087 2732; baseline 0.002 -26"><span class='ocrx_word' id='word_1_224' title='bbox 378 2643 418 2707; x_wconf 83' lang='lat'><strong>53</strong></span> <span class='ocrx_word' id='word_1_225' title='bbox 539 2645 665 2713; x_wconf 85' lang='lat' dir='ltr'><strong>Novam</strong></span> <span class='ocrx_word' id='word_1_226' title='bbox 688 2646 808 2713; x_wconf 88' lang='lat' dir='ltr'><strong>deinde</strong></span> <span class='ocrx_word' id='word_1_227' title='bbox 832 2647 961 2732; x_wconf 90' lang='lat' dir='ltr'><strong>culpam</strong></span> <span class='ocrx_word' id='word_1_228' title='bbox 984 2652 1017 2712; x_wconf 90' lang='lat' dir='ltr'><strong>et</strong></span> <span class='ocrx_word' id='word_1_229' title='bbox 1040 2667 1138 2732; x_wconf 91' lang='lat' dir='ltr'><strong>quam</strong></span> <span class='ocrx_word' id='word_1_230' title='bbox 1166 2646 1375 2732; x_wconf 90' lang='lat' dir='ltr'><strong>investigatio</strong></span> <span class='ocrx_word' id='word_1_231' title='bbox 1404 2653 1516 2713; x_wconf 87' lang='lat' dir='ltr'><strong>nestra</strong></span> <span class='ocrx_word' id='word_1_232' title='bbox 1544 2650 1718 2715; x_wconf 88' lang='lat' dir='ltr'><strong>transierat</strong></span> <span class='ocrx_word' id='word_1_233' title='bbox 1744 2648 1939 2714; x_wconf 84' lang='lat' dir='ltr'><strong>reclusistis:</strong></span> <span class='ocrx_word' id='word_1_234' title='bbox 1974 2649 2087 2731; x_wconf 88' lang='lat' dir='ltr'><strong>‘quare</strong></span> 
     </span>
     <span class='ocr_line' id='line_1_23' title="bbox 432 2747 2088 2839; baseline -0.001 -24"><span class='ocrx_word' id='word_1_235' title='bbox 432 2770 518 2837; x_wconf 89' lang='lat' dir='ltr'><strong>papa</strong></span> <span class='ocrx_word' id='word_1_236' title='bbox 541 2749 612 2816; x_wconf 91' lang='lat' dir='ltr'><strong>sine</strong></span> <span class='ocrx_word' id='word_1_237' title='bbox 641 2751 784 2839; x_wconf 87' lang='lat' dir='ltr'><strong>exempli</strong></span> <span class='ocrx_word' id='word_1_238' title='bbox 816 2747 964 2815; x_wconf 88' lang='lat' dir='ltr'><strong>instituto</strong></span> <span class='ocrx_word' id='word_1_239' title='bbox 994 2750 1222 2837; x_wconf 88' lang='lat' dir='ltr'><strong>praecedentis</strong></span> <span class='ocrx_word' id='word_1_240' title='bbox 1241 2748 1412 2836; x_wconf 50' lang='lat' dir='ltr'><strong>‘synodum</strong></span> <span class='ocrx_word' id='word_1_241' title='bbox 1444 2753 1647 2832; x_wconf 89' lang='lat' dir='ltr'><strong>convocavit,</strong></span> <span class='ocrx_word' id='word_1_242' title='bbox 1679 2758 1716 2816; x_wconf 90' lang='lat' dir='ltr'><strong>ut</strong></span> <span class='ocrx_word' id='word_1_243' title='bbox 1744 2752 1785 2817; x_wconf 90' lang='lat' dir='ltr'><strong>de</strong></span> <span class='ocrx_word' id='word_1_244' title='bbox 1817 2751 1989 2817; x_wconf 88' lang='lat' dir='ltr'><strong>eriminum</strong></span> <span class='ocrx_word' id='word_1_245' title='bbox 2017 2749 2088 2814; x_wconf 88' lang='lat' dir='ltr'><strong>eius</strong></span> 
     </span>
     <span class='ocr_line' id='line_1_24' title="bbox 431 2851 2088 2943; baseline -0.001 -25"><span class='ocrx_word' id='word_1_246' title='bbox 431 2851 611 2920; x_wconf 89' lang='lat' dir='ltr'><strong>obiectione</strong></span> <span class='ocrx_word' id='word_1_247' title='bbox 643 2851 888 2940; x_wconf 66' lang='lat' dir='ltr'><strong>cognesceret?</strong></span> <span class='ocrx_word' id='word_1_248' title='bbox 939 2860 1014 2941; x_wconf 88' lang='lat' dir='ltr'><strong>post</strong></span> <span class='ocrx_word' id='word_1_249' title='bbox 1042 2853 1124 2918; x_wconf 89' lang='lat' dir='ltr'><strong>haee</strong></span> <span class='ocrx_word' id='word_1_250' title='bbox 1151 2874 1210 2918; x_wconf 90' lang='lat' dir='ltr'><strong>nos</strong></span> <span class='ocrx_word' id='word_1_251' title='bbox 1241 2853 1396 2920; x_wconf 85' lang='lat' dir='ltr'><strong>falsitatis</strong></span> <span class='ocrx_word' id='word_1_252' title='bbox 1428 2856 1580 2940; x_wconf 86' lang='lat' dir='ltr'><strong>arguitis,</strong></span> <span class='ocrx_word' id='word_1_253' title='bbox 1615 2877 1673 2920; x_wconf 90' lang='lat' dir='ltr'><strong>eur</strong></span> <span class='ocrx_word' id='word_1_254' title='bbox 1703 2856 1904 2943; x_wconf 87' lang='lat' dir='ltr'><strong>aprineipe‚</strong></span> <span class='ocrx_word' id='word_1_255' title='bbox 1939 2873 2023 2939; x_wconf 87' lang='lat' dir='ltr'><strong>quae</strong></span> <span class='ocrx_word' id='word_1_256' title='bbox 2055 2853 2088 2916; x_wconf 92' lang='lat' dir='ltr'><strong>in</strong></span> 
     </span>
    </p>

    <p class='ocr_par' dir='ltr' id='par_1_8' title="bbox 378 2956 2151 3149">
     <span class='ocr_line' id='line_1_25' title="bbox 378 2956 2087 3045; baseline 0 -25"><span class='ocrx_word' id='word_1_257' title='bbox 378 2957 581 3044; x_wconf 83' lang='lat' dir='ltr'><strong>54praefate</strong></span> <span class='ocrx_word' id='word_1_258' title='bbox 604 2959 735 3044; x_wconf 88' lang='lat' dir='ltr'><strong>negotio</strong></span> <span class='ocrx_word' id='word_1_259' title='bbox 759 2958 880 3045; x_wconf 89' lang='lat' dir='ltr'><strong>scripta</strong></span> <span class='ocrx_word' id='word_1_260' title='bbox 904 2963 989 3038; x_wconf 90' lang='lat' dir='ltr'><strong>sunt,</strong></span> <span class='ocrx_word' id='word_1_261' title='bbox 1014 2957 1149 3023; x_wconf 89' lang='lat' dir='ltr'><strong>dicimus</strong></span> <span class='ocrx_word' id='word_1_262' title='bbox 1172 2959 1347 3045; x_wconf 89' lang='lat' dir='ltr'><strong>postulata.</strong></span> <span class='ocrx_word' id='word_1_263' title='bbox 1391 2965 1536 3045; x_wconf 89' lang='lat' dir='ltr'><strong>praesta,</strong></span> <span class='ocrx_word' id='word_1_264' title='bbox 1567 2958 1708 3042; x_wconf 90' lang='lat' dir='ltr'><strong>domine,</strong></span> <span class='ocrx_word' id='word_1_265' title='bbox 1737 2965 1774 3023; x_wconf 91' lang='lat' dir='ltr'><strong>ut</strong></span> <span class='ocrx_word' id='word_1_266' title='bbox 1792 2956 1968 3044; x_wconf 83' lang='lat' dir='ltr'><strong>labyrinthi</strong></span> <span class='ocrx_word' id='word_1_267' title='bbox 1991 2956 2087 3021; x_wconf 92' lang='lat' dir='ltr'><strong>huius</strong></span> 
     </span>
     <span class='ocr_line' id='line_1_26' title="bbox 434 3061 2151 3149; baseline -0.002 -24"><span class='ocrx_word' id='word_1_268' title='bbox 434 3061 504 3126; x_wconf 90' lang='lat' dir='ltr'><strong>sine</strong></span> <span class='ocrx_word' id='word_1_269' title='bbox 528 3081 635 3128; x_wconf 89' lang='lat' dir='ltr'><strong>errore</strong></span> <span class='ocrx_word' id='word_1_270' title='bbox 660 3061 810 3127; x_wconf 89' lang='lat' dir='ltr'><strong>sinuosos</strong></span> <span class='ocrx_word' id='word_1_271' title='bbox 833 3082 1025 3148; x_wconf 89' lang='lat' dir='ltr'><strong>superemus</strong></span> <span class='ocrx_word' id='word_1_272' title='bbox 1047 3061 1238 3140; x_wconf 88' lang='lat' dir='ltr'><strong>amfractus;</strong></span> <span class='ocrx_word' id='word_1_273' title='bbox 1261 3061 1365 3148; x_wconf 91' lang='lat' dir='ltr'><strong>dirige</strong></span> <span class='ocrx_word' id='word_1_274' title='bbox 1388 3063 1556 3145; x_wconf 86' lang='lat' dir='ltr'><strong>semitam,</strong></span> <span class='ocrx_word' id='word_1_275' title='bbox 1580 3084 1677 3149; x_wconf 89' lang='lat' dir='ltr'><strong>quam</strong></span> <span class='ocrx_word' id='word_1_276' title='bbox 1697 3064 1817 3128; x_wconf 86' lang='lat' dir='ltr'><strong>flexilis</strong></span> <span class='ocrx_word' id='word_1_277' title='bbox 1842 3062 1977 3128; x_wconf 89' lang='lat' dir='ltr'><strong>coluber</strong></span> <span class='ocrx_word' id='word_1_278' title='bbox 1995 3062 2088 3127; x_wconf 80' lang='lat' dir='ltr'><strong>iuxta</strong></span> <span class='ocrx_word' id='word_1_279' title='bbox 2139 3081 2151 3122; x_wconf 76' lang='lat' dir='ltr'><strong>e</strong></span> 
     </span>
    </p>
   </div>
   <div class='ocr_carea' id='block_1_3' title="bbox 277 3165 2088 3255">
    <p class='ocr_par' dir='ltr' id='par_1_9' title="bbox 277 3165 2088 3255">
     <span class='ocr_line' id='line_1_27' title="bbox 277 3165 2088 3255; baseline -0.001 -25"><span class='ocrx_word' id='word_1_280' title='bbox 277 3165 588 3232; x_wconf 67' lang='lat' dir='ltr'><strong>rumas-fabricam</strong></span> <span class='ocrx_word' id='word_1_281' title='bbox 617 3167 742 3254; x_wconf 92' lang='lat' dir='ltr'><strong>proprii</strong></span> <span class='ocrx_word' id='word_1_282' title='bbox 775 3166 917 3255; x_wconf 89' lang='lat' dir='ltr'><strong>corporis</strong></span> <span class='ocrx_word' id='word_1_283' title='bbox 947 3172 1004 3231; x_wconf 90' lang='lat' dir='ltr'><strong>aut</strong></span> <span class='ocrx_word' id='word_1_284' title='bbox 1030 3167 1149 3232; x_wconf 87' lang='lat' dir='ltr'><strong>mentis</strong></span> <span class='ocrx_word' id='word_1_285' title='bbox 1181 3172 1347 3253; x_wconf 89' lang='lat' dir='ltr'><strong>operatur,</strong></span> <span class='ocrx_word' id='word_1_286' title='bbox 1378 3173 1416 3230; x_wconf 90' lang='lat' dir='ltr'><strong>ut</strong></span> <span class='ocrx_word' id='word_1_287' title='bbox 1442 3187 1519 3232; x_wconf 88' lang='lat' dir='ltr'><strong>vere</strong></span> <span class='ocrx_word' id='word_1_288' title='bbox 1550 3165 1709 3232; x_wconf 89' lang='lat' dir='ltr'><strong>dicamus:</strong></span> <span class='ocrx_word' id='word_1_289' title='bbox 1743 3166 1905 3232; x_wconf 89' lang='lat' dir='ltr'><strong>‘dominus</strong></span> <span class='ocrx_word' id='word_1_290' title='bbox 1933 3166 2088 3230; x_wconf 91' lang='lat' dir='ltr'><strong>virtutum</strong></span> 
     </span>
    </p>
   </div>
   <div class='ocr_carea' id='block_1_4' title="bbox 315 3262 2089 3368">
    <p class='ocr_par' dir='ltr' id='par_1_10' title="bbox 315 3262 2089 3368">
     <span class='ocr_line' id='line_1_28' title="bbox 315 3262 2089 3368; baseline -0.001 -34"><span class='ocrx_word' id='word_1_291' title='bbox 315 3262 395 3368; x_wconf 41' lang='lat'><strong>,¹2⁰3</strong></span> <span class='ocrx_word' id='word_1_292' title='bbox 431 3269 611 3352; x_wconf 87' lang='lat' dir='ltr'><strong>nobiseum,</strong></span> <span class='ocrx_word' id='word_1_293' title='bbox 648 3270 775 3336; x_wconf 89' lang='lat' dir='ltr'><strong>adiutor</strong></span> <span class='ocrx_word' id='word_1_294' title='bbox 801 3278 912 3336; x_wconf 90' lang='lat' dir='ltr'><strong>nester</strong></span> <span class='ocrx_word' id='word_1_295' title='bbox 938 3270 1020 3337; x_wconf 89' lang='lat' dir='ltr'><strong>deus</strong></span> <span class='ocrx_word' id='word_1_296' title='bbox 1044 3269 1165 3352; x_wconf 87' lang='lat' dir='ltr'><strong>Iaeob’,</strong></span> <span class='ocrx_word' id='word_1_297' title='bbox 1203 3277 1236 3337; x_wconf 90' lang='lat' dir='ltr'><strong>et</strong></span> <span class='ocrx_word' id='word_1_298' title='bbox 1265 3291 1338 3337; x_wconf 88' lang='lat' dir='ltr'><strong>eum</strong></span> <span class='ocrx_word' id='word_1_299' title='bbox 1362 3269 1540 3336; x_wconf 82' lang='lat' dir='ltr'><strong>Solomone</strong></span> <span class='ocrx_word' id='word_1_300' title='bbox 1574 3271 1760 3337; x_wconf 85' lang='lat' dir='ltr'><strong>exultemus</strong></span> <span class='ocrx_word' id='word_1_301' title='bbox 1792 3271 1938 3336; x_wconf 86' lang='lat' dir='ltr'><strong>dicente:</strong></span> <span class='ocrx_word' id='word_1_302' title='bbox 1973 3275 2089 3356; x_wconf 82' lang='lat' dir='ltr'><strong>‘equus</strong></span> 
     </span>
    </p>
   </div>
   <div class='ocr_carea' id='block_1_5' title="bbox 379 3373 2089 3463">
    <p class='ocr_par' dir='ltr' id='par_1_11' title="bbox 379 3373 2089 3463">
     <span class='ocr_line' id='line_1_29' title="bbox 379 3373 2089 3463; baseline 0.001 -28"><span class='ocrx_word' id='word_1_303' title='bbox 379 3373 419 3434; x_wconf 86' lang='lat'><strong>55</strong></span> <span class='ocrx_word' id='word_1_304' title='bbox 432 3379 566 3459; x_wconf 87' lang='lat' dir='ltr'><strong>paratur</strong></span> <span class='ocrx_word' id='word_1_305' title='bbox 587 3375 620 3438; x_wconf 91' lang='lat' dir='ltr'><strong>in</strong></span> <span class='ocrx_word' id='word_1_306' title='bbox 637 3373 689 3440; x_wconf 92' lang='lat' dir='ltr'><strong>die</strong></span> <span class='ocrx_word' id='word_1_307' title='bbox 705 3375 802 3441; x_wconf 88' lang='lat' dir='ltr'><strong>belli:</strong></span> <span class='ocrx_word' id='word_1_308' title='bbox 826 3373 912 3463; x_wconf 91' lang='lat' dir='ltr'><strong>apud</strong></span> <span class='ocrx_word' id='word_1_309' title='bbox 929 3374 1094 3439; x_wconf 90' lang='lat' dir='ltr'><strong>dominum</strong></span> <span class='ocrx_word' id='word_1_310' title='bbox 1111 3381 1160 3440; x_wconf 91' lang='lat' dir='ltr'><strong>est</strong></span> <span class='ocrx_word' id='word_1_311' title='bbox 1176 3382 1286 3439; x_wconf 89' lang='lat' dir='ltr'><strong>autem</strong></span> <span class='ocrx_word' id='word_1_312' title='bbox 1302 3395 1396 3440; x_wconf 91' lang='lat' dir='ltr'><strong>omne</strong></span> <span class='ocrx_word' id='word_1_313' title='bbox 1412 3373 1635 3461; x_wconf 85' lang='lat' dir='ltr'><strong>praesidium’.</strong></span> <span class='ocrx_word' id='word_1_314' title='bbox 1675 3374 1941 3461; x_wconf 87' lang='lat' dir='ltr'><strong>superforaneum</strong></span> <span class='ocrx_word' id='word_1_315' title='bbox 1957 3373 2089 3461; x_wconf 90' lang='lat' dir='ltr'><strong>quidem</strong></span> 
     </span>
    </p>
   </div>
   <div class='ocr_carea' id='block_1_6' title="bbox 298 3476 2088 3566">
    <p class='ocr_par' dir='ltr' id='par_1_12' title="bbox 298 3476 2088 3566">
     <span class='ocr_line' id='line_1_30' title="bbox 298 3476 2088 3566; baseline 0 -26"><span class='ocrx_word' id='word_1_316' title='bbox 298 3488 329 3532; x_wconf 77' lang='lat' dir='ltr'><strong>u·</strong></span> <span class='ocrx_word' id='word_1_317' title='bbox 343 3492 411 3541; x_wconf 68' lang='lat' dir='ltr'><strong>aaa·</strong></span> <span class='ocrx_word' id='word_1_318' title='bbox 432 3481 484 3541; x_wconf 88' lang='lat' dir='ltr'><strong>est</strong></span> <span class='ocrx_word' id='word_1_319' title='bbox 512 3476 661 3542; x_wconf 89' lang='lat' dir='ltr'><strong>absurdis</strong></span> <span class='ocrx_word' id='word_1_320' title='bbox 691 3477 889 3565; x_wconf 90' lang='lat' dir='ltr'><strong>respondere</strong></span> <span class='ocrx_word' id='word_1_321' title='bbox 920 3478 1196 3566; x_wconf 90' lang='lat' dir='ltr'><strong>propositionibus</strong></span> <span class='ocrx_word' id='word_1_322' title='bbox 1219 3477 1348 3542; x_wconf 89' lang='lat' dir='ltr'><strong>dicente</strong></span> <span class='ocrx_word' id='word_1_323' title='bbox 1371 3476 1511 3564; x_wconf 81' lang='lat' dir='ltr'><strong>profeta:</strong></span> <span class='ocrx_word' id='word_1_324' title='bbox 1541 3481 1594 3542; x_wconf 88' lang='lat' dir='ltr'><strong>‘ne</strong></span> <span class='ocrx_word' id='word_1_325' title='bbox 1616 3477 1815 3564; x_wconf 88' lang='lat' dir='ltr'><strong>respondeas</strong></span> <span class='ocrx_word' id='word_1_326' title='bbox 1837 3477 2023 3562; x_wconf 91' lang='lat' dir='ltr'><strong>inprudenti</strong></span> <span class='ocrx_word' id='word_1_327' title='bbox 2046 3476 2088 3541; x_wconf 88' lang='lat' dir='ltr'><strong>ad</strong></span> 
     </span>
    </p>
   </div>
   <div class='ocr_carea' id='block_1_7' title="bbox 277 3780 369 3887">
    <p class='ocr_par' dir='ltr' id='par_1_13' title="bbox 277 3780 369 3887">
     <span class='ocr_line' id='line_1_31' title="bbox 277 3780 369 3825; baseline -0.011 0"><span class='ocrx_word' id='word_1_328' title='bbox 277 3780 306 3825; x_wconf 86' lang='lat'><strong>11.</strong></span> <span class='ocrx_word' id='word_1_329' title='bbox 321 3780 369 3824; x_wconf 81' lang='lat' dir='ltr'><strong>Cer.</strong></span> 
     </span>
     <span class='ocr_line' id='line_1_32' title="bbox 288 3838 367 3887; baseline -0.038 -8"><span class='ocrx_word' id='word_1_330' title='bbox 288 3838 321 3887; x_wconf 77' lang='lat' dir='ltr'><strong>ra,</strong></span> <span class='ocrx_word' id='word_1_331' title='bbox 336 3839 367 3878; x_wconf 88' lang='lat' dir='ltr'><strong>u.</strong></span> 
     </span>
    </p>
   </div>
   <div class='ocr_carea' id='block_1_8' title="bbox 380 3579 2172 3981">
    <p class='ocr_par' dir='ltr' id='par_1_14' title="bbox 432 3579 2163 3668">
     <span class='ocr_line' id='line_1_33' title="bbox 432 3579 2163 3668; baseline -0.001 -23"><span class='ocrx_word' id='word_1_332' title='bbox 432 3579 674 3666; x_wconf 88' lang='lat' dir='ltr'><strong>inprudentiam</strong></span> <span class='ocrx_word' id='word_1_333' title='bbox 689 3580 781 3648; x_wconf 89' lang='lat' dir='ltr'><strong>eius’.</strong></span> <span class='ocrx_word' id='word_1_334' title='bbox 820 3581 880 3648; x_wconf 93' lang='lat' dir='ltr'><strong>sed</strong></span> <span class='ocrx_word' id='word_1_335' title='bbox 896 3582 924 3646; x_wconf 91' lang='lat' dir='ltr'><strong>si</strong></span> <span class='ocrx_word' id='word_1_336' title='bbox 940 3580 1019 3668; x_wconf 90' lang='lat' dir='ltr'><strong>quid</strong></span> <span class='ocrx_word' id='word_1_337' title='bbox 1040 3587 1246 3668; x_wconf 88' lang='lat' dir='ltr'><strong>contemptus</strong></span> <span class='ocrx_word' id='word_1_338' title='bbox 1270 3581 1446 3663; x_wconf 88' lang='lat' dir='ltr'><strong>transierit,</strong></span> <span class='ocrx_word' id='word_1_339' title='bbox 1469 3601 1585 3646; x_wconf 88' lang='lat' dir='ltr'><strong>vereor</strong></span> <span class='ocrx_word' id='word_1_340' title='bbox 1607 3603 1649 3647; x_wconf 91' lang='lat' dir='ltr'><strong>ne</strong></span> <span class='ocrx_word' id='word_1_341' title='bbox 1672 3583 1765 3668; x_wconf 93' lang='lat' dir='ltr'><strong>quasi</strong></span> <span class='ocrx_word' id='word_1_342' title='bbox 1788 3580 1932 3648; x_wconf 90' lang='lat' dir='ltr'><strong>validum</strong></span> <span class='ocrx_word' id='word_1_343' title='bbox 1954 3586 2088 3668; x_wconf 89' lang='lat' dir='ltr'><strong>putetur</strong></span> <span class='ocrx_word' id='word_1_344' title='bbox 2138 3599 2163 3636; x_wconf 80' lang='lat' dir='ltr'><strong>ce</strong></span> 
     </span>
    </p>

    <p class='ocr_par' dir='ltr' id='par_1_15' title="bbox 380 3682 2172 3875">
     <span class='ocr_line' id='line_1_34' title="bbox 431 3682 2172 3770; baseline 0.001 -22"><span class='ocrx_word' id='word_1_345' title='bbox 431 3703 496 3748; x_wconf 91' lang='lat' dir='ltr'><strong>nen</strong></span> <span class='ocrx_word' id='word_1_346' title='bbox 519 3685 667 3770; x_wconf 86' lang='lat' dir='ltr'><strong>tetigisse</strong></span> <span class='ocrx_word' id='word_1_347' title='bbox 689 3685 835 3752; x_wconf 87' lang='lat' dir='ltr'><strong>formido.</strong></span> <span class='ocrx_word' id='word_1_348' title='bbox 880 3685 998 3750; x_wconf 90' lang='lat' dir='ltr'><strong>melius</strong></span> <span class='ocrx_word' id='word_1_349' title='bbox 1021 3684 1118 3751; x_wconf 92' lang='lat' dir='ltr'><strong>nobis</strong></span> <span class='ocrx_word' id='word_1_350' title='bbox 1141 3691 1192 3749; x_wconf 90' lang='lat' dir='ltr'><strong>est</strong></span> <span class='ocrx_word' id='word_1_351' title='bbox 1216 3706 1289 3750; x_wconf 84' lang='lat' dir='ltr'><strong>curn</strong></span> <span class='ocrx_word' id='word_1_352' title='bbox 1312 3684 1409 3749; x_wconf 91' lang='lat' dir='ltr'><strong>beato</strong></span> <span class='ocrx_word' id='word_1_353' title='bbox 1424 3684 1530 3750; x_wconf 87' lang='lat' dir='ltr'><strong>Paule</strong></span> <span class='ocrx_word' id='word_1_354' title='bbox 1553 3684 1776 3750; x_wconf 86' lang='lat' dir='ltr'><strong>insultationis</strong></span> <span class='ocrx_word' id='word_1_355' title='bbox 1798 3705 1917 3750; x_wconf 89' lang='lat' dir='ltr'><strong>causas</strong></span> <span class='ocrx_word' id='word_1_356' title='bbox 1942 3682 2087 3749; x_wconf 88' lang='lat' dir='ltr'><strong>incidere</strong></span> <span class='ocrx_word' id='word_1_357' title='bbox 2100 3709 2121 3750; x_wconf 85' lang='lat' dir='ltr'><strong>n·</strong></span> <span class='ocrx_word' id='word_1_358' title='bbox 2135 3701 2172 3741; x_wconf 75' lang='lat'><strong>³³¹</strong></span> 
     </span>
     <span class='ocr_line' id='line_1_35' title="bbox 380 3786 2087 3875; baseline 0.002 -28"><span class='ocrx_word' id='word_1_359' title='bbox 380 3786 466 3853; x_wconf 74' lang='lat' dir='ltr'><strong>teet</strong></span> <span class='ocrx_word' id='word_1_360' title='bbox 495 3788 593 3874; x_wconf 91' lang='lat' dir='ltr'><strong>plena</strong></span> <span class='ocrx_word' id='word_1_361' title='bbox 616 3809 695 3854; x_wconf 88' lang='lat' dir='ltr'><strong>voce</strong></span> <span class='ocrx_word' id='word_1_362' title='bbox 726 3790 854 3855; x_wconf 86' lang='lat' dir='ltr'><strong>testari:</strong></span> <span class='ocrx_word' id='word_1_363' title='bbox 889 3790 1007 3855; x_wconf 87' lang='lat' dir='ltr'><strong>‘faetus</strong></span> <span class='ocrx_word' id='word_1_364' title='bbox 1035 3810 1107 3853; x_wconf 91' lang='lat' dir='ltr'><strong>sum</strong></span> <span class='ocrx_word' id='word_1_365' title='bbox 1136 3789 1310 3875; x_wconf 89' lang='lat' dir='ltr'><strong>insipieus,</strong></span> <span class='ocrx_word' id='word_1_366' title='bbox 1342 3809 1401 3854; x_wconf 87' lang='lat' dir='ltr'><strong>ves</strong></span> <span class='ocrx_word' id='word_1_367' title='bbox 1428 3809 1481 3854; x_wconf 90' lang='lat' dir='ltr'><strong>me</strong></span> <span class='ocrx_word' id='word_1_368' title='bbox 1509 3787 1684 3874; x_wconf 88' lang='lat' dir='ltr'><strong>coegistis’.</strong></span> <span class='ocrx_word' id='word_1_369' title='bbox 1728 3788 1865 3854; x_wconf 89' lang='lat' dir='ltr'><strong>heccine</strong></span> <span class='ocrx_word' id='word_1_370' title='bbox 1892 3808 1970 3873; x_wconf 89' lang='lat' dir='ltr'><strong>ergo</strong></span> <span class='ocrx_word' id='word_1_371' title='bbox 1998 3787 2087 3851; x_wconf 90' lang='lat' dir='ltr'><strong>nullo</strong></span> 
     </span>
    </p>

    <p class='ocr_par' dir='ltr' id='par_1_16' title="bbox 433 3889 2089 3981">
     <span class='ocr_line' id='line_1_36' title="bbox 433 3889 2089 3981; baseline -0.002 -24"><span class='ocrx_word' id='word_1_372' title='bbox 433 3889 603 3958; x_wconf 89' lang='lat' dir='ltr'><strong>constabat</strong></span> <span class='ocrx_word' id='word_1_373' title='bbox 636 3893 802 3980; x_wconf 89' lang='lat' dir='ltr'><strong>exemplo,</strong></span> <span class='ocrx_word' id='word_1_374' title='bbox 840 3902 876 3959; x_wconf 91' lang='lat' dir='ltr'><strong>ut</strong></span> <span class='ocrx_word' id='word_1_375' title='bbox 911 3893 1114 3959; x_wconf 87' lang='lat' dir='ltr'><strong>sacerdotum</strong></span> <span class='ocrx_word' id='word_1_376' title='bbox 1150 3914 1236 3981; x_wconf 87' lang='lat' dir='ltr'><strong>papa</strong></span> <span class='ocrx_word' id='word_1_377' title='bbox 1267 3893 1441 3958; x_wconf 89' lang='lat' dir='ltr'><strong>concilium</strong></span> <span class='ocrx_word' id='word_1_378' title='bbox 1470 3898 1677 3972; x_wconf 82' lang='lat' dir='ltr'><strong>convocaret,</strong></span> <span class='ocrx_word' id='word_1_379' title='bbox 1713 3892 1804 3958; x_wconf 91' lang='lat' dir='ltr'><strong>euius</strong></span> <span class='ocrx_word' id='word_1_380' title='bbox 1839 3891 2007 3956; x_wconf 89' lang='lat' dir='ltr'><strong>arbitrium</strong></span> <span class='ocrx_word' id='word_1_381' title='bbox 2038 3895 2089 3954; x_wconf 89' lang='lat' dir='ltr'><strong>est</strong></span> 
     </span>
    </p>
   </div>
   <div class='ocr_carea' id='block_1_9' title="bbox 737 4085 847 4094">
    <p class='ocr_par' dir='ltr' id='par_1_17' title="bbox 737 4085 847 4094">
     <span class='ocr_line' id='line_1_37' title="bbox 737 4085 847 4094; baseline -0.009 -1"><span class='ocrx_word' id='word_1_382' title='bbox 737 4085 847 4094; x_wconf 54' lang='lat'>&#39;...—</span> 
     </span>
    </p>
   </div>
   <div class='ocr_carea' id='block_1_10' title="bbox 430 4233 2091 4982">
    <p class='ocr_par' dir='ltr' id='par_1_18' title="bbox 430 4233 2091 4982">
     <span class='ocr_line' id='line_1_38' title="bbox 536 4233 2090 4306; baseline -0.003 -14"><span class='ocrx_word' id='word_1_383' title='bbox 536 4239 551 4292; x_wconf 94' lang='grc'><strong>1</strong></span> <span class='ocrx_word' id='word_1_384' title='bbox 575 4241 707 4294; x_wconf 77' lang='lat' dir='ltr'><strong>incensatis</strong></span> <span class='ocrx_word' id='word_1_385' title='bbox 723 4240 762 4305; x_wconf 91' lang='lat' dir='ltr'><strong>B,</strong></span> <span class='ocrx_word' id='word_1_386' title='bbox 789 4239 929 4292; x_wconf 84' lang='lat' dir='ltr'><strong>incessistis</strong></span> <span class='ocrx_word' id='word_1_387' title='bbox 947 4239 1005 4291; x_wconf 82' lang='lat' dir='ltr'><strong>oPo</strong></span> <span class='ocrx_word' id='word_1_388' title='bbox 1101 4238 1263 4306; x_wconf 82' lang='lat' dir='ltr'><strong>loquacitate]</strong></span> <span class='ocrx_word' id='word_1_389' title='bbox 1288 4241 1420 4292; x_wconf 78' lang='lat' dir='ltr'><strong>oolscitate</strong></span> <span class='ocrx_word' id='word_1_390' title='bbox 1438 4237 1552 4304; x_wconf 64' lang='lat' dir='ltr'><strong>Buta,</strong></span> <span class='ocrx_word' id='word_1_391' title='bbox 1579 4240 1711 4292; x_wconf 79' lang='lat' dir='ltr'><strong>colaudate</strong></span> <span class='ocrx_word' id='word_1_392' title='bbox 1728 4237 1754 4288; x_wconf 77' lang='lat' dir='ltr'><strong><em>A</em></strong></span> <span class='ocrx_word' id='word_1_393' title='bbox 1893 4235 1910 4287; x_wconf 76' lang='lat'><strong>2</strong></span> <span class='ocrx_word' id='word_1_394' title='bbox 1931 4237 2021 4288; x_wconf 80' lang='lat' dir='ltr'><strong>ledites</strong></span> <span class='ocrx_word' id='word_1_395' title='bbox 2038 4233 2090 4298; x_wconf 78' lang='lat'><strong>13¹,</strong></span> 
     </span>
     <span class='ocr_line' id='line_1_39' title="bbox 430 4321 2089 4392; baseline -0.004 -13"><span class='ocrx_word' id='word_1_396' title='bbox 430 4325 449 4379; x_wconf 81' lang='lat' dir='ltr'><strong>u</strong></span> <span class='ocrx_word' id='word_1_397' title='bbox 469 4327 582 4379; x_wconf 82' lang='lat' dir='ltr'><strong>astutius</strong></span> <span class='ocrx_word' id='word_1_398' title='bbox 602 4327 745 4379; x_wconf 65' lang='lat' dir='ltr'><strong>meato</strong></span> <span class='ocrx_word' id='word_1_399' title='bbox 770 4343 827 4379; x_wconf 83' lang='lat' dir='ltr'><strong>cam</strong></span> <span class='ocrx_word' id='word_1_400' title='bbox 853 4325 912 4378; x_wconf 72' lang='lat' dir='ltr'><strong>aaa.</strong></span> <span class='ocrx_word' id='word_1_401' title='bbox 933 4326 1021 4378; x_wconf 77' lang='lat' dir='ltr'><strong>Colon-</strong></span> <span class='ocrx_word' id='word_1_402' title='bbox 1046 4325 1207 4378; x_wconf 59' lang='lat' dir='ltr'><strong>enitendum</strong></span> <span class='ocrx_word' id='word_1_403' title='bbox 1229 4334 1277 4392; x_wconf 78' lang='lat' dir='ltr'><strong>rat,</strong></span> <span class='ocrx_word' id='word_1_404' title='bbox 1303 4327 1411 4379; x_wconf 82' lang='lat' dir='ltr'><strong>astutior</strong></span> <span class='ocrx_word' id='word_1_405' title='bbox 1430 4326 1490 4377; x_wconf 76' lang='lat' dir='ltr'><strong>libri</strong></span> <span class='ocrx_word' id='word_1_406' title='bbox 1574 4325 1672 4377; x_wconf 68' lang='lat' dir='ltr'><strong>amnesi</strong></span> <span class='ocrx_word' id='word_1_407' title='bbox 1688 4324 1728 4388; x_wconf 90' lang='lat' dir='ltr'><strong>B,</strong></span> <span class='ocrx_word' id='word_1_408' title='bbox 1750 4325 1857 4376; x_wconf 71' lang='lat' dir='ltr'><strong>amasii</strong></span> <span class='ocrx_word' id='word_1_409' title='bbox 1873 4322 1902 4388; x_wconf 86' lang='lat' dir='ltr'><strong>V,</strong></span> <span class='ocrx_word' id='word_1_410' title='bbox 1919 4323 2045 4374; x_wconf 78' lang='lat' dir='ltr'><strong>athanasii</strong></span> <span class='ocrx_word' id='word_1_411' title='bbox 2063 4321 2089 4372; x_wconf 76' lang='lat' dir='ltr'><em>A</em></span> 
     </span>
     <span class='ocr_line' id='line_1_40' title="bbox 431 4408 2090 4478; baseline -0.003 -14"><span class='ocrx_word' id='word_1_412' title='bbox 431 4410 450 4464; x_wconf 86' lang='lat'>4</span> <span class='ocrx_word' id='word_1_413' title='bbox 474 4413 578 4465; x_wconf 83' lang='lat' dir='ltr'><strong>tolletur</strong></span> <span class='ocrx_word' id='word_1_414' title='bbox 594 4410 620 4462; x_wconf 91' lang='lat' dir='ltr'><em>B</em></span> <span class='ocrx_word' id='word_1_415' title='bbox 758 4408 776 4463; x_wconf 88' lang='grc'>8</span> <span class='ocrx_word' id='word_1_416' title='bbox 797 4412 855 4464; x_wconf 86' lang='lat' dir='ltr'><strong>illos</strong></span> <span class='ocrx_word' id='word_1_417' title='bbox 879 4421 925 4463; x_wconf 83' lang='lat' dir='ltr'><strong>out</strong></span> <span class='ocrx_word' id='word_1_418' title='bbox 946 4412 1086 4464; x_wconf 62' lang='lat' dir='ltr'><strong>dcimam</strong></span> <span class='ocrx_word' id='word_1_419' title='bbox 1109 4421 1154 4462; x_wconf 85' lang='lat' dir='ltr'><strong>aut</strong></span> <span class='ocrx_word' id='word_1_420' title='bbox 1176 4413 1204 4463; x_wconf 79' lang='lat' dir='ltr'><strong>in</strong></span> <span class='ocrx_word' id='word_1_421' title='bbox 1225 4413 1271 4464; x_wconf 85' lang='lat' dir='ltr'><strong>illa</strong></span> <span class='ocrx_word' id='word_1_422' title='bbox 1296 4411 1476 4478; x_wconf 54' lang='lat' dir='ltr'><strong>mendam</strong></span> <span class='ocrx_word' id='word_1_423' title='bbox 1616 4408 1649 4461; x_wconf 80' lang='lat'><strong>12</strong></span> <span class='ocrx_word' id='word_1_424' title='bbox 1670 4410 1826 4477; x_wconf 85' lang='lat' dir='ltr'><strong>suspenditis</strong></span> <span class='ocrx_word' id='word_1_425' title='bbox 1842 4408 1896 4474; x_wconf 81' lang='lat' dir='ltr'><strong>B⁶,</strong></span> <span class='ocrx_word' id='word_1_426' title='bbox 1928 4408 2090 4476; x_wconf 82' lang='lat' dir='ltr'><strong>suspendites</strong></span> 
     </span>
     <span class='ocr_line' id='line_1_41' title="bbox 433 4493 2089 4565; baseline -0.004 -14"><span class='ocrx_word' id='word_1_427' title='bbox 433 4497 492 4564; x_wconf 77' lang='lat' dir='ltr'><strong>(ric)</strong></span> <span class='ocrx_word' id='word_1_428' title='bbox 516 4497 560 4550; x_wconf 67' lang='lat' dir='ltr'><strong>Bt</strong></span> <span class='ocrx_word' id='word_1_429' title='bbox 699 4495 733 4549; x_wconf 84' lang='lat'><strong>13</strong></span> <span class='ocrx_word' id='word_1_430' title='bbox 756 4499 879 4565; x_wconf 90' lang='lat' dir='ltr'><strong>quicquid</strong></span> <span class='ocrx_word' id='word_1_431' title='bbox 900 4498 925 4548; x_wconf 87' lang='lat' dir='ltr'><strong><em>V</em></strong></span> <span class='ocrx_word' id='word_1_432' title='bbox 1019 4497 1110 4550; x_wconf 79' lang='lat' dir='ltr'><strong>habuit</strong></span> <span class='ocrx_word' id='word_1_433' title='bbox 1136 4498 1241 4565; x_wconf 87' lang='lat' dir='ltr'><strong>spiritus</strong></span> <span class='ocrx_word' id='word_1_434' title='bbox 1267 4499 1378 4551; x_wconf 75' lang='lat' dir='ltr'><strong>fluminis</strong></span> <span class='ocrx_word' id='word_1_435' title='bbox 1394 4498 1447 4549; x_wconf 73' lang='lat' dir='ltr'><strong>AB</strong></span> <span class='ocrx_word' id='word_1_436' title='bbox 1547 4498 1647 4564; x_wconf 83' lang='lat' dir='ltr'><strong>moysin</strong></span> <span class='ocrx_word' id='word_1_437' title='bbox 1669 4494 1819 4565; x_wconf 62' lang='lat' dir='ltr'><strong>(meminit)</strong></span> <span class='ocrx_word' id='word_1_438' title='bbox 1836 4496 1861 4547; x_wconf 93' lang='lat' dir='ltr'><em>B</em></span> <span class='ocrx_word' id='word_1_439' title='bbox 1959 4494 2047 4547; x_wconf 75' lang='lat' dir='ltr'><strong>elisaei</strong></span> <span class='ocrx_word' id='word_1_440' title='bbox 2064 4493 2089 4543; x_wconf 78' lang='lat' dir='ltr'><strong><em>A</em></strong></span> 
     </span>
     <span class='ocr_line' id='line_1_42' title="bbox 433 4579 2089 4652; baseline -0.004 -16"><span class='ocrx_word' id='word_1_441' title='bbox 433 4582 466 4636; x_wconf 86' lang='grc'><strong>16</strong></span> <span class='ocrx_word' id='word_1_442' title='bbox 483 4591 568 4636; x_wconf 87' lang='lat' dir='ltr'><strong>motus</strong></span> <span class='ocrx_word' id='word_1_443' title='bbox 579 4583 662 4648; x_wconf 65' lang='grc' dir='ltr'><strong>ΔΒΕ,</strong></span> <span class='ocrx_word' id='word_1_444' title='bbox 679 4592 761 4637; x_wconf 89' lang='lat' dir='ltr'><strong>motos</strong></span> <span class='ocrx_word' id='word_1_445' title='bbox 778 4583 854 4637; x_wconf 78' lang='lat' dir='ltr'><strong>ceteri</strong></span> <span class='ocrx_word' id='word_1_446' title='bbox 957 4580 990 4634; x_wconf 79' lang='lat'><strong>1?</strong></span> <span class='ocrx_word' id='word_1_447' title='bbox 1009 4584 1149 4636; x_wconf 90' lang='lat' dir='ltr'><strong>iuuenibus</strong></span> <span class='ocrx_word' id='word_1_448' title='bbox 1161 4584 1187 4636; x_wconf 87' lang='lat' dir='ltr'><em>B</em></span> <span class='ocrx_word' id='word_1_449' title='bbox 1291 4582 1325 4637; x_wconf 89' lang='grc'><strong>18</strong></span> <span class='ocrx_word' id='word_1_450' title='bbox 1343 4586 1433 4638; x_wconf 86' lang='lat' dir='ltr'><strong>bemus</strong></span> <span class='ocrx_word' id='word_1_451' title='bbox 1451 4585 1618 4637; x_wconf 87' lang='lat' dir='ltr'><strong>excessibus.</strong></span> <span class='ocrx_word' id='word_1_452' title='bbox 1633 4621 1659 4635; x_wconf 83' lang='lat'><strong>..</strong></span> <span class='ocrx_word' id='word_1_453' title='bbox 1675 4585 1815 4652; x_wconf 78' lang='lat' dir='ltr'><strong>‚magistro</strong></span> <span class='ocrx_word' id='word_1_454' title='bbox 1828 4601 1876 4634; x_wconf 81' lang='lat' dir='ltr'><strong>om.</strong></span> <span class='ocrx_word' id='word_1_455' title='bbox 1893 4579 1984 4646; x_wconf 69' lang='lat' dir='ltr'><strong>Ml,</strong></span> <span class='ocrx_word' id='word_1_456' title='bbox 2001 4582 2028 4632; x_wconf 81' lang='lat' dir='ltr'><strong>in</strong></span> <span class='ocrx_word' id='word_1_457' title='bbox 2040 4597 2089 4648; x_wconf 74' lang='lat' dir='ltr'><strong>naq.</strong></span> 
     </span>
     <span class='ocr_line' id='line_1_43' title="bbox 431 4666 2091 4738; baseline -0.002 -16"><span class='ocrx_word' id='word_1_458' title='bbox 431 4670 480 4738; x_wconf 80' lang='lat' dir='ltr'><strong>inf.</strong></span> <span class='ocrx_word' id='word_1_459' title='bbox 489 4667 676 4736; x_wconf 61' lang='lat' dir='ltr'><strong>repatuit?</strong></span> <span class='ocrx_word' id='word_1_460' title='bbox 728 4667 910 4738; x_wconf 81' lang='lat' dir='ltr'><strong>euuangeliiB</strong></span> <span class='ocrx_word' id='word_1_461' title='bbox 1006 4669 1040 4722; x_wconf 85' lang='lat'><strong>19</strong></span> <span class='ocrx_word' id='word_1_462' title='bbox 1051 4671 1239 4738; x_wconf 84' lang='lat' dir='ltr'><strong>subiungamus</strong></span> <span class='ocrx_word' id='word_1_463' title='bbox 1251 4668 1325 4722; x_wconf 77' lang='lat' dir='ltr'><strong>0le</strong></span> <span class='ocrx_word' id='word_1_464' title='bbox 1378 4670 1537 4738; x_wconf 87' lang='lat' dir='ltr'><strong>quicquidV</strong></span> <span class='ocrx_word' id='word_1_465' title='bbox 1625 4666 1661 4721; x_wconf 79' lang='lat'><strong>23</strong></span> <span class='ocrx_word' id='word_1_466' title='bbox 1672 4668 1820 4738; x_wconf 79' lang='lat' dir='ltr'><strong>arguetisB</strong></span> <span class='ocrx_word' id='word_1_467' title='bbox 1913 4666 1948 4720; x_wconf 80' lang='lat'><strong>24</strong></span> <span class='ocrx_word' id='word_1_468' title='bbox 1961 4667 2091 4720; x_wconf 80' lang='lat' dir='ltr'><strong>scribtaB</strong></span> 
     </span>
     <span class='ocr_line' id='line_1_44' title="bbox 431 4750 2090 4823; baseline -0.001 -15"><span class='ocrx_word' id='word_1_469' title='bbox 431 4757 555 4809; x_wconf 75' lang='lat' dir='ltr'><strong>laboranti</strong></span> <span class='ocrx_word' id='word_1_470' title='bbox 566 4753 640 4820; x_wconf 78' lang='lat' dir='ltr'><strong>BL1,</strong></span> <span class='ocrx_word' id='word_1_471' title='bbox 657 4756 863 4809; x_wconf 77' lang='lat' dir='ltr'><strong>laberinticctcri</strong></span> <span class='ocrx_word' id='word_1_472' title='bbox 958 4754 992 4807; x_wconf 79' lang='lat'><strong>25</strong></span> <span class='ocrx_word' id='word_1_473' title='bbox 1010 4756 1168 4809; x_wconf 81' lang='lat' dir='ltr'><strong>sinuosusB</strong></span> <span class='ocrx_word' id='word_1_474' title='bbox 1227 4761 1366 4810; x_wconf 84' lang='lat' dir='ltr'><strong>amfractus</strong></span> <span class='ocrx_word' id='word_1_475' title='bbox 1381 4757 1484 4823; x_wconf 70' lang='lat' dir='ltr'><strong>Vana,</strong></span> <span class='ocrx_word' id='word_1_476' title='bbox 1501 4760 1635 4810; x_wconf 78' lang='lat' dir='ltr'><strong>amfractus</strong></span> <span class='ocrx_word' id='word_1_477' title='bbox 1645 4755 1678 4821; x_wconf 91' lang='lat' dir='ltr'><strong>B,</strong></span> <span class='ocrx_word' id='word_1_478' title='bbox 1695 4757 1826 4808; x_wconf 81' lang='lat' dir='ltr'><strong>anfractus</strong></span> <span class='ocrx_word' id='word_1_479' title='bbox 1836 4757 1883 4807; x_wconf 82' lang='lat' dir='ltr'><strong>rel.</strong></span> <span class='ocrx_word' id='word_1_480' title='bbox 1977 4750 2090 4806; x_wconf 63' lang='grc'><strong>271010-</strong></span> 
     </span>
     <span class='ocr_line' id='line_1_45' title="bbox 431 4837 2089 4912; baseline -0.002 -17"><span class='ocrx_word' id='word_1_481' title='bbox 431 4859 506 4895; x_wconf 87' lang='lat' dir='ltr'><strong>moue</strong></span> <span class='ocrx_word' id='word_1_482' title='bbox 518 4841 551 4906; x_wconf 91' lang='lat' dir='ltr'><strong>B,</strong></span> <span class='ocrx_word' id='word_1_483' title='bbox 568 4843 698 4895; x_wconf 66' lang='lat' dir='ltr'><strong>memorre</strong></span> <span class='ocrx_word' id='word_1_484' title='bbox 710 4843 784 4894; x_wconf 74' lang='lat' dir='ltr'><strong>ceteri</strong></span> <span class='ocrx_word' id='word_1_485' title='bbox 883 4841 918 4894; x_wconf 76' lang='lat'><strong>28</strong></span> <span class='ocrx_word' id='word_1_486' title='bbox 936 4843 977 4894; x_wconf 87' lang='lat' dir='ltr'><strong>dis</strong></span> <span class='ocrx_word' id='word_1_487' title='bbox 989 4842 1083 4905; x_wconf 71' lang='lat' dir='ltr'><strong>Bure,</strong></span> <span class='ocrx_word' id='word_1_488' title='bbox 1100 4843 1167 4894; x_wconf 85' lang='lat' dir='ltr'><strong>diam</strong></span> <span class='ocrx_word' id='word_1_489' title='bbox 1179 4845 1226 4895; x_wconf 78' lang='lat' dir='ltr'><strong>rel.</strong></span> <span class='ocrx_word' id='word_1_490' title='bbox 1288 4842 1507 4911; x_wconf 81' lang='lat' dir='ltr'><strong>superforaneum]</strong></span> <span class='ocrx_word' id='word_1_491' title='bbox 1525 4859 1716 4912; x_wconf 87' lang='lat' dir='ltr'><strong>superuacuum</strong></span> <span class='ocrx_word' id='word_1_492' title='bbox 1729 4841 1782 4892; x_wconf 81' lang='lat' dir='ltr'><strong>AB</strong></span> <span class='ocrx_word' id='word_1_493' title='bbox 1879 4837 1914 4892; x_wconf 75' lang='lat'><strong>29</strong></span> <span class='ocrx_word' id='word_1_494' title='bbox 1932 4841 2089 4910; x_wconf 63' lang='lat' dir='ltr'><strong>prophetari</strong></span> 
     </span>
     <span class='ocr_line' id='line_1_46' title="bbox 431 4925 1145 4982; baseline -0.001 -1"><span class='ocrx_word' id='word_1_495' title='bbox 431 4925 468 4981; x_wconf 80' lang='lat'><strong>30</strong></span> <span class='ocrx_word' id='word_1_496' title='bbox 484 4929 620 4982; x_wconf 63' lang='lat' dir='ltr'><strong>uncant</strong></span> <span class='ocrx_word' id='word_1_497' title='bbox 634 4927 680 4980; x_wconf 71' lang='lat'><strong>1⁷1)</strong></span> <span class='ocrx_word' id='word_1_498' title='bbox 685 4927 768 4981; x_wconf 76' lang='lat' dir='ltr'><strong>TuPe</strong></span> <span class='ocrx_word' id='word_1_499' title='bbox 872 4926 905 4980; x_wconf 82' lang='lat'><strong>31</strong></span> <span class='ocrx_word' id='word_1_500' title='bbox 923 4936 963 4981; x_wconf 85' lang='lat' dir='ltr'><strong>est</strong></span> <span class='ocrx_word' id='word_1_501' title='bbox 979 4929 1054 4980; x_wconf 90' lang='lat' dir='ltr'><strong>nobis</strong></span> <span class='ocrx_word' id='word_1_502' title='bbox 1067 4927 1145 4980; x_wconf 73' lang='lat' dir='ltr'><strong>Sirra.</strong></span> 
     </span>
    </p>
   </div>
   <div class='ocr_carea' id='block_1_11' title="bbox 437 5083 2085 5096">
    <p class='ocr_par' dir='ltr' id='par_1_19' title="bbox 437 5083 2085 5096">
     <span class='ocr_line' id='line_1_47' title="bbox 437 5083 2085 5096; baseline -0.003 -3"><span class='ocrx_word' id='word_1_503' title='bbox 437 5084 790 5094; x_wconf 66' lang='lat'>..-..-...—....--.—.-—</span> <span class='ocrx_word' id='word_1_504' title='bbox 1044 5085 1111 5091; x_wconf 45' lang='grc' dir='ltr'>--.μ</span> <span class='ocrx_word' id='word_1_505' title='bbox 1127 5085 1149 5090; x_wconf 47' lang='lat' dir='ltr'><strong>.ss</strong></span> <span class='ocrx_word' id='word_1_506' title='bbox 1159 5087 1176 5090; x_wconf 89' lang='lat'><em>-</em></span> <span class='ocrx_word' id='word_1_507' title='bbox 1185 5085 1232 5091; x_wconf 87' lang='lat'><em>...-...</em></span> <span class='ocrx_word' id='word_1_508' title='bbox 1250 5085 1452 5092; x_wconf 62' lang='grc'><strong>-..,-..,..,,...,...,</strong></span> <span class='ocrx_word' id='word_1_509' title='bbox 1472 5086 1825 5092; x_wconf 63' lang='grc'><em>...,.--,-..,-,,,,,,,-,,</em></span> <span class='ocrx_word' id='word_1_510' title='bbox 1852 5085 1967 5092; x_wconf 56' lang='grc'><em>*,,..,</em></span> <span class='ocrx_word' id='word_1_511' title='bbox 1980 5083 2085 5096; x_wconf 40' lang='lat' dir='ltr'><strong>„rm—.-</strong></span> 
     </span>
    </p>
   </div>
   <div class='ocr_carea' id='block_1_12' title="bbox 429 5198 2094 5789">
    <p class='ocr_par' dir='ltr' id='par_1_20' title="bbox 430 5198 2091 5357">
     <span class='ocr_line' id='line_1_48' title="bbox 534 5198 2091 5271; baseline -0.001 -17"><span class='ocrx_word' id='word_1_512' title='bbox 534 5201 638 5254; x_wconf 69' lang='lat' dir='ltr'><strong>Mota</strong></span> <span class='ocrx_word' id='word_1_513' title='bbox 657 5215 716 5270; x_wconf 72' lang='lat' dir='ltr'><strong>aya</strong></span> <span class='ocrx_word' id='word_1_514' title='bbox 733 5216 755 5255; x_wconf 88' lang='lat' dir='ltr'><strong>c.</strong></span> <span class='ocrx_word' id='word_1_515' title='bbox 769 5205 801 5255; x_wconf 86' lang='lat'><strong>3.-</strong></span> <span class='ocrx_word' id='word_1_516' title='bbox 830 5202 943 5257; x_wconf 85' lang='lat' dir='ltr'><strong>sanetus</strong></span> <span class='ocrx_word' id='word_1_517' title='bbox 966 5217 1042 5271; x_wconf 87' lang='lat' dir='ltr'><strong>papa</strong></span> <span class='ocrx_word' id='word_1_518' title='bbox 1064 5200 1246 5270; x_wconf 81' lang='lat' dir='ltr'><strong>Symmachus</strong></span> <span class='ocrx_word' id='word_1_519' title='bbox 1270 5243 1276 5255; x_wconf 94' lang='lat'><em>.</em></span> <span class='ocrx_word' id='word_1_520' title='bbox 1298 5243 1356 5256; x_wconf 89' lang='lat'><strong>...</strong></span> <span class='ocrx_word' id='word_1_521' title='bbox 1382 5201 1416 5256; x_wconf 91' lang='lat' dir='ltr'><strong>de</strong></span> <span class='ocrx_word' id='word_1_522' title='bbox 1443 5202 1606 5257; x_wconf 87' lang='lat' dir='ltr'><strong>evocatione</strong></span> <span class='ocrx_word' id='word_1_523' title='bbox 1633 5201 1761 5270; x_wconf 85' lang='lat' dir='ltr'><strong>synodali</strong></span> <span class='ocrx_word' id='word_1_524' title='bbox 1788 5198 2004 5255; x_wconf 87' lang='lat' dir='ltr'><strong>clementissimo</strong></span> <span class='ocrx_word' id='word_1_525' title='bbox 2031 5198 2091 5268; x_wconf 85' lang='lat' dir='ltr'><strong>regi</strong></span> 
     </span>
     <span class='ocr_line' id='line_1_49' title="bbox 430 5285 1347 5357; baseline 0.002 -17"><span class='ocrx_word' id='word_1_526' title='bbox 430 5285 537 5357; x_wconf 78' lang='lat' dir='ltr'><strong>gratias</strong></span> <span class='ocrx_word' id='word_1_527' title='bbox 554 5285 667 5342; x_wconf 88' lang='lat' dir='ltr'><strong>rettulit</strong></span> <span class='ocrx_word' id='word_1_528' title='bbox 684 5289 714 5341; x_wconf 90' lang='lat' dir='ltr'><strong>et</strong></span> <span class='ocrx_word' id='word_1_529' title='bbox 731 5302 787 5341; x_wconf 88' lang='lat' dir='ltr'><strong>rem</strong></span> <span class='ocrx_word' id='word_1_530' title='bbox 807 5285 938 5342; x_wconf 88' lang='lat' dir='ltr'><strong>desiderii</strong></span> <span class='ocrx_word' id='word_1_531' title='bbox 956 5286 997 5341; x_wconf 90' lang='lat' dir='ltr'><strong>sui</strong></span> <span class='ocrx_word' id='word_1_532' title='bbox 1016 5286 1141 5343; x_wconf 79' lang='lat' dir='ltr'><strong>evamsse</strong></span> <span class='ocrx_word' id='word_1_533' title='bbox 1158 5289 1277 5343; x_wconf 86' lang='lat' dir='ltr'><strong>testatus</strong></span> <span class='ocrx_word' id='word_1_534' title='bbox 1297 5291 1347 5343; x_wconf 89' lang='lat' dir='ltr'><strong>est.</strong></span> 
     </span>
    </p>

    <p class='ocr_par' dir='ltr' id='par_1_21' title="bbox 429 5372 2094 5789">
     <span class='ocr_line' id='line_1_50' title="bbox 533 5372 2093 5445; baseline -0.001 -19"><span class='ocrx_word' id='word_1_535' title='bbox 533 5373 550 5426; x_wconf 85' lang='lat'>6</span> <span class='ocrx_word' id='word_1_536' title='bbox 567 5372 627 5428; x_wconf 73' lang='lat' dir='ltr'><strong>eta</strong></span> <span class='ocrx_word' id='word_1_537' title='bbox 648 5388 669 5426; x_wconf 89' lang='lat' dir='ltr'><strong>c.</strong></span> <span class='ocrx_word' id='word_1_538' title='bbox 682 5379 712 5427; x_wconf 83' lang='lat'><strong>6:</strong></span> <span class='ocrx_word' id='word_1_539' title='bbox 739 5388 814 5444; x_wconf 90' lang='lat' dir='ltr'><strong>papa</strong></span> <span class='ocrx_word' id='word_1_540' title='bbox 831 5376 864 5427; x_wconf 91' lang='lat' dir='ltr'><strong>ut</strong></span> <span class='ocrx_word' id='word_1_541' title='bbox 881 5390 993 5428; x_wconf 88' lang='lat' dir='ltr'><strong>caesam</strong></span> <span class='ocrx_word' id='word_1_542' title='bbox 1013 5372 1118 5429; x_wconf 87' lang='lat' dir='ltr'><strong>diceret</strong></span> <span class='ocrx_word' id='word_1_543' title='bbox 1142 5375 1312 5430; x_wconf 87' lang='lat' dir='ltr'><strong>occurrebat.</strong></span> <span class='ocrx_word' id='word_1_544' title='bbox 1349 5375 1398 5445; x_wconf 89' lang='lat' dir='ltr'><strong>qui</strong></span> <span class='ocrx_word' id='word_1_545' title='bbox 1417 5376 1532 5430; x_wconf 85' lang='lat' dir='ltr'><strong>venians</strong></span> <span class='ocrx_word' id='word_1_546' title='bbox 1550 5376 1585 5430; x_wconf 88' lang='lat' dir='ltr'><strong>ab</strong></span> <span class='ocrx_word' id='word_1_547' title='bbox 1608 5374 1786 5430; x_wconf 88' lang='lat' dir='ltr'><strong>inruentibus</strong></span> <span class='ocrx_word' id='word_1_548' title='bbox 1807 5372 1898 5428; x_wconf 89' lang='lat' dir='ltr'><strong>turbis</strong></span> <span class='ocrx_word' id='word_1_549' title='bbox 1919 5372 2093 5426; x_wconf 90' lang='lat' dir='ltr'><strong>aemulorum</strong></span> 
     </span>
     <span class='ocr_line' id='line_1_51' title="bbox 431 5456 2094 5533; baseline 0 -21"><span class='ocrx_word' id='word_1_550' title='bbox 431 5474 545 5513; x_wconf 85' lang='lat' dir='ltr'><strong>suerum</strong></span> <span class='ocrx_word' id='word_1_551' title='bbox 562 5456 605 5514; x_wconf 85' lang='lat' dir='ltr'><strong>ita</strong></span> <span class='ocrx_word' id='word_1_552' title='bbox 622 5460 760 5514; x_wconf 70' lang='lat' dir='ltr'><strong>mactatus</strong></span> <span class='ocrx_word' id='word_1_553' title='bbox 779 5462 835 5526; x_wconf 83' lang='lat' dir='ltr'><strong>est,</strong></span> <span class='ocrx_word' id='word_1_554' title='bbox 852 5463 886 5514; x_wconf 92' lang='lat' dir='ltr'><strong>ut</strong></span> <span class='ocrx_word' id='word_1_555' title='bbox 904 5458 1000 5514; x_wconf 88' lang='lat' dir='ltr'><strong>meltis</strong></span> <span class='ocrx_word' id='word_1_556' title='bbox 1018 5460 1201 5530; x_wconf 81' lang='lat' dir='ltr'><strong>presbyteris,</strong></span> <span class='ocrx_word' id='word_1_557' title='bbox 1218 5461 1268 5531; x_wconf 89' lang='lat' dir='ltr'><strong>qui</strong></span> <span class='ocrx_word' id='word_1_558' title='bbox 1287 5479 1350 5516; x_wconf 92' lang='lat' dir='ltr'><strong>cum</strong></span> <span class='ocrx_word' id='word_1_559' title='bbox 1368 5461 1429 5533; x_wconf 90' lang='lat' dir='ltr'><strong>ipse</strong></span> <span class='ocrx_word' id='word_1_560' title='bbox 1447 5461 1552 5526; x_wconf 87' lang='lat' dir='ltr'><strong>ierant,</strong></span> <span class='ocrx_word' id='word_1_561' title='bbox 1571 5478 1621 5532; x_wconf 89' lang='lat' dir='ltr'><strong>per</strong></span> <span class='ocrx_word' id='word_1_562' title='bbox 1639 5461 1751 5516; x_wconf 60' lang='lat' dir='ltr'><strong>amem</strong></span> <span class='ocrx_word' id='word_1_563' title='bbox 1769 5459 1860 5530; x_wconf 87' lang='lat' dir='ltr'><strong>ipsam</strong></span> <span class='ocrx_word' id='word_1_564' title='bbox 1877 5457 1976 5514; x_wconf 87' lang='lat' dir='ltr'><strong>mortis</strong></span> <span class='ocrx_word' id='word_1_565' title='bbox 1994 5457 2094 5512; x_wconf 82' lang='lat' dir='ltr'><strong>fuisset</strong></span> 
     </span>
     <span class='ocr_line' id='line_1_52' title="bbox 431 5543 2093 5618; baseline -0.001 -19"><span class='ocrx_word' id='word_1_566' title='bbox 431 5543 538 5599; x_wconf 87' lang='lat' dir='ltr'><strong>occasio</strong></span> <span class='ocrx_word' id='word_1_567' title='bbox 557 5547 609 5610; x_wconf 79' lang='lat' dir='ltr'><strong>etc.</strong></span> <span class='ocrx_word' id='word_1_568' title='bbox 646 5543 820 5616; x_wconf 73' lang='lat' dir='ltr'><strong>Synmadsaa</strong></span> <span class='ocrx_word' id='word_1_569' title='bbox 841 5545 895 5614; x_wconf 65' lang='lat' dir='ltr'><strong>qaae</strong></span> <span class='ocrx_word' id='word_1_570' title='bbox 915 5545 947 5599; x_wconf 77' lang='lat' dir='ltr'><strong>in</strong></span> <span class='ocrx_word' id='word_1_571' title='bbox 969 5546 1094 5600; x_wconf 71' lang='lat' dir='ltr'><strong>celatim</strong></span> <span class='ocrx_word' id='word_1_572' title='bbox 1119 5546 1298 5616; x_wconf 76' lang='lat' dir='ltr'><strong>episcoporum</strong></span> <span class='ocrx_word' id='word_1_573' title='bbox 1321 5547 1359 5600; x_wconf 84' lang='lat' dir='ltr'><strong>ad</strong></span> <span class='ocrx_word' id='word_1_574' title='bbox 1382 5563 1465 5618; x_wconf 73' lang='lat' dir='ltr'><strong>repen</strong></span> <span class='ocrx_word' id='word_1_575' title='bbox 1487 5547 1579 5615; x_wconf 73' lang='lat' dir='ltr'><strong>(Teia</strong></span> <span class='ocrx_word' id='word_1_576' title='bbox 1594 5562 1624 5616; x_wconf 82' lang='lat' dir='ltr'><strong>p.</strong></span> <span class='ocrx_word' id='word_1_577' title='bbox 1639 5550 1712 5616; x_wconf 79' lang='lat'><em>677):</em></span> <span class='ocrx_word' id='word_1_578' title='bbox 1741 5563 1803 5601; x_wconf 89' lang='lat' dir='ltr'><strong>oum</strong></span> <span class='ocrx_word' id='word_1_579' title='bbox 1832 5543 2008 5600; x_wconf 87' lang='lat' dir='ltr'><strong>convenirem</strong></span> <span class='ocrx_word' id='word_1_580' title='bbox 2029 5561 2093 5599; x_wconf 89' lang='lat' dir='ltr'><strong>cum</strong></span> 
     </span>
     <span class='ocr_line' id='line_1_53' title="bbox 431 5629 2092 5702; baseline 0 -18"><span class='ocrx_word' id='word_1_581' title='bbox 431 5629 505 5685; x_wconf 89' lang='lat' dir='ltr'><strong>clero</strong></span> <span class='ocrx_word' id='word_1_582' title='bbox 522 5645 593 5697; x_wconf 80' lang='lat' dir='ltr'><strong>mee,</strong></span> <span class='ocrx_word' id='word_1_583' title='bbox 611 5629 762 5686; x_wconf 88' lang='lat' dir='ltr'><strong>crudeliter</strong></span> <span class='ocrx_word' id='word_1_584' title='bbox 779 5630 954 5687; x_wconf 89' lang='lat' dir='ltr'><strong>demactatus</strong></span> <span class='ocrx_word' id='word_1_585' title='bbox 972 5650 1033 5687; x_wconf 90' lang='lat' dir='ltr'><strong>sum</strong></span> <span class='ocrx_word' id='word_1_586' title='bbox 1050 5637 1074 5686; x_wconf 82' lang='lat' dir='ltr'><strong>et</strong></span> <span class='ocrx_word' id='word_1_587' title='bbox 1089 5633 1121 5685; x_wconf 75' lang='lat' dir='ltr'><strong>in</strong></span> <span class='ocrx_word' id='word_1_588' title='bbox 1132 5634 1231 5702; x_wconf 77' lang='lat' dir='ltr'><strong>apotoy.</strong></span> <span class='ocrx_word' id='word_1_589' title='bbox 1243 5633 1369 5687; x_wconf 68' lang='lat' dir='ltr'><strong>odoenus</strong></span> <span class='ocrx_word' id='word_1_590' title='bbox 1380 5634 1521 5688; x_wconf 66' lang='lat' dir='ltr'><strong>Acestes:</strong></span> <span class='ocrx_word' id='word_1_591' title='bbox 1546 5633 1621 5687; x_wconf 88' lang='lat' dir='ltr'><strong>inter</strong></span> <span class='ocrx_word' id='word_1_592' title='bbox 1638 5633 1741 5688; x_wconf 87' lang='lat' dir='ltr'><strong>imbres</strong></span> <span class='ocrx_word' id='word_1_593' title='bbox 1759 5631 1887 5702; x_wconf 89' lang='lat' dir='ltr'><strong>lapidum</strong></span> <span class='ocrx_word' id='word_1_594' title='bbox 1905 5633 1985 5686; x_wconf 88' lang='lat' dir='ltr'><strong>tutus</strong></span> <span class='ocrx_word' id='word_1_595' title='bbox 2004 5630 2092 5685; x_wconf 85' lang='lat' dir='ltr'><strong>evasi:</strong></span> 
     </span>
     <span class='ocr_line' id='line_1_54' title="bbox 429 5714 1680 5789; baseline 0.003 -20"><span class='ocrx_word' id='word_1_596' title='bbox 429 5714 569 5771; x_wconf 89' lang='lat' dir='ltr'><strong>iudicavit</strong></span> <span class='ocrx_word' id='word_1_597' title='bbox 585 5715 654 5770; x_wconf 87' lang='lat' dir='ltr'><strong>deus</strong></span> <span class='ocrx_word' id='word_1_598' title='bbox 671 5717 751 5785; x_wconf 81' lang='lat' dir='ltr'><strong>(qaae</strong></span> <span class='ocrx_word' id='word_1_599' title='bbox 768 5717 844 5772; x_wconf 83' lang='lat' dir='ltr'><strong>uerba</strong></span> <span class='ocrx_word' id='word_1_600' title='bbox 860 5718 912 5772; x_wconf 74' lang='lat' dir='ltr'><strong>ua</strong></span> <span class='ocrx_word' id='word_1_601' title='bbox 928 5723 1042 5786; x_wconf 70' lang='lat' dir='ltr'><strong>specim</strong></span> <span class='ocrx_word' id='word_1_602' title='bbox 1062 5717 1241 5787; x_wconf 53' lang='lat' dir='ltr'><strong>equaquam</strong></span> <span class='ocrx_word' id='word_1_603' title='bbox 1257 5722 1334 5787; x_wconf 72' lang='lat' dir='ltr'><strong>uruat</strong></span> <span class='ocrx_word' id='word_1_604' title='bbox 1355 5717 1432 5774; x_wconf 74' lang='lat' dir='ltr'><strong>Tuta</strong></span> <span class='ocrx_word' id='word_1_605' title='bbox 1444 5735 1473 5788; x_wconf 76' lang='lat' dir='ltr'><strong>p.</strong></span> <span class='ocrx_word' id='word_1_606' title='bbox 1488 5725 1540 5774; x_wconf 75' lang='lat'><strong>702</strong></span> <span class='ocrx_word' id='word_1_607' title='bbox 1556 5723 1609 5774; x_wconf 79' lang='lat' dir='ltr'><strong>aet.</strong></span> <span class='ocrx_word' id='word_1_608' title='bbox 1627 5721 1680 5789; x_wconf 86' lang='lat'><em>10).</em></span> 
     </span>
    </p>
   </div>
   <div class='ocr_carea' id='block_1_13' title="bbox 0 0 2280 6436">
    <p class='ocr_par' dir='ltr' id='par_1_22' title="bbox 0 0 2280 6436">
     <span class='ocr_line' id='line_1_55' title="bbox 0 0 2280 6436; baseline 0 0"><span class='ocrx_word' id='word_1_609' title='bbox 0 0 2280 6436; x_wconf 95' lang='lat' dir='ltr'><strong> </strong></span> 
     </span>
    </p>
   </div>
  </div>
 </body>
</html>
