4612 6442
764 389 812 444 lll.
840 388 886 444 nli
905 386 1139 444 EDlTlONlBUS
1159 386 1307 442 ENNODI.

383 1081 389 1090 ,
489 939 584 1066 lll.
641 940 737 1065 DE
778 939 1253 1066 EDITIONIBUS
1295 939 1587 1068 ENNODI.

310 1193 418 1257 Editio
433 1195 577 1281 princeps
590 1193 716 1259 Eunodi
729 1194 845 1281 prodiit
856 1194 997 1259 Basileae
1012 1217 1050 1258 ex
1063 1196 1186 1260 officina
1198 1195 1439 1280 Henricpetrina
1453 1207 1536 1260 arrno
1552 1195 1660 1259 salutis
1673 1194 1863 1260 MDLXIX
1874 1206 1943 1280 oditis
1955 1206 2017 1298 arip·

208 1323 311 1364 mense
326 1300 446 1364 Martio
461 1301 541 1365 iuter
553 1301 706 1366 Iohannis
723 1300 832 1366 lacobi
849 1300 987 1387 Grynaei
1003 1301 1209 1365 Monumeuta
1225 1324 1249 1366 s.
1264 1310 1387 1387 patrum
1404 1299 1713 1386 ortlrodoxographa:
1736 1296 1864 1362 Ennodi
1881 1269 1932 1354 equ
1944 1261 2011 1354 ida>

208 1426 301 1490 opera
323 1405 521 1469 continentur
543 1405 642 1470 altera
664 1415 752 1492 parte
780 1405 873 1470 huius
896 1406 1042 1471 immanis
1066 1405 1234 1470 voluminis
1263 1430 1293 1492 p.
1309 1409 1489 1473 aaa-aso.
1533 1406 1614 1469 hauc
1635 1402 1803 1468 editionem
1826 1425 1864 1466 ex

206 1506 313 1572 codiee
335 1506 578 1574 Vindobonensi
601 1513 652 1590 (=
664 1510 702 1590 P)
725 1519 881 1596 sumptam
904 1533 972 1574 esse
999 1509 1162 1574 Hartelins
1194 1508 1277 1592 (edit.
1299 1509 1422 1575 Euuod.
1435 1534 1480 1596 ,p
1504 1507 1701 1588 VIII-XI)
1729 1504 1865 1570 dilucide

207 1610 441 1676 demonstravit.
477 1635 549 1677 narn
572 1636 611 1677 ne
633 1613 674 1678 ad
689 1614 807 1678 leviora
828 1623 1020 1700 argumenta,
1042 1637 1122 1701 quae
1136 1614 1271 1701 plurima
1292 1614 1324 1678 in
1339 1612 1594 1679 adnotationibus
1617 1610 1732 1675 nostris
1748 1609 1863 1673 criticis

207 1725 376 1803 suppetunt
383 1765 391 1796 ,
421 1717 653 1803 confugiamus,
682 1726 775 1804 atque
798 1727 832 1782 ut
859 1718 1056 1804 praecidatur
1078 1719 1233 1803 quaesitis,
1262 1727 1366 1782 utrum
1388 1717 1484 1782 editio
1511 1718 1529 1781 1)
1551 1739 1589 1781 ex
1617 1716 1687 1801 ipso
1713 1715 1742 1778 P
1763 1737 1802 1778 an
1826 1735 1863 1777 ex

207 1819 302 1884 simili
331 1819 467 1906 quodam
497 1820 579 1885 libro
608 1819 764 1908 descripta
798 1821 853 1885 sit:
890 1821 921 1885 in
957 1820 1063 1885 codice
1096 1821 1124 1884 P
1152 1820 1275 1886 duobus
1305 1821 1381 1885 loe-is
1411 1820 1628 1906 quaterniones
1659 1817 1755 1884 excisi
1782 1827 1864 1896 suut,

206 1947 284 2011 quos
313 1922 470 2010 quondam
499 1948 561 1989 non
589 1925 726 1990 defuisse
755 1925 952 1990 manifestum
980 1934 1043 2004 est;
1073 1933 1191 1990 restant
1218 1925 1300 1990 enim
1327 1925 1469 2004 infolio,
1499 1933 1573 2011 post
1594 1922 1679 2010 quod
1702 1922 1863 2009 quaternio

206 2027 407 2106 desideratur,
429 2029 530 2114 prima
549 2029 644 2094 rerba
666 2029 824 2115 sequentis
844 2029 1056 2115 quaternionis
1079 2028 1119 2093 ad
1142 2030 1357 2115 quaterniones
1381 2038 1461 2094 recte
1483 2027 1681 2093 collocandos
1698 2025 1864 2111 adscripta.

206 2132 339 2218 priorem
366 2133 509 2197 lacunam
539 2133 684 2218 quamvis
714 2141 853 2219 apertam
883 2155 988 2198 socors
1011 2133 1114 2198 editor
1134 2134 1324 2198 Basileensis
1347 2157 1409 2198 non
1432 2130 1667 2211 animadvertit,
1691 2129 1863 2216 desuntque

206 2237 238 2301 iu
261 2237 277 2299 b
301 2237 418 2315 omnia,
440 2258 520 2322 quae
543 2237 574 2299 in
598 2243 705 2300 nostra
726 2235 862 2300 editione
885 2261 914 2323 p.
930 2240 981 2317 92,
991 2238 1181 2317 41-1111,8
1202 2260 1317 2302 excusa
1339 2247 1419 2302 sunt.
1453 2238 1580 2301 alteram
1603 2237 1747 2300 lacunam
1770 2233 1863 2298 etiam

206 2341 352 2405 maiorem
386 2339 503 2405 codicis
534 2341 563 2404 P
597 2341 834 2424 (interciderunt
863 2365 942 2428 (quae
971 2352 1045 2407 sunt.
1077 2343 1109 2406 in
1140 2367 1170 2430 p.
1192 2347 1264 2423 203,
1285 2345 1419 2422 1-270,
1435 2347 1469 2422 5)
1503 2339 1604 2406 editor
1641 2341 1739 2406 sensit
1771 2348 1863 2426 atque

205 2445 342 2531 explevit
364 2445 395 2507 iu
420 2445 571 2508 auxilium
589 2453 702 2510 vocam
725 2445 831 2510 codice
854 2448 891 2526 B,
914 2445 999 2533 quod
1021 2470 1082 2512 uon
1106 2447 1206 2511 solum
1230 2447 1397 2512 lectionum
1420 2468 1574 2510 musanen
1596 2443 1651 2510 sed
1674 2444 1767 2509 etiarn
1790 2467 1863 2508 cou-

205 2547 326 2613 dicione
349 2547 466 2613 codicis
489 2550 517 2612 B
540 2548 722 2614 ostenditur.
766 2551 842 2616 solia
864 2551 947 2616 enim
969 2551 1061 2616 buius
1085 2552 1156 2616 libri
1181 2553 1366 2631 131-ς174,
1388 2551 1502 2637 quibus
1525 2572 1619 2636 opera
1641 2550 1673 2613 in
1696 2549 1724 2612 P
1746 2549 1863 2613 omissa

205 2653 412 2731 continentur,
439 2652 601 2740 permultis
627 2655 717 2719 lineis
746 2656 883 2719 numeris
906 2655 987 2719 uotis
1010 2655 1173 2740 inquinata
1202 2663 1290 2734 sunt,
1317 2678 1397 2740 quae
1423 2653 1531 2719 eadem
1559 2654 1592 2718 iu
1614 2653 1631 2716 b
1653 2652 1863 2716 inveniuntur.

206 2757 286 2822 hanc
308 2755 425 2821 codicis
448 2765 568 2843 partem
591 2758 749 2844 quondam
780 2760 810 2823 in
834 2759 934 2845 ipsum
958 2758 1113 2824 officinam
1141 2768 1176 2823 nt
1198 2759 1282 2845 typis
1309 2757 1533 2824 describeretur
1554 2758 1683 2823 missam
1706 2778 1774 2820 esse
1796 2765 1861 2820 tarn

206 2869 346 2946 apertum
374 2872 422 2925 est
451 2869 543 2947 atique
573 2861 626 2925 illa
655 2861 730 2926 solia
757 2865 924 2929 131-174
947 2861 1064 2927 codicis
1087 2864 1115 2927 B
1138 2871 1299 2950 tantopere
1322 2863 1418 2927 variis
1447 2860 1689 2948 inquinamentis
1712 2859 1862 2924 secteris

206 2963 355 3030 distincta
376 2975 457 3045 sunt,
480 2975 516 3030 ut
539 2965 571 3029 id
594 2965 766 3031 admiratus
790 2966 1014 3046 adnotaverirn,
1037 2968 1219 3053 prinsqurun
1242 2990 1368 3032 causam
1391 2968 1458 3031 eius
1481 2966 1533 3047 rei,
1556 2965 1675 3030 scilieet
1696 2962 1814 3028 codicis
1835 2961 1863 3026 P

204 3067 357 3148 lacunam,
379 3070 522 3155 cognovi.
566 3092 754 3155 quamquam
778 3069 875 3134 codex
905 3070 1030 3134 Batilo
1054 3071 1173 3156 optimo
1195 3081 1340 3136 exaratus
1362 3080 1421 3150 est,
1450 3079 1553 3135 tamen
1582 3070 1614 3133 in
1637 3068 1686 3132 his
1708 3066 1802 3146 foliis,
1823 3090 1862 3130 ue
1970 3130 1976 3140 ,

204 3173 365 3258 typothetae
390 3173 563 3253 falleretur,
589 3175 689 3238 multa
719 3175 814 3240 verba
842 3175 956 3238 recenti
984 3197 1078 3240 ruauu
1107 3174 1185 3239 iuter
1211 3174 1309 3238 lineus
1340 3173 1470 3260 repetita
1497 3181 1582 3237 sunt:
1611 3171 1719 3236 eadem
1747 3171 1862 3235 receuti

204 3299 298 3342 manu
321 3277 354 3340 in
376 3278 404 3341 B
428 3278 524 3342 rerba
545 3277 781 3364 distinguuntur
804 3288 834 3343 et
856 3277 1057 3357 dirimuntur,
1081 3278 1195 3365 pusilla
1217 3279 1294 3343 vitia
1317 3301 1464 3364 perverso
1487 3275 1610 3342 dicendi
1634 3276 1683 3341 vel
1706 3273 1861 3340 scribendi

204 3404 288 3445 more
310 3391 392 3462 orta,
422 3405 501 3467 quae
524 3382 677 3466 permulta
700 3391 773 3446 snut
800 3384 831 3446 in
854 3383 897 3461 B,
926 3383 1136 3468 corriguntur,
1162 3383 1322 3467 graviores
1350 3383 1537 3446 mutationes
1568 3381 1723 3468 scriptura
1744 3376 1860 3443 codicis

206 3486 284 3550 urale
307 3486 463 3550 intellecta
490 3483 688 3550 adnotantur.
732 3509 812 3572 (quae
839 3487 983 3572 quamvis
1010 3509 1102 3572 saepe
1129 3486 1193 3549 siut
1218 3486 1314 3550 mirae
1336 3495 1367 3550 ct
1390 3486 1528 3572 ineptae,
1558 3485 1588 3548 iu
1618 3486 1634 3550 b
1663 3483 1703 3549 ad
1726 3483 1859 3549 litteram

205 3589 288 3676 typis
311 3612 444 3654 excusae
467 3600 548 3654 sunt.
593 3590 712 3655 numeri
736 3588 870 3676 denique
892 3600 922 3654 et
943 3589 1079 3666 litterae,
1101 3612 1180 3676 quae
1202 3590 1321 3675 passim
1344 3591 1375 3653 iu
1399 3590 1592 3676 marginibus
1615 3589 1732 3655 codicis
1754 3589 1783 3652 B
1806 3585 1861 3652 ad-

205 3694 320 3780 scripta
343 3703 429 3772 sunt,
459 3677 656 3758 consentiunt
683 3717 754 3758 curn
777 3695 915 3759 uuureris
938 3704 969 3758 ct
991 3694 1116 3774 litteris,
1144 3693 1258 3779 quibus
1285 3694 1361 3758 solia
1389 3705 1420 3759 et
1447 3695 1579 3781 paginae
1601 3693 1747 3759 editionis
1769 3692 1861 3757 Basi-

205 3797 315 3861 leeusis
339 3797 462 3882 signata
484 3807 564 3861 sunt.
603 3820 673 3862 cunr
690 3821 763 3862 vcro
785 3798 861 3862 haec
884 3797 975 3883 signa
997 3798 1182 3884 aliquotiens
1206 3799 1332 3884 paululo
1355 3798 1532 3885 discrepent
1553 3808 1583 3863 et
1598 3798 1722 3863 Harteli
1737 3820 1860 3884 quoque

204 3911 293 3966 notae
316 3901 436 3980 abeis,
459 3924 538 3987 quae
561 3926 617 3965 nos
640 3902 672 3964 in
695 3900 830 3966 editione
853 3903 870 3966 b
893 3903 1087 3982 irrverriruuS,
1117 3903 1242 3989 saepius
1270 3903 1472 3982 abhorreant,
1502 3903 1649 3968 Selrottus
1672 3901 1805 3987 denique
1828 3901 1858 3964 in

204 4003 337 4090 epistula
359 4003 399 4069 ad
422 4005 497 4068 Ant.
522 4003 706 4068 Salnratiurn
729 4005 866 4084 ,alterurn
889 4004 1055 4070 editionem
1079 4006 1290 4071 Basileenseru
1314 4005 1701 4093 Ortlrodoxograplrornm‘
1723 4004 1860 4092 appella-

205 4109 291 4188 verit,
320 4109 458 4194 suspicio
485 4108 561 4172 mibi
597 4109 724 4174 suborta
753 4119 801 4173 cst
829 4108 954 4174 divorsa
982 4109 1065 4174 illius
1097 4111 1284 4175 recensionis
1313 4111 1501 4198 exemplaria
1535 4121 1664 4176 exstare.
1719 4108 1775 4174 sed
1801 4110 1860 4174 tria

203 4213 404 4298 exemplaria,
427 4235 505 4298 quae
528 4212 604 4276 nrilri
627 4213 779 4298 inspicere.
802 4213 898 4292 licuit,
921 4212 1039 4277 eisdem
1062 4214 1146 4300 typis
1169 4237 1285 4278 excusa
1307 4223 1392 4293 sunt;
1423 4214 1569 4278 Sebottus
1592 4223 1704 4292 autem,
1726 4213 1779 4299 qui
1801 4213 1859 4277 lc.

203 4313 370 4380 editionem
397 4316 526 4379 alteram
549 4315 761 4380 Basileeusem
791 4317 966 4380 nominavit
972 4366 981 4396 ‚
1010 4317 1041 4380 in
1069 4317 1203 4402 epistula
1232 4317 1422 4383 dedicatoria
1451 4319 1482 4381 in
1509 4318 1668 4382 enuntiato
1699 4317 1859 4382 simillimo

204 4418 334 4483 altemrn
349 4419 727 4506 Ortlrodoxogmplrorum
744 4421 891 4486 vrrlumeu
914 4420 1004 4500 <licia
1028 4421 1110 4486 rrrrde
1133 4422 1176 4487 ibi
1192 4423 1347 4488 vocabula
1361 4422 1508 4487 editionis
1530 4431 1561 4486 et
1584 4422 1751 4487 voluminis
1775 4445 1859 4487 oom-

204 4531 322 4587 mutata
344 4546 412 4586 esse
436 4524 605 4588 verisimile
627 4525 674 4604 fit,
705 4527 887 4611 praesertim
909 4549 980 4590 curn
1003 4527 1121 4606 omnia,
1148 4550 1227 4613 quae
1250 4527 1397 4592 Sebottus
1420 4551 1458 4591 ex
1482 4529 1498 4591 1
1522 4527 1671 4613 sumpsit,
1694 4549 1765 4590 cunr
1789 4550 1858 4591 meo

204 4625 370 4712 exemplari
393 4628 567 4693 concinant
611 4652 706 4714 quare
729 4631 833 4716 aliqua
861 4630 923 4696 alia
945 4632 1062 4696 ratione
1085 4631 1232 4718 explicari
1256 4631 1360 4711 debet,
1384 4631 1468 4718 quod
1491 4631 1624 4716 exempli
1646 4653 1742 4694 causa
1764 4653 1858 4716 opera

204 4728 337 4809 1311110111,
359 4731 472 4817 quibus
496 4733 527 4795 iu
549 4732 656 4798 codiee
676 4734 705 4798 B
727 4734 886 4822 adscripta
908 4745 982 4798 snut
1004 4735 1109 4820 sigua:
1132 4737 1205 4814 ‚420
1221 4734 1275 4798 Dd
1292 4739 1330 4815 4‘,
1356 4736 1388 4799 iu
1411 4736 1487 4800 folio
1514 4733 1661 4799 editionis
1685 4735 1702 4798 b
1725 4741 1858 4812 asstant,

203 4831 286 4918 quod
308 4833 465 4920 signatum
487 4845 550 4900 est:
573 4839 646 4914 ,418
671 4837 724 4902 Dd
743 4841 784 4916 l‘;
812 4839 861 4902 vcl
885 4837 970 4924 quod
992 4839 1081 4903 iuxta
1103 4839 1213 4918 verba,
1243 4862 1322 4924 quae
1345 4841 1377 4903 in
1399 4840 1475 4904 folio
1497 4838 1642 4904 editionis
1667 4842 1738 4916 ,394
1761 4839 1812 4904 Bb
1828 4837 1859 4909 5‘

204 4959 318 5002 excusa
340 4948 427 5017 sunt,
457 4940 488 5003 iu
512 4939 671 5005 codiceB
700 4943 789 5028 sigua
817 4942 1019 5007 inveniuntur
1046 4943 1268 5022 ,3941111111
1313 4952 1506 5008 ututautem
1530 4943 1606 5008 haec
1629 4965 1677 5007 res
1701 4943 1858 5023 sehabet,

204 5041 381 5128 typothetae
403 5043 576 5108 Basileensi
601 5043 784 5110 codicernB
806 5045 846 5110 ad
868 5069 979 5110 mauus
1002 5046 1099 5112 fnisse
1120 5069 1157 5111 ex
1174 5047 1252 5132 ipsis
1276 5047 1461 5113 lectionibus
1477 5056 1620 5134 apparet3
1643 5048 1732 5114 iuvat
1754 5056 1857 5113 tamen

204 5167 371 5210 memorare
398 5147 430 5211 in
465 5145 599 5212 editione
621 5149 639 5212 l
661 5149 787 5214 ultimas
815 5150 934 5214 litteras
963 5150 1115 5217 1111113113
1145 5173 1213 5214 esse
1228 5152 1353 5231 pererit
1374 5152 1444 5228 stab,
1471 5151 1588 5238 primas
1611 5152 1767 5237 sequentis
1791 5152 1857 5216 folii

204 5248 300 5313 arettas
323 5249 457 5332 9111111111
485 5258 525 5336 (p.
541 5254 614 5331 204,
626 5256 657 5331 2)
664 5277 673 5332 ;
700 5253 826 5318 ultimas
854 5254 974 5318 litteras
1002 5254 1155 5322 solitast
1183 5255 1290 5318 ulcissi
1315 5264 1347 5318 et
1380 5256 1496 5340 primas
1530 5256 1688 5341 sequentis
1716 5257 1857 5320 tadicum

202 5357 408 5438 (p.205,12):
431 5355 463 5417 iu
486 5353 592 5419 codice
611 5356 640 5420 B
663 5357 817 5422 vocabula
835 5359 993 5422 subiectas
1012 5358 1098 5439 (folio
1116 5361 1173 5424 131
1185 5359 1210 5439 b)
1233 5367 1265 5424 et
1286 5360 1534 5424 uicissitudinem
1555 5361 1617 5441 (fol.
1635 5364 1696 5427 132
1704 5360 1728 5438 q
1752 5383 1857 5424 crassa

201 5455 281 5521 linea
303 5455 410 5521 codem
435 5457 529 5522 nrodo
551 5482 614 5545 quo
637 5461 669 5524 in
692 5460 825 5527 editione
848 5464 865 5527 b
888 5461 1043 5548 dirempta
1065 5471 1146 5528 suut.
1170 5502 1210 5510 -
1228 5462 1315 5549 Ergo
1337 5487 1416 5549 quae
1439 5473 1511 5528 suut
1535 5465 1566 5528 iu
1589 5473 1697 5530 nostra
1721 5464 1857 5530 editione

200 5583 228 5644 p.
244 5563 494 5640 203,1-270,5
517 5562 557 5628 ab
579 5561 698 5629 editore
720 5566 894 5631 Basileeusi
911 5590 950 5632 ex
972 5567 1122 5632 codiceB
1144 5567 1257 5632 hausta
1271 5578 1353 5648 sunt,
1375 5569 1549 5654 posteriora
1563 5568 1666 5634 denuo
1688 5593 1726 5633 ex
1750 5567 1857 5633 codice

201 5662 236 5743 P,
258 5664 316 5728 uisi
340 5663 426 5751 quod
448 5667 557 5751 paucis
580 5666 656 5731 locis
680 5669 786 5735 codiee
809 5671 838 5735 B
861 5694 918 5758 pro
941 5670 1083 5737 subsidio
1106 5695 1181 5738 usus
1204 5681 1264 5751 cst,
1287 5672 1368 5737 sieut
1389 5673 1452 5738 ianr
1475 5673 1506 5737 in
1529 5673 1686 5760 prioribus
1709 5673 1856 5760 operibus

302 5775 444 5831 Eunones
1683 5803 1704 5855 3
