<?xml version="1.0" encoding="UTF-8"?>
<!DOCTYPE html PUBLIC "-//W3C//DTD XHTML 1.0 Transitional//EN"
    "http://www.w3.org/TR/xhtml1/DTD/xhtml1-transitional.dtd">
<html xmlns="http://www.w3.org/1999/xhtml" xml:lang="en" lang="en">
 <head>
  <title>
</title>
<meta http-equiv="Content-Type" content="text/html;charset=utf-8" />
  <meta name='ocr-system' content='tesseract 3.04.00' />
  <meta name='ocr-capabilities' content='ocr_page ocr_carea ocr_par ocr_line ocrx_word'/>
</head>
<body>
  <div class='ocr_page' id='page_1' title='image "./monumentagerman06mittgoog_0321.png"; bbox 0 0 4566 6532; ppageno 0'>
   <div class='ocr_carea' id='block_1_1' title="bbox 444 415 1694 486">
    <p class='ocr_par' dir='ltr' id='par_1_1' title="bbox 444 415 1694 486">
     <span class='ocr_line' id='line_1_1' title="bbox 444 415 1694 486; baseline -0.011 -2"><span class='ocrx_word' id='word_1_1' title='bbox 444 423 507 485; x_wconf 82' lang='grc'>248</span> <span class='ocrx_word' id='word_1_2' title='bbox 855 416 1040 472; x_wconf 86' lang='lat' dir='ltr'>CCCXXXVI</span> <span class='ocrx_word' id='word_1_3' title='bbox 1060 416 1165 486; x_wconf 82' lang='lat' dir='ltr'>(DIC&#39;l&#39;.</span> <span class='ocrx_word' id='word_1_4' title='bbox 1183 418 1219 486; x_wconf 86' lang='lat'>5),</span> <span class='ocrx_word' id='word_1_5' title='bbox 1237 415 1435 473; x_wconf 80' lang='lat' dir='ltr'>CCCXXXVII</span> <span class='ocrx_word' id='word_1_6' title='bbox 1454 415 1578 484; x_wconf 79' lang='lat' dir='ltr'>(EPIST.</span> <span class='ocrx_word' id='word_1_7' title='bbox 1597 415 1623 481; x_wconf 81' lang='lat' dir='ltr'>l,</span> <span class='ocrx_word' id='word_1_8' title='bbox 1640 417 1694 482; x_wconf 73' lang='grc'><strong>22).</strong></span> 
     </span>
    </p>
   </div>
   <div class='ocr_carea' id='block_1_2' title="bbox 443 590 2112 764">
    <p class='ocr_par' dir='ltr' id='par_1_2' title="bbox 443 590 2112 764">
     <span class='ocr_line' id='line_1_2' title="bbox 443 590 2112 681; baseline -0.004 -22"><span class='ocrx_word' id='word_1_9' title='bbox 443 594 632 681; x_wconf 89' lang='lat' dir='ltr'>imperium,</span> <span class='ocrx_word' id='word_1_10' title='bbox 667 614 728 658; x_wconf 92' lang='lat' dir='ltr'>nec</span> <span class='ocrx_word' id='word_1_11' title='bbox 763 591 935 658; x_wconf 88' lang='lat' dir='ltr'>subiaceat</span> <span class='ocrx_word' id='word_1_12' title='bbox 969 590 1112 656; x_wconf 90' lang='lat' dir='ltr'>moribus</span> <span class='ocrx_word' id='word_1_13' title='bbox 1145 592 1201 677; x_wconf 87' lang='lat' dir='ltr'>qui</span> <span class='ocrx_word' id='word_1_14' title='bbox 1236 592 1418 679; x_wconf 88' lang='lat' dir='ltr'>praeminet</span> <span class='ocrx_word' id='word_1_15' title='bbox 1452 590 1627 676; x_wconf 79' lang='lat' dir='ltr'>dignitate:</span> <span class='ocrx_word' id='word_1_16' title='bbox 1662 612 1723 677; x_wconf 91' lang='lat' dir='ltr'>per</span> <span class='ocrx_word' id='word_1_17' title='bbox 1756 590 1921 656; x_wconf 90' lang='lat' dir='ltr'>dominum</span> <span class='ocrx_word' id='word_1_18' title='bbox 1956 596 2112 654; x_wconf 90' lang='lat' dir='ltr'>nostrum</span> 
     </span>
     <span class='ocr_line' id='line_1_3' title="bbox 443 696 760 764; baseline 0.003 -2"><span class='ocrx_word' id='word_1_19' title='bbox 443 697 557 764; x_wconf 91' lang='lat' dir='ltr'>Iesum</span> <span class='ocrx_word' id='word_1_20' title='bbox 581 696 760 763; x_wconf 74' lang='lat' dir='ltr'>Christum.</span> 
     </span>
    </p>
   </div>
   <div class='ocr_carea' id='block_1_3' title="bbox 1016 813 1535 882">
    <p class='ocr_par' dir='ltr' id='par_1_3' title="bbox 1016 813 1535 882">
     <span class='ocr_line' id='line_1_4' title="bbox 1016 813 1535 882; baseline 0.002 -1"><span class='ocrx_word' id='word_1_21' title='bbox 1016 815 1185 881; x_wconf 81' lang='lat' dir='ltr'><strong>ORATIO</strong></span> <span class='ocrx_word' id='word_1_22' title='bbox 1207 815 1330 880; x_wconf 79' lang='lat' dir='ltr'>ANTE</span> <span class='ocrx_word' id='word_1_23' title='bbox 1353 813 1535 882; x_wconf 71' lang='lat' dir='ltr'>Missam.</span> 
     </span>
    </p>
   </div>
   <div class='ocr_carea' id='block_1_4' title="bbox 393 952 2236 1875">
    <p class='ocr_par' dir='ltr' id='par_1_4' title="bbox 393 952 2190 1354">
     <span class='ocr_line' id='line_1_5' title="bbox 393 952 2111 1041; baseline -0.002 -24"><span class='ocrx_word' id='word_1_24' title='bbox 393 957 431 1018; x_wconf 83' lang='lat'>10</span> <span class='ocrx_word' id='word_1_25' title='bbox 552 956 710 1022; x_wconf 84' lang='lat' dir='ltr'>Conlator</span> <span class='ocrx_word' id='word_1_26' title='bbox 739 954 898 1020; x_wconf 90' lang='lat' dir='ltr'>honorum</span> <span class='ocrx_word' id='word_1_27' title='bbox 927 953 1025 1034; x_wconf 90' lang='lat' dir='ltr'>dens,</span> <span class='ocrx_word' id='word_1_28' title='bbox 1058 952 1109 1017; x_wconf 92' lang='lat' dir='ltr'>cui</span> <span class='ocrx_word' id='word_1_29' title='bbox 1139 954 1277 1019; x_wconf 85' lang='lat' dir='ltr'>effectus</span> <span class='ocrx_word' id='word_1_30' title='bbox 1301 953 1335 1017; x_wconf 95' lang='lat' dir='ltr'>in</span> <span class='ocrx_word' id='word_1_31' title='bbox 1357 959 1432 1017; x_wconf 89' lang='lat' dir='ltr'>voto</span> <span class='ocrx_word' id='word_1_32' title='bbox 1456 960 1523 1034; x_wconf 89' lang='lat' dir='ltr'>est,</span> <span class='ocrx_word' id='word_1_33' title='bbox 1553 954 1607 1041; x_wconf 93' lang='lat' dir='ltr'>qui</span> <span class='ocrx_word' id='word_1_34' title='bbox 1632 953 1672 1019; x_wconf 88' lang='lat' dir='ltr'>de</span> <span class='ocrx_word' id='word_1_35' title='bbox 1696 953 1803 1020; x_wconf 89' lang='lat' dir='ltr'>medio</span> <span class='ocrx_word' id='word_1_36' title='bbox 1826 953 1941 1040; x_wconf 92' lang='lat' dir='ltr'>populi</span> <span class='ocrx_word' id='word_1_37' title='bbox 1965 953 2111 1037; x_wconf 81' lang='lat' dir='ltr'>Moysen</span> 
     </span>
     <span class='ocr_line' id='line_1_6' title="bbox 441 1055 2190 1146; baseline -0.006 -22"><span class='ocrx_word' id='word_1_38' title='bbox 441 1059 475 1124; x_wconf 91' lang='lat' dir='ltr'>in</span> <span class='ocrx_word' id='word_1_39' title='bbox 498 1060 679 1146; x_wconf 89' lang='lat' dir='ltr'>prophetae</span> <span class='ocrx_word' id='word_1_40' title='bbox 703 1080 844 1146; x_wconf 89' lang='lat' dir='ltr'>persona</span> <span class='ocrx_word' id='word_1_41' title='bbox 866 1057 1026 1124; x_wconf 89' lang='lat' dir='ltr'>dedicasti</span> <span class='ocrx_word' id='word_1_42' title='bbox 1051 1092 1091 1104; x_wconf 85' lang='lat'>-</span> <span class='ocrx_word' id='word_1_43' title='bbox 1115 1077 1191 1120; x_wconf 89' lang='lat' dir='ltr'>nam</span> <span class='ocrx_word' id='word_1_44' title='bbox 1215 1055 1290 1120; x_wconf 92' lang='lat' dir='ltr'>dum</span> <span class='ocrx_word' id='word_1_45' title='bbox 1314 1056 1461 1142; x_wconf 89' lang='lat' dir='ltr'>queritur</span> <span class='ocrx_word' id='word_1_46' title='bbox 1483 1056 1524 1123; x_wconf 92' lang='lat' dir='ltr'>dc</span> <span class='ocrx_word' id='word_1_47' title='bbox 1549 1056 1776 1136; x_wconf 89' lang='lat' dir='ltr'>inbecillitate,</span> <span class='ocrx_word' id='word_1_48' title='bbox 1808 1063 1840 1123; x_wconf 90' lang='lat' dir='ltr'>te</span> <span class='ocrx_word' id='word_1_49' title='bbox 1864 1063 2002 1123; x_wconf 89' lang='lat' dir='ltr'>auctore</span> <span class='ocrx_word' id='word_1_50' title='bbox 2028 1075 2112 1119; x_wconf 90' lang='lat' dir='ltr'>con-</span> <span class='ocrx_word' id='word_1_51' title='bbox 2178 1076 2190 1114; x_wconf 79' lang='lat' dir='ltr'>s</span> 
     </span>
     <span class='ocr_line' id='line_1_7' title="bbox 442 1157 2114 1251; baseline -0.003 -24"><span class='ocrx_word' id='word_1_52' title='bbox 442 1163 559 1238; x_wconf 89' lang='lat' dir='ltr'>valuit;</span> <span class='ocrx_word' id='word_1_53' title='bbox 589 1164 727 1251; x_wconf 75' lang='lat' dir='ltr'><strong>sumpsit</strong></span> <span class='ocrx_word' id='word_1_54' title='bbox 754 1164 906 1228; x_wconf 90' lang='lat' dir='ltr'>meritum</span> <span class='ocrx_word' id='word_1_55' title='bbox 930 1161 1102 1249; x_wconf 89' lang='lat' dir='ltr'>pontificis,</span> <span class='ocrx_word' id='word_1_56' title='bbox 1132 1159 1208 1224; x_wconf 92' lang='lat' dir='ltr'>dum</span> <span class='ocrx_word' id='word_1_57' title='bbox 1231 1161 1335 1225; x_wconf 90' lang='lat' dir='ltr'>iustus</span> <span class='ocrx_word' id='word_1_58' title='bbox 1362 1160 1412 1224; x_wconf 91' lang='lat' dir='ltr'>sui</span> <span class='ocrx_word' id='word_1_59' title='bbox 1436 1161 1561 1226; x_wconf 78' lang='lat' dir='ltr'>arbiter</span> <span class='ocrx_word' id='word_1_60' title='bbox 1584 1183 1619 1226; x_wconf 89' lang='lat' dir='ltr'>se</span> <span class='ocrx_word' id='word_1_61' title='bbox 1644 1161 1803 1227; x_wconf 88' lang='lat' dir='ltr'>vociferat</span> <span class='ocrx_word' id='word_1_62' title='bbox 1825 1162 1871 1226; x_wconf 91' lang='lat' dir='ltr'>nil</span> <span class='ocrx_word' id='word_1_63' title='bbox 1894 1160 2026 1239; x_wconf 83' lang='lat' dir='ltr'>mereri,</span> <span class='ocrx_word' id='word_1_64' title='bbox 2058 1157 2114 1222; x_wconf 92' lang='lat' dir='ltr'>cui</span> 
     </span>
     <span class='ocr_line' id='line_1_8' title="bbox 442 1262 2114 1354; baseline -0.003 -24"><span class='ocrx_word' id='word_1_65' title='bbox 442 1267 572 1354; x_wconf 80' lang='lat' dir='ltr'>apicem</span> <span class='ocrx_word' id='word_1_66' title='bbox 602 1267 730 1332; x_wconf 89' lang='lat' dir='ltr'>actione</span> <span class='ocrx_word' id='word_1_67' title='bbox 759 1266 932 1332; x_wconf 79' lang='lat' dir='ltr'>sublimem</span> <span class='ocrx_word' id='word_1_68' title='bbox 962 1265 1150 1330; x_wconf 90' lang='lat' dir='ltr'>conciliavit</span> <span class='ocrx_word' id='word_1_69' title='bbox 1177 1264 1345 1329; x_wconf 81' lang='lat' dir='ltr'>humilitas</span> <span class='ocrx_word' id='word_1_70' title='bbox 1368 1301 1410 1311; x_wconf 91' lang='lat'>—</span> <span class='ocrx_word' id='word_1_71' title='bbox 1433 1263 1476 1330; x_wconf 89' lang='lat' dir='ltr'>da</span> <span class='ocrx_word' id='word_1_72' title='bbox 1497 1287 1612 1351; x_wconf 88' lang='lat' dir='ltr'>parem</span> <span class='ocrx_word' id='word_1_73' title='bbox 1639 1267 1761 1332; x_wconf 90' lang='lat' dir='ltr'>nostris</span> <span class='ocrx_word' id='word_1_74' title='bbox 1784 1264 1930 1332; x_wconf 81' lang='lat' dir='ltr'>exordiis</span> <span class='ocrx_word' id='word_1_75' title='bbox 1955 1262 2114 1350; x_wconf 86' lang='lat' dir='ltr'>gratiam,</span> 
     </span>
    </p>

    <p class='ocr_par' dir='ltr' id='par_1_5' title="bbox 394 1367 2236 1875">
     <span class='ocr_line' id='line_1_9' title="bbox 394 1367 2236 1458; baseline 0 -29"><span class='ocrx_word' id='word_1_76' title='bbox 394 1372 429 1430; x_wconf 91' lang='lat' dir='ltr'>ll</span> <span class='ocrx_word' id='word_1_77' title='bbox 445 1371 522 1456; x_wconf 91' lang='lat' dir='ltr'>quia</span> <span class='ocrx_word' id='word_1_78' title='bbox 554 1370 803 1458; x_wconf 85' lang='lat' dir='ltr'>propensiorem</span> <span class='ocrx_word' id='word_1_79' title='bbox 838 1369 952 1436; x_wconf 89' lang='lat' dir='ltr'>deberi</span> <span class='ocrx_word' id='word_1_80' title='bbox 992 1369 1120 1434; x_wconf 89' lang='lat' dir='ltr'>actibus</span> <span class='ocrx_word' id='word_1_81' title='bbox 1155 1367 1361 1433; x_wconf 90' lang='lat' dir='ltr'>declaramus</span> <span class='ocrx_word' id='word_1_82' title='bbox 1396 1369 1567 1435; x_wconf 86' lang='lat' dir='ltr'>offensam.</span> <span class='ocrx_word' id='word_1_83' title='bbox 1620 1390 1685 1433; x_wconf 92' lang='lat' dir='ltr'>non</span> <span class='ocrx_word' id='word_1_84' title='bbox 1720 1374 1795 1433; x_wconf 90' lang='lat' dir='ltr'>sunt</span> <span class='ocrx_word' id='word_1_85' title='bbox 1829 1369 1989 1434; x_wconf 88' lang='lat' dir='ltr'>inusitata</span> <span class='ocrx_word' id='word_1_86' title='bbox 2025 1387 2115 1452; x_wconf 91' lang='lat' dir='ltr'>quae</span> <span class='ocrx_word' id='word_1_87' title='bbox 2233 1407 2236 1411; x_wconf 91' lang='lat'><em>-</em></span> 
     </span>
     <span class='ocr_line' id='line_1_10' title="bbox 444 1472 2115 1560; baseline -0.002 -22"><span class='ocrx_word' id='word_1_88' title='bbox 444 1475 624 1560; x_wconf 91' lang='lat' dir='ltr'>poscimus:</span> <span class='ocrx_word' id='word_1_89' title='bbox 660 1473 845 1560; x_wconf 82' lang='lat' dir='ltr'>benignitas</span> <span class='ocrx_word' id='word_1_90' title='bbox 879 1480 937 1538; x_wconf 91' lang='lat' dir='ltr'>tua</span> <span class='ocrx_word' id='word_1_91' title='bbox 968 1473 1155 1542; x_wconf 90' lang='lat' dir='ltr'>testimonio</span> <span class='ocrx_word' id='word_1_92' title='bbox 1186 1478 1318 1538; x_wconf 93' lang='lat' dir='ltr'>tenetur</span> <span class='ocrx_word' id='word_1_93' title='bbox 1353 1472 1506 1558; x_wconf 81' lang='lat' dir='ltr'>exempli.</span> <span class='ocrx_word' id='word_1_94' title='bbox 1558 1495 1596 1539; x_wconf 91' lang='lat' dir='ltr'>co</span> <span class='ocrx_word' id='word_1_95' title='bbox 1627 1475 1716 1538; x_wconf 89' lang='lat' dir='ltr'>circa</span> <span class='ocrx_word' id='word_1_96' title='bbox 1750 1495 1810 1539; x_wconf 94' lang='lat' dir='ltr'>nos</span> <span class='ocrx_word' id='word_1_97' title='bbox 1845 1474 1910 1539; x_wconf 86' lang='lat' dir='ltr'>eris</span> <span class='ocrx_word' id='word_1_98' title='bbox 1945 1473 2115 1538; x_wconf 92' lang='lat' dir='ltr'>bonorum</span> 
     </span>
     <span class='ocr_line' id='line_1_11' title="bbox 444 1572 2194 1666; baseline -0.006 -22"><span class='ocrx_word' id='word_1_99' title='bbox 444 1579 617 1664; x_wconf 80' lang='lat' dir='ltr'>largitione</span> <span class='ocrx_word' id='word_1_100' title='bbox 647 1578 848 1660; x_wconf 86' lang='lat' dir='ltr'>clementior,</span> <span class='ocrx_word' id='word_1_101' title='bbox 878 1599 941 1666; x_wconf 93' lang='lat' dir='ltr'>quo</span> <span class='ocrx_word' id='word_1_102' title='bbox 966 1576 1149 1642; x_wconf 91' lang='lat' dir='ltr'>substantia</span> <span class='ocrx_word' id='word_1_103' title='bbox 1172 1583 1284 1640; x_wconf 90' lang='lat' dir='ltr'>nostra</span> <span class='ocrx_word' id='word_1_104' title='bbox 1305 1575 1392 1640; x_wconf 89' lang='lat' dir='ltr'>facta</span> <span class='ocrx_word' id='word_1_105' title='bbox 1415 1581 1466 1642; x_wconf 89' lang='lat' dir='ltr'>est</span> <span class='ocrx_word' id='word_1_106' title='bbox 1488 1577 1529 1642; x_wconf 89' lang='lat' dir='ltr'>de</span> <span class='ocrx_word' id='word_1_107' title='bbox 1553 1577 1680 1664; x_wconf 89' lang='lat' dir='ltr'>peccati</span> <span class='ocrx_word' id='word_1_108' title='bbox 1703 1576 1794 1642; x_wconf 91' lang='lat' dir='ltr'>fasce</span> <span class='ocrx_word' id='word_1_109' title='bbox 1819 1575 2008 1662; x_wconf 77' lang='lat' dir='ltr'>proclivior.</span> <span class='ocrx_word' id='word_1_110' title='bbox 2055 1572 2112 1653; x_wconf 91' lang='lat' dir='ltr'>da,</span> <span class='ocrx_word' id='word_1_111' title='bbox 2168 1595 2194 1634; x_wconf 77' lang='lat' dir='ltr'>ro</span> 
     </span>
     <span class='ocr_line' id='line_1_12' title="bbox 444 1677 2115 1770; baseline -0.004 -23"><span class='ocrx_word' id='word_1_112' title='bbox 444 1682 531 1747; x_wconf 84' lang='lat' dir='ltr'>bone</span> <span class='ocrx_word' id='word_1_113' title='bbox 559 1682 747 1770; x_wconf 88' lang='lat' dir='ltr'>imperator,</span> <span class='ocrx_word' id='word_1_114' title='bbox 777 1681 911 1768; x_wconf 90' lang='lat' dir='ltr'>dignam</span> <span class='ocrx_word' id='word_1_115' title='bbox 939 1688 995 1746; x_wconf 93' lang='lat' dir='ltr'>tua</span> <span class='ocrx_word' id='word_1_116' title='bbox 1022 1679 1181 1745; x_wconf 88' lang='lat' dir='ltr'>electione</span> <span class='ocrx_word' id='word_1_117' title='bbox 1205 1679 1375 1761; x_wconf 89' lang='lat' dir='ltr'>virtutem,</span> <span class='ocrx_word' id='word_1_118' title='bbox 1406 1680 1483 1765; x_wconf 92' lang='lat' dir='ltr'>quia</span> <span class='ocrx_word' id='word_1_119' title='bbox 1511 1679 1570 1744; x_wconf 93' lang='lat' dir='ltr'>sub</span> <span class='ocrx_word' id='word_1_120' title='bbox 1601 1681 1654 1768; x_wconf 94' lang='lat' dir='ltr'>pio</span> <span class='ocrx_word' id='word_1_121' title='bbox 1683 1679 1831 1767; x_wconf 90' lang='lat' dir='ltr'>principe</span> <span class='ocrx_word' id='word_1_122' title='bbox 1854 1679 1947 1744; x_wconf 91' lang='lat' dir='ltr'>nulla</span> <span class='ocrx_word' id='word_1_123' title='bbox 1970 1677 2115 1743; x_wconf 87' lang='lat' dir='ltr'>militam</span> 
     </span>
     <span class='ocr_line' id='line_1_13' title="bbox 429 1767 1569 1875; baseline -0.002 -23"><span class='ocrx_word' id='word_1_124' title='bbox 429 1767 614 1853; x_wconf 62' lang='lat' dir='ltr'>&#39;decolorat</span> <span class='ocrx_word' id='word_1_125' title='bbox 637 1787 794 1854; x_wconf 88' lang='lat' dir='ltr'>abiectio:</span> <span class='ocrx_word' id='word_1_126' title='bbox 819 1809 879 1875; x_wconf 90' lang='lat' dir='ltr'>per</span> <span class='ocrx_word' id='word_1_127' title='bbox 900 1787 1065 1852; x_wconf 92' lang='lat' dir='ltr'>dominum</span> <span class='ocrx_word' id='word_1_128' title='bbox 1088 1790 1235 1850; x_wconf 91' lang='lat' dir='ltr'>nostrum</span> <span class='ocrx_word' id='word_1_129' title='bbox 1257 1783 1367 1849; x_wconf 90' lang='lat' dir='ltr'>Iesum</span> <span class='ocrx_word' id='word_1_130' title='bbox 1392 1782 1569 1850; x_wconf 91' lang='lat' dir='ltr'>Christum.</span> 
     </span>
    </p>
   </div>
   <div class='ocr_carea' id='block_1_5' title="bbox 1015 2128 1536 2404">
    <p class='ocr_par' dir='ltr' id='par_1_6' title="bbox 1015 2128 1536 2404">
     <span class='ocr_line' id='line_1_14' title="bbox 1015 2128 1536 2218; baseline 0.002 -20"><span class='ocrx_word' id='word_1_131' title='bbox 1015 2128 1271 2198; x_wconf 83' lang='lat' dir='ltr'>CCCXXXVlI</span> <span class='ocrx_word' id='word_1_132' title='bbox 1294 2129 1403 2216; x_wconf 75' lang='lat' dir='ltr'>(amsa.</span> <span class='ocrx_word' id='word_1_133' title='bbox 1422 2135 1451 2214; x_wconf 81' lang='lat'>7,</span> <span class='ocrx_word' id='word_1_134' title='bbox 1469 2135 1536 2218; x_wconf 72' lang='grc'><strong>22).</strong></span> 
     </span>
     <span class='ocr_line' id='line_1_15' title="bbox 1042 2327 1508 2404; baseline 0.004 -3"><span class='ocrx_word' id='word_1_135' title='bbox 1042 2327 1233 2404; x_wconf 79' lang='lat' dir='ltr'>MAXIMO</span> <span class='ocrx_word' id='word_1_136' title='bbox 1261 2327 1471 2403; x_wconf 81' lang='lat' dir='ltr'><em>ENNODIV</em></span> <span class='ocrx_word' id='word_1_137' title='bbox 1472 2329 1508 2403; x_wconf 91' lang='lat' dir='ltr'>S.</span> 
     </span>
    </p>
   </div>
   <div class='ocr_carea' id='block_1_6' title="bbox 291 2472 2198 4352">
    <p class='ocr_par' dir='ltr' id='par_1_7' title="bbox 291 2472 2195 2800">
     <span class='ocr_line' id='line_1_16' title="bbox 417 2472 2119 2592; baseline 0.001 -27"><span class='ocrx_word' id='word_1_138' title='bbox 417 2497 429 2556; x_wconf 87' lang='lat' dir='ltr'>l</span> <span class='ocrx_word' id='word_1_139' title='bbox 560 2472 721 2568; x_wconf 83' lang='lat' dir='ltr'>Fidelius</span> <span class='ocrx_word' id='word_1_140' title='bbox 744 2525 764 2568; x_wconf 89' lang='lat' dir='ltr'>a</span> <span class='ocrx_word' id='word_1_141' title='bbox 786 2503 986 2570; x_wconf 88' lang='lat' dir='ltr'>sublimitate</span> <span class='ocrx_word' id='word_1_142' title='bbox 1009 2510 1066 2570; x_wconf 90' lang='lat' dir='ltr'>tua</span> <span class='ocrx_word' id='word_1_143' title='bbox 1087 2527 1202 2571; x_wconf 87' lang='lat' dir='ltr'>vocem</span> <span class='ocrx_word' id='word_1_144' title='bbox 1227 2506 1409 2592; x_wconf 91' lang='lat' dir='ltr'>suscipiunt</span> <span class='ocrx_word' id='word_1_145' title='bbox 1432 2512 1489 2571; x_wconf 91' lang='lat' dir='ltr'>aut</span> <span class='ocrx_word' id='word_1_146' title='bbox 1510 2507 1693 2592; x_wconf 87' lang='lat' dir='ltr'>interrupta</span> <span class='ocrx_word' id='word_1_147' title='bbox 1715 2505 1874 2570; x_wconf 91' lang='lat' dir='ltr'>montium</span> <span class='ocrx_word' id='word_1_148' title='bbox 1898 2510 1956 2568; x_wconf 90' lang='lat' dir='ltr'>aut</span> <span class='ocrx_word' id='word_1_149' title='bbox 1981 2511 2119 2568; x_wconf 86' lang='lat' dir='ltr'>secreta</span> 
     </span>
     <span class='ocr_line' id='line_1_17' title="bbox 291 2603 2195 2709; baseline 0 -39"><span class='ocrx_word' id='word_1_150' title='bbox 291 2603 398 2709; x_wconf 49' lang='lat' dir='ltr'>,effigi-1</span> <span class='ocrx_word' id='word_1_151' title='bbox 412 2606 614 2697; x_wconf 72' lang='lat' dir='ltr'>ndsilvarum:</span> <span class='ocrx_word' id='word_1_152' title='bbox 639 2606 799 2694; x_wconf 86' lang='lat' dir='ltr'>praebent</span> <span class='ocrx_word' id='word_1_153' title='bbox 821 2608 1009 2673; x_wconf 89' lang='lat' dir='ltr'>hominibus</span> <span class='ocrx_word' id='word_1_154' title='bbox 1033 2616 1170 2676; x_wconf 88' lang='lat' dir='ltr'>naturae</span> <span class='ocrx_word' id='word_1_155' title='bbox 1187 2611 1392 2676; x_wconf 85' lang='lat' dir='ltr'>institutione</span> <span class='ocrx_word' id='word_1_156' title='bbox 1409 2615 1442 2675; x_wconf 93' lang='lat' dir='ltr'>ct</span> <span class='ocrx_word' id='word_1_157' title='bbox 1458 2616 1548 2674; x_wconf 90' lang='lat' dir='ltr'>muta</span> <span class='ocrx_word' id='word_1_158' title='bbox 1564 2630 1768 2696; x_wconf 90' lang='lat' dir='ltr'>responsum,</span> <span class='ocrx_word' id='word_1_159' title='bbox 1792 2607 1877 2674; x_wconf 88' lang='lat' dir='ltr'>redit</span> <span class='ocrx_word' id='word_1_160' title='bbox 1893 2605 1935 2672; x_wconf 92' lang='lat' dir='ltr'>ad</span> <span class='ocrx_word' id='word_1_161' title='bbox 1952 2608 2119 2673; x_wconf 85' lang='lat' dir='ltr'>mortales</span> <span class='ocrx_word' id='word_1_162' title='bbox 2171 2621 2195 2658; x_wconf 74' lang='lat'>¹⁵</span> 
     </span>
     <span class='ocr_line' id='line_1_18' title="bbox 303 2708 2119 2800; baseline 0.001 -27"><span class='ocrx_word' id='word_1_163' title='bbox 303 2708 429 2762; x_wconf 57' lang='lat' dir='ltr'>&amp;VSM</span> <span class='ocrx_word' id='word_1_164' title='bbox 444 2708 636 2774; x_wconf 78' lang='lat' dir='ltr'>vicissitudo</span> <span class='ocrx_word' id='word_1_165' title='bbox 668 2711 831 2777; x_wconf 84' lang='lat' dir='ltr'>clamosae</span> <span class='ocrx_word' id='word_1_166' title='bbox 859 2711 1062 2795; x_wconf 87' lang='lat' dir='ltr'>solitudinis,</span> <span class='ocrx_word' id='word_1_167' title='bbox 1094 2735 1159 2778; x_wconf 91' lang='lat' dir='ltr'>non</span> <span class='ocrx_word' id='word_1_168' title='bbox 1191 2715 1277 2800; x_wconf 91' lang='lat' dir='ltr'>perit</span> <span class='ocrx_word' id='word_1_169' title='bbox 1304 2712 1392 2800; x_wconf 92' lang='lat' dir='ltr'>quod</span> <span class='ocrx_word' id='word_1_170' title='bbox 1422 2714 1553 2798; x_wconf 88' lang='lat' dir='ltr'>linguae</span> <span class='ocrx_word' id='word_1_171' title='bbox 1584 2713 1773 2800; x_wconf 91' lang='lat' dir='ltr'>acceperint</span> <span class='ocrx_word' id='word_1_172' title='bbox 1789 2711 1848 2776; x_wconf 74' lang='lat' dir='ltr'>tvel</span> <span class='ocrx_word' id='word_1_173' title='bbox 1878 2713 1986 2776; x_wconf 90' lang='lat' dir='ltr'>lustra</span> <span class='ocrx_word' id='word_1_174' title='bbox 2019 2711 2119 2776; x_wconf 91' lang='lat' dir='ltr'>beni-</span> 
     </span>
    </p>

    <p class='ocr_par' dir='ltr' id='par_1_8' title="bbox 305 2813 2198 4352">
     <span class='ocr_line' id='line_1_19' title="bbox 444 2813 2121 2904; baseline 0.001 -26"><span class='ocrx_word' id='word_1_175' title='bbox 444 2815 563 2878; x_wconf 89' lang='lat' dir='ltr'>ficium.</span> <span class='ocrx_word' id='word_1_176' title='bbox 608 2835 709 2902; x_wconf 89' lang='lat' dir='ltr'>qnare</span> <span class='ocrx_word' id='word_1_177' title='bbox 732 2815 818 2881; x_wconf 90' lang='lat' dir='ltr'>istud</span> <span class='ocrx_word' id='word_1_178' title='bbox 844 2816 877 2881; x_wconf 93' lang='lat' dir='ltr'>in</span> <span class='ocrx_word' id='word_1_179' title='bbox 900 2817 1123 2902; x_wconf 88' lang='lat' dir='ltr'>magnitudine</span> <span class='ocrx_word' id='word_1_180' title='bbox 1147 2825 1203 2884; x_wconf 91' lang='lat' dir='ltr'>tua</span> <span class='ocrx_word' id='word_1_181' title='bbox 1226 2818 1334 2883; x_wconf 89' lang='lat' dir='ltr'>laudis</span> <span class='ocrx_word' id='word_1_182' title='bbox 1357 2825 1391 2884; x_wconf 91' lang='lat' dir='ltr'>ct</span> <span class='ocrx_word' id='word_1_183' title='bbox 1414 2816 1643 2904; x_wconf 89' lang='lat' dir='ltr'>philosophiae</span> <span class='ocrx_word' id='word_1_184' title='bbox 1667 2837 1773 2901; x_wconf 90' lang='lat' dir='ltr'>genus</span> <span class='ocrx_word' id='word_1_185' title='bbox 1796 2821 1859 2897; x_wconf 90' lang='lat' dir='ltr'>est,</span> <span class='ocrx_word' id='word_1_186' title='bbox 1891 2814 1975 2879; x_wconf 93' lang='lat' dir='ltr'>nihil</span> <span class='ocrx_word' id='word_1_187' title='bbox 2000 2813 2121 2880; x_wconf 87' lang='lat' dir='ltr'>dicere</span> 
     </span>
     <span class='ocr_line' id='line_1_20' title="bbox 446 2916 2120 3007; baseline 0 -25"><span class='ocrx_word' id='word_1_188' title='bbox 446 2923 481 2982; x_wconf 88' lang='lat' dir='ltr'>ct</span> <span class='ocrx_word' id='word_1_189' title='bbox 503 2917 626 2983; x_wconf 90' lang='lat' dir='ltr'>silentii</span> <span class='ocrx_word' id='word_1_190' title='bbox 649 2924 762 2984; x_wconf 90' lang='lat' dir='ltr'>tenere</span> <span class='ocrx_word' id='word_1_191' title='bbox 786 2920 872 2984; x_wconf 88' lang='lat' dir='ltr'>inter</span> <span class='ocrx_word' id='word_1_192' title='bbox 895 2918 1148 2986; x_wconf 88' lang='lat' dir='ltr'>declamantium</span> <span class='ocrx_word' id='word_1_193' title='bbox 1171 2923 1295 2987; x_wconf 87' lang='lat' dir='ltr'>incerta</span> <span class='ocrx_word' id='word_1_194' title='bbox 1320 2922 1519 2986; x_wconf 91' lang='lat' dir='ltr'>cautionem:</span> <span class='ocrx_word' id='word_1_195' title='bbox 1552 2920 1665 2998; x_wconf 91' lang='lat' dir='ltr'>homo,</span> <span class='ocrx_word' id='word_1_196' title='bbox 1689 2941 1786 3007; x_wconf 93' lang='lat' dir='ltr'>quem</span> <span class='ocrx_word' id='word_1_197' title='bbox 1809 2941 1871 2984; x_wconf 89' lang='lat' dir='ltr'>nec</span> <span class='ocrx_word' id='word_1_198' title='bbox 1894 2916 2120 2984; x_wconf 89' lang='lat' dir='ltr'>infecundum</span> 
     </span>
     <span class='ocr_line' id='line_1_21' title="bbox 414 3020 2120 3112; baseline 0.002 -30"><span class='ocrx_word' id='word_1_199' title='bbox 414 3021 565 3088; x_wconf 66' lang='lat' dir='ltr'>inatura</span> <span class='ocrx_word' id='word_1_200' title='bbox 587 3023 723 3109; x_wconf 90' lang='lat' dir='ltr'>protulit</span> <span class='ocrx_word' id='word_1_201' title='bbox 745 3046 806 3090; x_wconf 92' lang='lat' dir='ltr'>nec</span> <span class='ocrx_word' id='word_1_202' title='bbox 829 3024 1059 3090; x_wconf 79' lang='lat' dir='ltr'>infabricatum</span> <span class='ocrx_word' id='word_1_203' title='bbox 1081 3024 1231 3090; x_wconf 90' lang='lat' dir='ltr'>doctrina</span> <span class='ocrx_word' id='word_1_204' title='bbox 1253 3025 1452 3112; x_wconf 78' lang='lat' dir='ltr'>dereliquit?</span> <span class='ocrx_word' id='word_1_205' title='bbox 1491 3023 1558 3106; x_wconf 85' lang='lat' dir='ltr'>sed,</span> <span class='ocrx_word' id='word_1_206' title='bbox 1583 3022 1692 3104; x_wconf 88' lang='lat' dir='ltr'>credo,</span> <span class='ocrx_word' id='word_1_207' title='bbox 1716 3043 1768 3088; x_wconf 90' lang='lat' dir='ltr'>me</span> <span class='ocrx_word' id='word_1_208' title='bbox 1792 3020 1986 3108; x_wconf 89' lang='lat' dir='ltr'>dedignaris</span> <span class='ocrx_word' id='word_1_209' title='bbox 2011 3023 2120 3086; x_wconf 81' lang='lat' dir='ltr'>allatu</span> 
     </span>
     <span class='ocr_line' id='line_1_22' title="bbox 445 3124 2197 3215; baseline -0.005 -25"><span class='ocrx_word' id='word_1_210' title='bbox 445 3125 549 3212; x_wconf 90' lang='lat' dir='ltr'>opicis</span> <span class='ocrx_word' id='word_1_211' title='bbox 578 3126 695 3192; x_wconf 90' lang='lat' dir='ltr'>nolens</span> <span class='ocrx_word' id='word_1_212' title='bbox 726 3128 873 3213; x_wconf 85' lang='lat' dir='ltr'>pretiosa</span> <span class='ocrx_word' id='word_1_213' title='bbox 901 3127 979 3193; x_wconf 88' lang='lat' dir='ltr'>dare</span> <span class='ocrx_word' id='word_1_214' title='bbox 1002 3129 1104 3194; x_wconf 90' lang='lat' dir='ltr'>verba</span> <span class='ocrx_word' id='word_1_215' title='bbox 1131 3129 1263 3196; x_wconf 91' lang='lat' dir='ltr'>iudicio.</span> <span class='ocrx_word' id='word_1_216' title='bbox 1308 3128 1511 3215; x_wconf 90' lang='lat' dir='ltr'>quidquod!</span> <span class='ocrx_word' id='word_1_217' title='bbox 1551 3128 1680 3212; x_wconf 90' lang='lat' dir='ltr'>signum</span> <span class='ocrx_word' id='word_1_218' title='bbox 1709 3133 1760 3192; x_wconf 88' lang='lat' dir='ltr'>cst</span> <span class='ocrx_word' id='word_1_219' title='bbox 1782 3124 1892 3190; x_wconf 90' lang='lat' dir='ltr'>divitis</span> <span class='ocrx_word' id='word_1_220' title='bbox 1917 3124 2118 3211; x_wconf 88' lang='lat' dir='ltr'>eloquentia</span> <span class='ocrx_word' id='word_1_221' title='bbox 2171 3143 2197 3182; x_wconf 78' lang='lat' dir='ltr'>aa</span> 
     </span>
     <span class='ocr_line' id='line_1_23' title="bbox 446 3228 2122 3319; baseline -0.001 -26"><span class='ocrx_word' id='word_1_222' title='bbox 446 3228 519 3310; x_wconf 89' lang='lat' dir='ltr'>viri,</span> <span class='ocrx_word' id='word_1_223' title='bbox 551 3250 613 3295; x_wconf 92' lang='lat' dir='ltr'>nec</span> <span class='ocrx_word' id='word_1_224' title='bbox 642 3229 781 3296; x_wconf 88' lang='lat' dir='ltr'>indoctis</span> <span class='ocrx_word' id='word_1_225' title='bbox 811 3251 998 3297; x_wconf 86' lang='lat' dir='ltr'>sermonum</span> <span class='ocrx_word' id='word_1_226' title='bbox 1027 3233 1138 3319; x_wconf 89' lang='lat' dir='ltr'>cupita</span> <span class='ocrx_word' id='word_1_227' title='bbox 1161 3232 1364 3298; x_wconf 90' lang='lat' dir='ltr'>subtrahere.</span> <span class='ocrx_word' id='word_1_228' title='bbox 1410 3231 1577 3297; x_wconf 91' lang='lat' dir='ltr'>mendicus</span> <span class='ocrx_word' id='word_1_229' title='bbox 1607 3230 1776 3314; x_wconf 90' lang='lat' dir='ltr'>fluminum</span> <span class='ocrx_word' id='word_1_230' title='bbox 1809 3250 1926 3294; x_wconf 88' lang='lat' dir='ltr'>cursus</span> <span class='ocrx_word' id='word_1_231' title='bbox 1955 3235 2027 3309; x_wconf 89' lang='lat' dir='ltr'>est,</span> <span class='ocrx_word' id='word_1_232' title='bbox 2062 3228 2122 3313; x_wconf 93' lang='lat' dir='ltr'>qui</span> 
     </span>
     <span class='ocr_line' id='line_1_24' title="bbox 445 3333 2121 3423; baseline 0 -27"><span class='ocrx_word' id='word_1_233' title='bbox 445 3339 573 3397; x_wconf 89' lang='lat' dir='ltr'>tantum</span> <span class='ocrx_word' id='word_1_234' title='bbox 595 3333 876 3400; x_wconf 88' lang='lat' dir='ltr'>nobilissimorum</span> <span class='ocrx_word' id='word_1_235' title='bbox 900 3335 1020 3400; x_wconf 89' lang='lat' dir='ltr'>satiare</span> <span class='ocrx_word' id='word_1_236' title='bbox 1043 3343 1178 3423; x_wconf 92' lang='lat' dir='ltr'>putatur</span> <span class='ocrx_word' id='word_1_237' title='bbox 1196 3335 1363 3401; x_wconf 84' lang='lat' dir='ltr'>ardoremr</span> <span class='ocrx_word' id='word_1_238' title='bbox 1387 3335 1521 3402; x_wconf 89' lang='lat' dir='ltr'>ubertas</span> <span class='ocrx_word' id='word_1_239' title='bbox 1545 3334 1698 3400; x_wconf 91' lang='lat' dir='ltr'>imbrium</span> <span class='ocrx_word' id='word_1_240' title='bbox 1719 3340 1752 3400; x_wconf 93' lang='lat' dir='ltr'>et</span> <span class='ocrx_word' id='word_1_241' title='bbox 1768 3333 1849 3398; x_wconf 91' lang='lat' dir='ltr'>nihil</span> <span class='ocrx_word' id='word_1_242' title='bbox 1864 3333 2016 3419; x_wconf 88' lang='lat' dir='ltr'>paritura</span> <span class='ocrx_word' id='word_1_243' title='bbox 2033 3353 2121 3397; x_wconf 87' lang='lat' dir='ltr'>saxa</span> 
     </span>
     <span class='ocr_line' id='line_1_25' title="bbox 445 3434 2119 3526; baseline 0 -27"><span class='ocrx_word' id='word_1_244' title='bbox 445 3434 621 3522; x_wconf 89' lang='lat' dir='ltr'>perfundit.</span> <span class='ocrx_word' id='word_1_245' title='bbox 667 3436 809 3524; x_wconf 90' lang='lat' dir='ltr'>liquidae</span> <span class='ocrx_word' id='word_1_246' title='bbox 842 3439 976 3504; x_wconf 89' lang='lat' dir='ltr'>rationis</span> <span class='ocrx_word' id='word_1_247' title='bbox 1002 3438 1081 3504; x_wconf 90' lang='lat' dir='ltr'>ordo</span> <span class='ocrx_word' id='word_1_248' title='bbox 1110 3447 1176 3520; x_wconf 89' lang='lat' dir='ltr'>est,</span> <span class='ocrx_word' id='word_1_249' title='bbox 1208 3447 1245 3504; x_wconf 92' lang='lat' dir='ltr'>ut</span> <span class='ocrx_word' id='word_1_250' title='bbox 1273 3439 1676 3526; x_wconf 82' lang='lat' dir='ltr'>paupertatemresignet</span> <span class='ocrx_word' id='word_1_251' title='bbox 1704 3438 1759 3525; x_wconf 92' lang='lat' dir='ltr'>qui</span> <span class='ocrx_word' id='word_1_252' title='bbox 1789 3436 1909 3502; x_wconf 89' lang='lat' dir='ltr'>damna</span> <span class='ocrx_word' id='word_1_253' title='bbox 1940 3435 2119 3501; x_wconf 81' lang='lat' dir='ltr'>formidat:</span> 
     </span>
     <span class='ocr_line' id='line_1_26' title="bbox 416 3537 2120 3628; baseline 0.002 -28"><span class='ocrx_word' id='word_1_254' title='bbox 416 3537 603 3626; x_wconf 86' lang='lat' dir='ltr'>3quicquid</span> <span class='ocrx_word' id='word_1_255' title='bbox 625 3560 692 3604; x_wconf 92' lang='lat' dir='ltr'>non</span> <span class='ocrx_word' id='word_1_256' title='bbox 714 3542 875 3627; x_wconf 90' lang='lat' dir='ltr'>procurrit</span> <span class='ocrx_word' id='word_1_257' title='bbox 898 3542 986 3608; x_wconf 87' lang='lat' dir='ltr'>exile</span> <span class='ocrx_word' id='word_1_258' title='bbox 1011 3549 1071 3609; x_wconf 89' lang='lat' dir='ltr'>est.</span> <span class='ocrx_word' id='word_1_259' title='bbox 1110 3543 1151 3608; x_wconf 94' lang='lat' dir='ltr'>de</span> <span class='ocrx_word' id='word_1_260' title='bbox 1169 3541 1357 3608; x_wconf 90' lang='lat' dir='ltr'>volucribus</span> <span class='ocrx_word' id='word_1_261' title='bbox 1381 3550 1492 3608; x_wconf 89' lang='lat' dir='ltr'>tamen</span> <span class='ocrx_word' id='word_1_262' title='bbox 1508 3563 1625 3608; x_wconf 90' lang='lat' dir='ltr'>munus</span> <span class='ocrx_word' id='word_1_263' title='bbox 1642 3542 1808 3628; x_wconf 88' lang='lat' dir='ltr'>singulare</span> <span class='ocrx_word' id='word_1_264' title='bbox 1824 3540 2002 3620; x_wconf 86' lang='lat' dir='ltr'>destinavi,</span> <span class='ocrx_word' id='word_1_265' title='bbox 2027 3537 2120 3625; x_wconf 91' lang='lat' dir='ltr'>quod</span> 
     </span>
     <span class='ocr_line' id='line_1_27' title="bbox 447 3642 2197 3732; baseline 0 -25"><span class='ocrx_word' id='word_1_266' title='bbox 447 3642 536 3728; x_wconf 90' lang='lat' dir='ltr'>cepit</span> <span class='ocrx_word' id='word_1_267' title='bbox 558 3643 723 3730; x_wconf 88' lang='lat' dir='ltr'>accipiter.</span> <span class='ocrx_word' id='word_1_268' title='bbox 767 3665 843 3709; x_wconf 88' lang='lat' dir='ltr'>nom</span> <span class='ocrx_word' id='word_1_269' title='bbox 872 3645 1039 3732; x_wconf 87' lang='lat' dir='ltr'>progressi</span> <span class='ocrx_word' id='word_1_270' title='bbox 1067 3645 1109 3712; x_wconf 93' lang='lat' dir='ltr'>ad</span> <span class='ocrx_word' id='word_1_271' title='bbox 1131 3645 1299 3710; x_wconf 90' lang='lat' dir='ltr'>Bromium</span> <span class='ocrx_word' id='word_1_272' title='bbox 1329 3644 1508 3711; x_wconf 89' lang='lat' dir='ltr'>etBacchi</span> <span class='ocrx_word' id='word_1_273' title='bbox 1537 3646 1644 3730; x_wconf 90' lang='lat' dir='ltr'>orgia,</span> <span class='ocrx_word' id='word_1_274' title='bbox 1676 3645 1761 3710; x_wconf 90' lang='lat' dir='ltr'>inter</span> <span class='ocrx_word' id='word_1_275' title='bbox 1791 3665 1870 3710; x_wconf 88' lang='lat' dir='ltr'>aves</span> <span class='ocrx_word' id='word_1_276' title='bbox 1900 3644 1994 3710; x_wconf 91' lang='lat' dir='ltr'>bella</span> <span class='ocrx_word' id='word_1_277' title='bbox 2026 3665 2119 3708; x_wconf 92' lang='lat' dir='ltr'>com·</span> <span class='ocrx_word' id='word_1_278' title='bbox 2173 3657 2197 3697; x_wconf 72' lang='lat'>³³</span> 
     </span>
     <span class='ocr_line' id='line_1_28' title="bbox 447 3745 2121 3836; baseline 0.001 -28"><span class='ocrx_word' id='word_1_279' title='bbox 447 3745 605 3811; x_wconf 89' lang='lat' dir='ltr'>misimus.</span> <span class='ocrx_word' id='word_1_280' title='bbox 651 3747 774 3833; x_wconf 92' lang='lat' dir='ltr'>profuit</span> <span class='ocrx_word' id='word_1_281' title='bbox 796 3749 944 3835; x_wconf 89' lang='lat' dir='ltr'>quaestui</span> <span class='ocrx_word' id='word_1_282' title='bbox 966 3756 1077 3815; x_wconf 89' lang='lat' dir='ltr'>nostro</span> <span class='ocrx_word' id='word_1_283' title='bbox 1101 3755 1269 3814; x_wconf 89' lang='lat' dir='ltr'>certamen</span> <span class='ocrx_word' id='word_1_284' title='bbox 1292 3750 1415 3815; x_wconf 90' lang='lat' dir='ltr'>sociale</span> <span class='ocrx_word' id='word_1_285' title='bbox 1446 3749 1628 3836; x_wconf 89' lang='lat' dir='ltr'>pinnarum.</span> <span class='ocrx_word' id='word_1_286' title='bbox 1673 3755 1855 3830; x_wconf 88' lang='lat' dir='ltr'>memento,</span> <span class='ocrx_word' id='word_1_287' title='bbox 1888 3749 1977 3834; x_wconf 92' lang='lat' dir='ltr'>quod</span> <span class='ocrx_word' id='word_1_288' title='bbox 2010 3747 2121 3813; x_wconf 90' lang='lat' dir='ltr'>solam</span> 
     </span>
     <span class='ocr_line' id='line_1_29' title="bbox 305 3843 2122 3946; baseline 0.001 -33"><span class='ocrx_word' id='word_1_289' title='bbox 305 3843 430 3946; x_wconf 40' lang='lat' dir='ltr'>vif-,ffb</span> <span class='ocrx_word' id='word_1_290' title='bbox 449 3855 579 3914; x_wconf 87' lang='lat' dir='ltr'>anatem</span> <span class='ocrx_word' id='word_1_291' title='bbox 602 3848 798 3934; x_wconf 85' lang='lat' dir='ltr'>direximus,</span> <span class='ocrx_word' id='word_1_292' title='bbox 828 3852 971 3918; x_wconf 89' lang='lat' dir='ltr'>scientes</span> <span class='ocrx_word' id='word_1_293' title='bbox 995 3854 1071 3939; x_wconf 92' lang='lat' dir='ltr'>quia</span> <span class='ocrx_word' id='word_1_294' title='bbox 1099 3857 1244 3918; x_wconf 84' lang='lat' dir='ltr'>‘numero</span> <span class='ocrx_word' id='word_1_295' title='bbox 1269 3851 1350 3917; x_wconf 90' lang='lat' dir='ltr'>deus</span> <span class='ocrx_word' id='word_1_296' title='bbox 1374 3853 1487 3938; x_wconf 89' lang='lat' dir='ltr'>inpare</span> <span class='ocrx_word' id='word_1_297' title='bbox 1511 3850 1654 3938; x_wconf 88' lang='lat' dir='ltr'>gaudet&#39;.</span> <span class='ocrx_word' id='word_1_298' title='bbox 1701 3850 1788 3916; x_wconf 89' lang='lat' dir='ltr'>dona</span> <span class='ocrx_word' id='word_1_299' title='bbox 1810 3857 1926 3915; x_wconf 89' lang='lat' dir='ltr'>nostra</span> <span class='ocrx_word' id='word_1_300' title='bbox 1950 3851 2122 3915; x_wconf 91' lang='lat' dir='ltr'>institutio</span> 
     </span>
     <span class='ocr_line' id='line_1_30' title="bbox 417 3952 2122 4042; baseline 0.004 -30"><span class='ocrx_word' id='word_1_301' title='bbox 417 3952 513 4018; x_wconf 79' lang='lat' dir='ltr'>test:</span> <span class='ocrx_word' id='word_1_302' title='bbox 538 3975 641 4036; x_wconf 90' lang='lat' dir='ltr'>sume,</span> <span class='ocrx_word' id='word_1_303' title='bbox 666 3954 693 4020; x_wconf 90' lang='lat' dir='ltr'>si</span> <span class='ocrx_word' id='word_1_304' title='bbox 711 3954 831 4042; x_wconf 81' lang='lat' dir='ltr'>diligis,</span> <span class='ocrx_word' id='word_1_305' title='bbox 854 3977 913 4042; x_wconf 97' lang='lat' dir='ltr'>pro</span> <span class='ocrx_word' id='word_1_306' title='bbox 935 3955 1088 4042; x_wconf 89' lang='lat' dir='ltr'>dogmate</span> <span class='ocrx_word' id='word_1_307' title='bbox 1112 3955 1199 4042; x_wconf 90' lang='lat' dir='ltr'>quod</span> <span class='ocrx_word' id='word_1_308' title='bbox 1225 3957 1379 4022; x_wconf 91' lang='lat' dir='ltr'>iocamur.</span> <span class='ocrx_word' id='word_1_309' title='bbox 1416 3956 1467 4020; x_wconf 90' lang='lat' dir='ltr'>fac</span> <span class='ocrx_word' id='word_1_310' title='bbox 1491 3977 1598 4021; x_wconf 91' lang='lat' dir='ltr'>meam</span> <span class='ocrx_word' id='word_1_311' title='bbox 1621 3955 1813 4041; x_wconf 79' lang='lat' dir='ltr'>frugiferam</span> <span class='ocrx_word' id='word_1_312' title='bbox 1835 3976 1913 4020; x_wconf 90' lang='lat' dir='ltr'>esse</span> <span class='ocrx_word' id='word_1_313' title='bbox 1938 3955 2122 4019; x_wconf 87' lang='lat' dir='ltr'>laetitiam.</span> 
     </span>
     <span class='ocr_line' id='line_1_31' title="bbox 448 4057 2122 4145; baseline 0 -23"><span class='ocrx_word' id='word_1_314' title='bbox 448 4057 476 4122; x_wconf 92' lang='lat' dir='ltr'>si</span> <span class='ocrx_word' id='word_1_315' title='bbox 499 4057 560 4122; x_wconf 93' lang='lat' dir='ltr'>tibi</span> <span class='ocrx_word' id='word_1_316' title='bbox 582 4065 762 4144; x_wconf 89' lang='lat' dir='ltr'>perpetuae</span> <span class='ocrx_word' id='word_1_317' title='bbox 786 4058 990 4145; x_wconf 90' lang='lat' dir='ltr'>diligentiam</span> <span class='ocrx_word' id='word_1_318' title='bbox 1014 4060 1174 4125; x_wconf 88' lang='lat' dir='ltr'>castitatis</span> <span class='ocrx_word' id='word_1_319' title='bbox 1196 4060 1362 4141; x_wconf 86' lang='lat' dir='ltr'>indixerit,</span> <span class='ocrx_word' id='word_1_320' title='bbox 1385 4059 1549 4126; x_wconf 89' lang='lat' dir='ltr'>laborabit</span> <span class='ocrx_word' id='word_1_321' title='bbox 1572 4060 1604 4124; x_wconf 96' lang='lat' dir='ltr'>in</span> <span class='ocrx_word' id='word_1_322' title='bbox 1625 4059 1778 4124; x_wconf 90' lang='lat' dir='ltr'>laudibus</span> <span class='ocrx_word' id='word_1_323' title='bbox 1793 4059 1857 4122; x_wconf 88' lang='lat' dir='ltr'>tuis</span> <span class='ocrx_word' id='word_1_324' title='bbox 1874 4059 2004 4143; x_wconf 89' lang='lat' dir='ltr'>lingua,</span> <span class='ocrx_word' id='word_1_325' title='bbox 2031 4079 2122 4144; x_wconf 88' lang='lat' dir='ltr'>quac</span> 
     </span>
     <span class='ocr_line' id='line_1_32' title="bbox 447 4159 2198 4246; baseline -0.001 -21"><span class='ocrx_word' id='word_1_326' title='bbox 447 4159 542 4225; x_wconf 90' lang='lat' dir='ltr'>modo</span> <span class='ocrx_word' id='word_1_327' title='bbox 565 4166 739 4232; x_wconf 81' lang='lat' dir='ltr'>exercetur</span> <span class='ocrx_word' id='word_1_328' title='bbox 760 4162 793 4226; x_wconf 89' lang='lat' dir='ltr'>in</span> <span class='ocrx_word' id='word_1_329' title='bbox 816 4163 958 4228; x_wconf 89' lang='lat' dir='ltr'>monitis.</span> <span class='ocrx_word' id='word_1_330' title='bbox 1003 4163 1088 4245; x_wconf 88' lang='lat' dir='ltr'>vale,</span> <span class='ocrx_word' id='word_1_331' title='bbox 1112 4161 1252 4244; x_wconf 90' lang='lat' dir='ltr'>domine,</span> <span class='ocrx_word' id='word_1_332' title='bbox 1276 4170 1310 4229; x_wconf 92' lang='lat' dir='ltr'>ct</span> <span class='ocrx_word' id='word_1_333' title='bbox 1333 4163 1454 4227; x_wconf 90' lang='lat' dir='ltr'>amanti</span> <span class='ocrx_word' id='word_1_334' title='bbox 1477 4169 1514 4227; x_wconf 89' lang='lat' dir='ltr'>ut</span> <span class='ocrx_word' id='word_1_335' title='bbox 1536 4162 1662 4242; x_wconf 90' lang='lat' dir='ltr'>doctus,</span> <span class='ocrx_word' id='word_1_336' title='bbox 1686 4162 1712 4225; x_wconf 91' lang='lat' dir='ltr'>si</span> <span class='ocrx_word' id='word_1_337' title='bbox 1735 4181 1872 4242; x_wconf 90' lang='lat' dir='ltr'>mercor,</span> <span class='ocrx_word' id='word_1_338' title='bbox 1896 4165 2121 4246; x_wconf 84' lang='lat' dir='ltr'>sequestrata</span> <span class='ocrx_word' id='word_1_339' title='bbox 2173 4174 2198 4213; x_wconf 77' lang='lat'>³⁰</span> 
     </span>
     <span class='ocr_line' id='line_1_33' title="bbox 389 4262 907 4352; baseline 0.006 -25"><span class='ocrx_word' id='word_1_340' title='bbox 389 4343 390 4348; x_wconf 5' lang='grc' dir='ltr'>ἵ</span> <span class='ocrx_word' id='word_1_341' title='bbox 449 4262 708 4330; x_wconf 87' lang='lat' dir='ltr'>dissimulatione</span> <span class='ocrx_word' id='word_1_342' title='bbox 731 4265 907 4352; x_wconf 87' lang='lat' dir='ltr'>responde.</span> 
     </span>
    </p>
   </div>
   <div class='ocr_carea' id='block_1_7' title="bbox 451 4556 2129 4785">
    <p class='ocr_par' dir='ltr' id='par_1_9' title="bbox 451 4556 2129 4785">
     <span class='ocr_line' id='line_1_34' title="bbox 552 4556 2129 4623; baseline 0.001 -14"><span class='ocrx_word' id='word_1_343' title='bbox 552 4556 570 4609; x_wconf 92' lang='grc'><strong>2</strong></span> <span class='ocrx_word' id='word_1_344' title='bbox 588 4560 674 4611; x_wconf 86' lang='lat' dir='ltr'>lesum</span> <span class='ocrx_word' id='word_1_345' title='bbox 691 4559 822 4611; x_wconf 86' lang='lat' dir='ltr'>Christum</span> <span class='ocrx_word' id='word_1_346' title='bbox 838 4577 886 4612; x_wconf 80' lang='lat' dir='ltr'>aaa.</span> <span class='ocrx_word' id='word_1_347' title='bbox 903 4559 999 4612; x_wconf 78' lang='lat' dir='ltr'>VLTC</span> <span class='ocrx_word' id='word_1_348' title='bbox 1056 4560 1181 4612; x_wconf 88' lang='lat' dir='ltr'>christum</span> <span class='ocrx_word' id='word_1_349' title='bbox 1191 4597 1197 4612; x_wconf 90' lang='lat'>.</span> <span class='ocrx_word' id='word_1_350' title='bbox 1209 4562 1267 4612; x_wconf 86' lang='lat' dir='ltr'>linit</span> <span class='ocrx_word' id='word_1_351' title='bbox 1278 4559 1304 4611; x_wconf 90' lang='lat' dir='ltr'><em>B</em></span> <span class='ocrx_word' id='word_1_352' title='bbox 1399 4559 1416 4612; x_wconf 91' lang='lat'><strong>3</strong></span> <span class='ocrx_word' id='word_1_353' title='bbox 1434 4561 1511 4612; x_wconf 87' lang='lat' dir='ltr'>missa</span> <span class='ocrx_word' id='word_1_354' title='bbox 1523 4559 1549 4611; x_wconf 93' lang='lat' dir='ltr'><em>B</em></span> <span class='ocrx_word' id='word_1_355' title='bbox 1642 4559 1660 4611; x_wconf 84' lang='lat'>4</span> <span class='ocrx_word' id='word_1_356' title='bbox 1677 4559 1785 4611; x_wconf 87' lang='lat' dir='ltr'>collator</span> <span class='ocrx_word' id='word_1_357' title='bbox 1801 4558 1825 4608; x_wconf 92' lang='lat' dir='ltr'><em>V</em></span> <span class='ocrx_word' id='word_1_358' title='bbox 1882 4559 2022 4610; x_wconf 88' lang='lat' dir='ltr'>honorum</span> <span class='ocrx_word' id='word_1_359' title='bbox 2035 4557 2129 4623; x_wconf 83' lang='lat' dir='ltr'>BVL,</span> 
     </span>
     <span class='ocr_line' id='line_1_35' title="bbox 451 4643 2129 4712; baseline 0.001 -16"><span class='ocrx_word' id='word_1_360' title='bbox 451 4645 577 4696; x_wconf 87' lang='lat' dir='ltr'>honorum</span> <span class='ocrx_word' id='word_1_361' title='bbox 599 4643 657 4696; x_wconf 74' lang='lat' dir='ltr'>Teo</span> <span class='ocrx_word' id='word_1_362' title='bbox 739 4646 823 4712; x_wconf 88' lang='lat' dir='ltr'>moysi</span> <span class='ocrx_word' id='word_1_363' title='bbox 838 4644 864 4696; x_wconf 94' lang='lat' dir='ltr'><em>B</em></span> <span class='ocrx_word' id='word_1_364' title='bbox 983 4643 1000 4696; x_wconf 84' lang='lat'>5</span> <span class='ocrx_word' id='word_1_365' title='bbox 1022 4647 1173 4698; x_wconf 82' lang='lat' dir='ltr'>inbicilitnts</span> <span class='ocrx_word' id='word_1_366' title='bbox 1190 4645 1224 4709; x_wconf 86' lang='grc' dir='ltr'>Β,</span> <span class='ocrx_word' id='word_1_367' title='bbox 1247 4646 1421 4698; x_wconf 81' lang='lat' dir='ltr'>imbecillitate</span> <span class='ocrx_word' id='word_1_368' title='bbox 1440 4647 1462 4694; x_wconf 92' lang='lat' dir='ltr'><em>V</em></span> <span class='ocrx_word' id='word_1_369' title='bbox 1579 4643 1596 4697; x_wconf 84' lang='grc'>6</span> <span class='ocrx_word' id='word_1_370' title='bbox 1618 4646 1774 4698; x_wconf 87' lang='lat' dir='ltr'>uociferatur</span> <span class='ocrx_word' id='word_1_371' title='bbox 1796 4661 1867 4697; x_wconf 83' lang='lat' dir='ltr'>man.</span> <span class='ocrx_word' id='word_1_372' title='bbox 1887 4653 1957 4711; x_wconf 67' lang='lat' dir='ltr'>post.</span> <span class='ocrx_word' id='word_1_373' title='bbox 1978 4645 2010 4696; x_wconf 80' lang='lat' dir='ltr'>irs</span> <span class='ocrx_word' id='word_1_374' title='bbox 2022 4645 2051 4696; x_wconf 98' lang='grc' dir='ltr'><strong><em>Β</em></strong></span> <span class='ocrx_word' id='word_1_375' title='bbox 2071 4647 2129 4698; x_wconf 79' lang='lat' dir='ltr'>ath</span> 
     </span>
     <span class='ocr_line' id='line_1_36' title="bbox 452 4727 1675 4785; baseline 0.002 -4"><span class='ocrx_word' id='word_1_376' title='bbox 452 4727 611 4782; x_wconf 80' lang='lat' dir='ltr'>&#39;factionem</span> <span class='ocrx_word' id='word_1_377' title='bbox 622 4730 649 4781; x_wconf 91' lang='grc' dir='ltr'><strong><em>Β</em></strong></span> <span class='ocrx_word' id='word_1_378' title='bbox 754 4728 786 4782; x_wconf 93' lang='grc'>12</span> <span class='ocrx_word' id='word_1_379' title='bbox 803 4738 919 4784; x_wconf 86' lang='lat' dir='ltr'>nostrum</span> <span class='ocrx_word' id='word_1_380' title='bbox 936 4733 1022 4784; x_wconf 91' lang='lat' dir='ltr'>Issum</span> <span class='ocrx_word' id='word_1_381' title='bbox 1040 4733 1171 4784; x_wconf 85' lang='lat' dir='ltr'>Christum</span> <span class='ocrx_word' id='word_1_382' title='bbox 1190 4750 1238 4784; x_wconf 82' lang='lat' dir='ltr'>orn.</span> <span class='ocrx_word' id='word_1_383' title='bbox 1256 4732 1352 4784; x_wconf 74' lang='lat' dir='ltr'>VIA&#39;C</span> <span class='ocrx_word' id='word_1_384' title='bbox 1423 4733 1547 4785; x_wconf 86' lang='lat' dir='ltr'>christum</span> <span class='ocrx_word' id='word_1_385' title='bbox 1560 4771 1566 4783; x_wconf 94' lang='lat'>.</span> <span class='ocrx_word' id='word_1_386' title='bbox 1580 4733 1638 4784; x_wconf 86' lang='lat' dir='ltr'>linit</span> <span class='ocrx_word' id='word_1_387' title='bbox 1649 4732 1675 4783; x_wconf 92' lang='lat' dir='ltr'><em>B</em></span> 
     </span>
    </p>
   </div>
   <div class='ocr_carea' id='block_1_8' title="bbox 450 4832 2135 5162">
    <p class='ocr_par' dir='ltr' id='par_1_10' title="bbox 450 4832 2135 5162">
     <span class='ocr_line' id='line_1_37' title="bbox 556 4832 2133 4904; baseline 0.003 -18"><span class='ocrx_word' id='word_1_388' title='bbox 556 4833 763 4902; x_wconf 86' lang='lat' dir='ltr'>[CCCXXXVII]</span> <span class='ocrx_word' id='word_1_389' title='bbox 800 4834 834 4887; x_wconf 86' lang='lat'>13</span> <span class='ocrx_word' id='word_1_390' title='bbox 851 4835 984 4888; x_wconf 85' lang='lat' dir='ltr'>Enuodlua</span> <span class='ocrx_word' id='word_1_391' title='bbox 1001 4836 1115 4887; x_wconf 85' lang='lat' dir='ltr'>Maximo</span> <span class='ocrx_word' id='word_1_392' title='bbox 1133 4837 1148 4888; x_wconf 82' lang='lat' dir='ltr'>d</span> <span class='ocrx_word' id='word_1_393' title='bbox 1271 4833 1303 4887; x_wconf 88' lang='lat'>16</span> <span class='ocrx_word' id='word_1_394' title='bbox 1326 4837 1465 4904; x_wconf 88' lang='lat' dir='ltr'>acciperint</span> <span class='ocrx_word' id='word_1_395' title='bbox 1482 4835 1507 4885; x_wconf 92' lang='grc' dir='ltr'><strong><em>Β</em></strong></span> <span class='ocrx_word' id='word_1_396' title='bbox 1593 4836 1746 4887; x_wconf 84' lang='lat' dir='ltr'>beneficium</span> <span class='ocrx_word' id='word_1_397' title='bbox 1764 4833 1788 4882; x_wconf 92' lang='lat' dir='ltr'><em>V</em></span> <span class='ocrx_word' id='word_1_398' title='bbox 1909 4832 1944 4886; x_wconf 88' lang='grc'>17</span> <span class='ocrx_word' id='word_1_399' title='bbox 1969 4837 2065 4890; x_wconf 82' lang='lat' dir='ltr'>laudis</span> <span class='ocrx_word' id='word_1_400' title='bbox 2089 4847 2133 4891; x_wconf 87' lang='lat' dir='ltr'>est</span> 
     </span>
     <span class='ocr_line' id='line_1_38' title="bbox 450 4917 2132 4989; baseline 0.004 -18"><span class='ocrx_word' id='word_1_401' title='bbox 450 4920 600 4987; x_wconf 84' lang='lat' dir='ltr'>filosophiae</span> <span class='ocrx_word' id='word_1_402' title='bbox 612 4920 638 4971; x_wconf 90' lang='lat' dir='ltr'><em>B</em></span> <span class='ocrx_word' id='word_1_403' title='bbox 742 4917 775 4972; x_wconf 83' lang='lat'>19</span> <span class='ocrx_word' id='word_1_404' title='bbox 793 4930 884 4973; x_wconf 85' lang='lat' dir='ltr'>natura</span> <span class='ocrx_word' id='word_1_405' title='bbox 895 4920 945 4986; x_wconf 84' lang='lat' dir='ltr'>Bb,</span> <span class='ocrx_word' id='word_1_406' title='bbox 963 4929 1030 4974; x_wconf 86' lang='lat' dir='ltr'>terra</span> <span class='ocrx_word' id='word_1_407' title='bbox 1047 4922 1123 4974; x_wconf 78' lang='lat' dir='ltr'>ceteri</span> <span class='ocrx_word' id='word_1_408' title='bbox 1227 4919 1263 4973; x_wconf 78' lang='lat'>20</span> <span class='ocrx_word' id='word_1_409' title='bbox 1280 4921 1359 4989; x_wconf 89' lang='lat' dir='ltr'>opicis</span> <span class='ocrx_word' id='word_1_410' title='bbox 1371 4921 1421 4986; x_wconf 83' lang='lat' dir='ltr'>Bt,</span> <span class='ocrx_word' id='word_1_411' title='bbox 1445 4923 1525 4974; x_wconf 92' lang='lat' dir='ltr'>obicis</span> <span class='ocrx_word' id='word_1_412' title='bbox 1543 4923 1626 4986; x_wconf 61' lang='lat' dir='ltr'>rcum,</span> <span class='ocrx_word' id='word_1_413' title='bbox 1647 4923 1714 4989; x_wconf 90' lang='lat' dir='ltr'>opici</span> <span class='ocrx_word' id='word_1_414' title='bbox 1732 4921 1796 4973; x_wconf 70' lang='lat' dir='ltr'>cora.</span> <span class='ocrx_word' id='word_1_415' title='bbox 1809 4919 1891 4972; x_wconf 80' lang='lat' dir='ltr'>Sirra.</span> <span class='ocrx_word' id='word_1_416' title='bbox 2006 4922 2045 4976; x_wconf 78' lang='lat'>21</span> <span class='ocrx_word' id='word_1_417' title='bbox 2067 4925 2132 4977; x_wconf 79' lang='lat' dir='ltr'>suh</span> 
     </span>
     <span class='ocr_line' id='line_1_39' title="bbox 450 5004 2135 5075; baseline 0.002 -18"><span class='ocrx_word' id='word_1_418' title='bbox 450 5006 564 5057; x_wconf 84' lang='lat' dir='ltr'>atrahere</span> <span class='ocrx_word' id='word_1_419' title='bbox 576 5004 602 5056; x_wconf 90' lang='lat' dir='ltr'><em>B</em></span> <span class='ocrx_word' id='word_1_420' title='bbox 718 5004 753 5058; x_wconf 88' lang='grc'>22</span> <span class='ocrx_word' id='word_1_421' title='bbox 770 5007 901 5059; x_wconf 78' lang='lat' dir='ltr'>ambrium</span> <span class='ocrx_word' id='word_1_422' title='bbox 913 5008 939 5059; x_wconf 88' lang='grc' dir='ltr'><strong><em>Β</em></strong></span> <span class='ocrx_word' id='word_1_423' title='bbox 1055 5004 1090 5058; x_wconf 87' lang='grc'>23</span> <span class='ocrx_word' id='word_1_424' title='bbox 1108 5007 1215 5074; x_wconf 88' lang='lat' dir='ltr'>rosignit</span> <span class='ocrx_word' id='word_1_425' title='bbox 1226 5007 1271 5058; x_wconf 74' lang='lat' dir='ltr'>B⁶</span> <span class='ocrx_word' id='word_1_426' title='bbox 1350 5008 1459 5075; x_wconf 78' lang='lat' dir='ltr'>dmpna</span> <span class='ocrx_word' id='word_1_427' title='bbox 1475 5007 1498 5056; x_wconf 90' lang='lat' dir='ltr'><em>V</em></span> <span class='ocrx_word' id='word_1_428' title='bbox 1608 5004 1643 5059; x_wconf 83' lang='grc'>24</span> <span class='ocrx_word' id='word_1_429' title='bbox 1660 5008 1781 5059; x_wconf 85' lang='lat' dir='ltr'>distinaui</span> <span class='ocrx_word' id='word_1_430' title='bbox 1794 5006 1819 5057; x_wconf 88' lang='lat' dir='ltr'><em>B</em></span> <span class='ocrx_word' id='word_1_431' title='bbox 1941 5005 1982 5058; x_wconf 79' lang='grc'>25</span> <span class='ocrx_word' id='word_1_432' title='bbox 2001 5009 2086 5061; x_wconf 74' lang='lat' dir='ltr'>bacci</span> <span class='ocrx_word' id='word_1_433' title='bbox 2098 5007 2135 5073; x_wconf 90' lang='lat' dir='ltr'>B,</span> 
     </span>
     <span class='ocr_line' id='line_1_40' title="bbox 450 5090 1881 5162; baseline -0.001 -16"><span class='ocrx_word' id='word_1_434' title='bbox 450 5092 526 5146; x_wconf 81' lang='lat' dir='ltr'>bachi</span> <span class='ocrx_word' id='word_1_435' title='bbox 541 5090 564 5141; x_wconf 91' lang='lat' dir='ltr'><em>V</em></span> <span class='ocrx_word' id='word_1_436' title='bbox 665 5090 699 5144; x_wconf 85' lang='grc'>26</span> <span class='ocrx_word' id='word_1_437' title='bbox 717 5110 858 5161; x_wconf 84' lang='lat' dir='ltr'>pennarum</span> <span class='ocrx_word' id='word_1_438' title='bbox 875 5091 898 5142; x_wconf 91' lang='lat' dir='ltr'><em>V</em></span> <span class='ocrx_word' id='word_1_439' title='bbox 998 5090 1032 5144; x_wconf 82' lang='lat'>27</span> <span class='ocrx_word' id='word_1_440' title='bbox 1050 5093 1154 5146; x_wconf 85' lang='lat' dir='ltr'>scientis</span> <span class='ocrx_word' id='word_1_441' title='bbox 1166 5092 1192 5144; x_wconf 93' lang='grc' dir='ltr'><strong><em>Β</em></strong></span> <span class='ocrx_word' id='word_1_442' title='bbox 1294 5090 1330 5144; x_wconf 90' lang='grc'>28</span> <span class='ocrx_word' id='word_1_443' title='bbox 1346 5095 1443 5146; x_wconf 84' lang='lat' dir='ltr'>laetitia</span> <span class='ocrx_word' id='word_1_444' title='bbox 1454 5092 1488 5145; x_wconf 87' lang='grc' dir='ltr'><strong><em>Β</em></strong></span> <span class='ocrx_word' id='word_1_445' title='bbox 1583 5092 1615 5145; x_wconf 89' lang='grc'>31</span> <span class='ocrx_word' id='word_1_446' title='bbox 1635 5095 1758 5162; x_wconf 86' lang='lat' dir='ltr'>responde</span> <span class='ocrx_word' id='word_1_447' title='bbox 1768 5132 1774 5145; x_wconf 90' lang='lat'>.</span> <span class='ocrx_word' id='word_1_448' title='bbox 1784 5093 1842 5144; x_wconf 86' lang='lat' dir='ltr'>finit</span> <span class='ocrx_word' id='word_1_449' title='bbox 1853 5092 1881 5144; x_wconf 91' lang='grc' dir='ltr'><strong><em>Β</em></strong></span> 
     </span>
    </p>
   </div>
   <div class='ocr_carea' id='block_1_9' title="bbox 0 0 2296 6532">
    <p class='ocr_par' dir='ltr' id='par_1_11' title="bbox 0 0 2296 6532">
     <span class='ocr_line' id='line_1_41' title="bbox 0 0 2296 6532; baseline 0 0"><span class='ocrx_word' id='word_1_450' title='bbox 0 0 2296 6532; x_wconf 95' lang='lat' dir='ltr'> </span> 
     </span>
    </p>
   </div>
  </div>
 </body>
</html>
