4566 6532
410 382 472 448 246
604 377 786 438 CCCXXXIV
805 377 927 450 (EPIST.
947 379 971 444 7,
989 381 1044 450 20),
1063 376 1231 436 CCCXXXV
1250 375 1372 447 (EPIST.
1392 375 1416 441 7,
1433 377 1487 444 21),
1506 371 1689 432 CCCXXXVI
1708 370 1811 443 (olor.
1829 375 1866 443 5).

410 557 532 623 latione
560 556 677 622 docete
707 576 790 640 quae
819 555 950 640 geritis;
985 554 1067 619 illud
1097 555 1275 641 praecipue
1303 553 1386 618 scire
1416 549 1569 638 cupidum
1598 549 1773 636 dignanter
1801 549 1968 630 instruite,
2003 567 2071 634 qua
2188 557 2190 560 ’

377 661 551 746 3sponsae
574 660 628 727 vel
650 659 875 726 blandimenta
898 660 1022 724 saeculi
1045 659 1212 744 religionis
1236 656 1439 722 districtione
1469 660 1675 741 respuantur.
1719 654 1865 736 domine,
1895 659 1931 718 ut
1955 673 2070 739 supra,

409 765 617 830 salutationis
639 785 777 830 munera
801 770 1016 849 praesentans
1040 784 1166 849 precor,
1190 768 1226 825 ut
1247 765 1416 846 gratanter
1431 760 1573 844 accipias
1590 757 1677 844 quod
1692 757 1778 822 inter
1793 778 1945 822 curarum
1961 755 2071 821 moles

410 870 520 954 exegit
542 869 613 935 fieri
637 869 783 933 iocorum
807 888 873 932 non
896 865 1082 954 respuenda
1106 865 1286 952 subreptio.

1001 1190 1213 1261 GCOXXXV
1236 1192 1346 1280 (nrrsr.
1364 1197 1393 1274 7,
1411 1192 1477 1279 21).

1005 1390 1196 1464 usxmo
1223 1388 1472 1464 eunomus,

380 1556 393 1614 ¹
528 1538 602 1631 Vbi
629 1573 681 1632 est
708 1565 791 1632 fides
822 1565 1027 1652 splendentis
1054 1566 1239 1654 periclitata
1268 1565 1506 1644 conscientiae,
1536 1587 1633 1651 qnam
1657 1572 1690 1630 et
1712 1565 1745 1629 in
1769 1565 1862 1628 annis
1885 1566 2071 1651 puerilibus

409 1692 491 1736 cana
519 1672 704 1736 reverentia
732 1692 797 1735 non
819 1671 987 1757 relinquit,
1017 1692 1114 1756 quam
1138 1673 1291 1757 peracri
1314 1669 1552 1756 praeiudicium
1576 1668 1786 1733 observantia
1809 1669 1995 1734 honestatis
2018 1672 2071 1735 in-

409 1775 524 1856 radiat,
547 1795 632 1860 quae
656 1775 860 1860 intempore
884 1775 1063 1841 iuventutis
1087 1777 1213 1839 actibus
1237 1781 1462 1840 maturescens
1486 1773 1655 1837 infantiam
1676 1773 1827 1858 ingressa
1842 1775 2071 1860 praelabitur?

409 1878 564 1963 numquid
587 1899 728 1964 aequum
750 1878 812 1943 fuit
834 1880 974 1943 amantis
997 1879 1127 1966 paginis
1146 1884 1273 1943 tantum
1296 1876 1450 1942 mandata
1467 1877 1604 1956 restitui,
1628 1882 1684 1940 aut
1700 1897 1760 1962 par
1774 1876 1855 1942 fides
1872 1885 1923 1943 est
1939 1878 2070 1944 liberae

410 1983 596 2069 scriptionis
626 1989 659 2048 et
686 1983 820 2046 famuli?
865 1981 1021 2068 numquid
1053 1982 1187 2068 dignum
1214 1981 1361 2069 probatis
1389 1980 1535 2045 moribus
1565 1981 1740 2045 censuistis
1769 1989 2003 2067 provocantem
2025 1983 2071 2048 ad

410 2088 518 2152 officia
546 2088 700 2172 religiosa
727 2108 792 2151 non
821 2086 992 2171 subsequi,
1021 2087 1074 2152 vel
1102 2087 1194 2151 nefas
1221 2086 1363 2172 putastis
1395 2085 1552 2172 epistolas
1575 2082 1728 2165 reddere,
1760 2105 1841 2169 quas
1863 2085 1959 2151 robis
1984 2087 2073 2152 inter

377 2190 565 2256 texeessus
590 2190 729 2274 contigit
751 2211 817 2254 non
841 2191 1011 2276 coepisse?
1049 2191 1131 2256 haec
1154 2191 1256 2275 igitur
1278 2196 1329 2254 est
1351 2196 1407 2254 tua
1430 2187 1624 2273 disciplina?
1665 2209 1730 2253 non
1753 2189 1853 2253 talem
1870 2195 1903 2254 te
1921 2191 2072 2276 probitas

408 2295 485 2359 olim
515 2293 721 2358 manifestata
753 2291 954 2357 disseminat.
1005 2314 1066 2378 ego
1100 2299 1210 2358 tamen
1242 2292 1441 2378 loquacitate
1473 2313 1537 2377 qua
1570 2297 1667 2356 notus
1699 2314 1770 2356 sum
1797 2292 1950 2358 indurata
1981 2296 2072 2360 nitor

407 2404 534 2462 mutare
558 2397 698 2461 silentia.
737 2395 892 2482 numquid
916 2396 977 2460 tibi
1000 2397 1095 2483 inpar
1118 2402 1169 2462 est
1191 2397 1305 2482 lingua
1321 2396 1506 2460 natalibus?
1543 2401 1600 2461 aut
1616 2416 1681 2461 non
1697 2397 1918 2461 testimonium
1934 2401 2071 2482 generis

409 2501 583 2566 adnuntias
600 2501 680 2565 flore
706 2501 888 2565 sermonis?
927 2500 1083 2585 numquid
1108 2507 1232 2566 ostrum
1254 2498 1409 2586 loquendi
1433 2499 1556 2564 descrit
1579 2501 1722 2585 pectoris
1745 2500 1886 2564 fecunda
1910 2500 2070 2567 dictatio?

378 2605 490 2670 3nihil
519 2605 583 2670 nisi
612 2604 770 2669 malitiam
799 2604 947 2690 resignat
969 2604 1024 2689 qui
1047 2624 1121 2668 cum
1144 2605 1250 2690 possit
1272 2602 1475 2670 desideranti
1498 2602 1599 2668 verba
1621 2625 1686 2668 non
1710 2602 1833 2668 tribuit.
1879 2627 1959 2670 ecce
1983 2607 2073 2671 inter

411 2710 610 2774 ructationes
637 2708 749 2794 Lyaeo
784 2708 912 2774 debitas
946 2708 1054 2793 qualia
1087 2707 1218 2774 Silenus
1252 2708 1337 2772 alter
1366 2709 1467 2773 verba
1501 2727 1661 2793 conpone.
1712 2707 1921 2772 scribendum
1957 2711 2072 2775 sciatis

410 2833 529 2877 nomen
544 2819 689 2877 vestrum
706 2811 746 2876 ad
762 2812 852 2898 genii
876 2812 941 2876 mei
963 2831 1140 2899 purpuram
1164 2817 1198 2875 et
1219 2810 1340 2875 libellis
1364 2811 1503 2897 propriis
1527 2809 1749 2888 inserendum,
1773 2817 1809 2874 ut
1833 2811 1965 2876 etiamsi
1987 2813 2073 2878 nihil

409 2916 535 2981 tribues
568 2914 609 2980 de
644 2936 817 3002 responso,
853 2935 915 3001 ego
947 2921 1058 2980 tamen
1086 2934 1196 2978 arcem
1225 2919 1372 2993 teneam,
1409 2912 1496 2998 quod
1525 2911 1567 2977 ad
1596 2912 1711 2977 doctos
1740 2914 1827 2978 viros
1859 2913 1965 3000 dirigo
1998 2917 2071 2980 sine

410 3018 630 3104 trepidatione
659 3019 770 3104 aliqua
798 3018 886 3105 quod
914 3019 1055 3104 legatur.
1105 3016 1237 3084 domine
1268 3018 1327 3100 mi,
1362 3018 1476 3104 accipe
1509 3023 1643 3082 nostrae
1674 3017 1878 3082 salutationis
1908 3019 2073 3105 obsequia

410 3122 551 3188 reddens
575 3121 686 3187 debita
708 3122 902 3188 litterarum.

776 3296 832 3361 Sic
855 3296 914 3360 tibi
937 3296 1107 3382 virginitas
1131 3317 1285 3361 mansuro
1308 3301 1436 3360 constet
1458 3294 1491 3357 in
1515 3315 1610 3376 aevo,

819 3400 891 3465 Nec
914 3406 1029 3488 pereat
1052 3399 1207 3487 quicquid
1230 3401 1299 3464 rite
1321 3400 1420 3465 beata
1442 3398 1543 3479 dedit,

666 3575 670 3582 ⁴
776 3503 830 3568 Sic
853 3510 999 3569 tuanen
1020 3505 1187 3570 maculent
1209 3505 1368 3588 nigrantis
1392 3504 1541 3568 membra
1564 3505 1705 3589 puellae,

823 3607 894 3672 Nee
917 3609 1028 3673 iaceas
1052 3615 1188 3695 propter
1209 3607 1402 3673 Tartaream
1424 3607 1557 3672 taciem:

776 3710 822 3775 Vt
845 3710 1000 3796 cupidum
1023 3713 1146 3776 sanetis
1168 3712 1296 3777 releves
1319 3732 1379 3797 per
1403 3710 1524 3797 scripta
1547 3710 1698 3796 loquelis,
1753 3765 1757 3772 ,

823 3815 942 3901 Deque
965 3816 1029 3881 tuis
1053 3816 1146 3880 fratri
1168 3815 1313 3881 fontibus
1336 3815 1425 3881 unda
1447 3816 1537 3881 fluat.

1033 4141 1267 4212 cooxxxvl
1288 4143 1382 4232 (nrcr.
1401 4143 1447 4232 5).

624 4338 672 4411 lN
699 4337 881 4412 NOMINE
909 4338 1086 4413 PATRIS
1113 4340 1173 4413 ET
1203 4341 1312 4415 FlLlI
1338 4340 1400 4414 ET
1427 4340 1645 4414 SPIRITVS
1672 4340 1855 4414 SANCTI.

878 4476 1039 4552 DICTIO
1067 4479 1348 4554 INCIPIENTIS
1376 4479 1602 4553 EPISCOPI.

379 4652 391 4711 l
521 4623 563 4714 P
565 4673 602 4716 ar
627 4652 758 4737 quidem
785 4651 953 4740 discipulis
980 4655 1139 4743 incipiens
1170 4656 1326 4750 magister
1356 4663 1407 4722 est
1434 4663 1467 4722 et
1493 4657 1580 4722 inter
1608 4654 1745 4720 exordia
1768 4655 1881 4721 doctor
1903 4657 1997 4722 nulla
2022 4665 2077 4723 est

408 4754 449 4818 ab
472 4754 675 4820 auditoribus
701 4763 788 4821 sorte
811 4758 989 4824 sublimior.
1026 4761 1173 4846 expertis
1197 4761 1302 4826 honor
1316 4762 1457 4828 debetur
1473 4762 1628 4848 ingeniis:
1652 4762 1709 4826 vix
1730 4761 1929 4826 mediocrem
1947 4764 2077 4828 cultum

409 4859 547 4945 exigunt
562 4881 627 4924 non
643 4862 782 4947 probati.
822 4863 879 4928 illa
896 4871 972 4930 sunt
986 4885 1065 4930 vera
1079 4866 1266 4952 praeconia,
1290 4887 1375 4953 quae
1396 4867 1513 4951 longus
1537 4865 1635 4930 sudor
1658 4865 1784 4929 elicuit:
1808 4865 2077 4933 blandimentum

515 5155 529 5207 1
548 5158 643 5224 geretis
654 5157 681 5206 B
784 5156 801 5210 3
818 5166 950 5226 gratanter
962 5159 988 5209 B
1091 5157 1109 5212 4
1126 5163 1257 5230 sxigstB,
1274 5164 1356 5230 exigit
1373 5163 1449 5214 ceteri

515 5257 700 5328 [CCCXXXV]
736 5259 753 5312 5
771 5264 904 5315 Ennodius
916 5263 1029 5315 Maximo
1043 5263 1122 5315 Siras.
1231 5264 1247 5316 6
1265 5267 1405 5334 periclitato
1418 5265 1463 5315 Βΰι
1571 5262 1586 5315 7
1605 5267 1733 5333 relinquid
1745 5265 1770 5316 B
1874 5261 1891 5314 9
1909 5266 2021 5333 paginas
2038 5265 2079 5315 Vl

408 5345 490 5398 libera
502 5346 527 5396 B
618 5345 649 5397 ll
670 5364 734 5414 quas
753 5348 780 5398 in
798 5350 873 5402 uobis
890 5347 978 5401 V1L0
1071 5348 1104 5401 12
1121 5352 1235 5419 contigat
1247 5352 1273 5402 Β
1329 5353 1442 5419 coepisse
1456 5351 1488 5414 B,
1506 5354 1603 5420 cepisse
1621 5354 1696 5404 celeri
1753 5353 1865 5421 probitas
1883 5353 1947 5403 olim
1960 5352 1995 5416 B,
2013 5355 2079 5405 olim

409 5433 520 5498 probitas
539 5434 614 5485 ceteri
719 5433 752 5485 13
771 5436 913 5488 dissiminat
925 5436 951 5486 Β
1057 5434 1089 5487 14
1107 5439 1189 5505 impar
1207 5447 1246 5490 est
1265 5440 1312 5492 tibi
1326 5439 1404 5490 Sirra.
1513 5437 1545 5488 li)
1562 5440 1662 5490 (leserat
1678 5438 1773 5489 Varo
1875 5435 1909 5488 lt
1928 5440 2081 5507 designatb

410 5515 441 5567 17
463 5520 566 5570 solenus
583 5519 609 5569 Β
748 5517 782 5571 20
804 5521 894 5588 aliqua
915 5547 1022 5574 nnnnnn
1046 5523 1124 5588 (eras.
1146 5524 1234 5591 aliqua
1258 5525 1387 5588 iteratam)
1405 5525 1431 5576 B
1534 5523 1577 5591 mi]
1601 5527 1667 5577 milri·
1685 5524 1707 5576 Β
1714 5521 1800 5574 Ver!
1906 5528 2017 5593 accipite
2036 5527 2081 5578 131

407 5602 441 5655 24
460 5612 505 5656 tua
523 5623 572 5656 aar.
586 5605 612 5655 Β
682 5607 814 5674 nigrantes
826 5609 906 5660 Siras.
1010 5607 1045 5661 25
1063 5618 1166 5678 propter
1183 5613 1265 5664 iaceas
1280 5613 1351 5664 VLO

512 5705 708 5778 [cccxxxvi]
744 5709 779 5763 28
796 5713 823 5762 iu
842 5712 996 5764 nomine-
1015 5715 1095 5764 sancti
1114 5733 1162 5764 ear.
1179 5715 1278 5768 Vtro
