4596 6450
847 299 964 356 ocxnv
983 297 1104 368 (crau.
1126 301 1149 362 1,
1169 299 1203 366 1),
1222 297 1353 354 ccxcvi
1372 296 1495 367 (nrrsr.
1513 299 1538 362 s,
1557 298 1609 367 rs).

769 475 857 549 Quid
880 476 1116 563 labyrintheos,
1140 476 1323 562 priscorum
1347 475 1445 555 lama,
1470 496 1622 542 recessus
1734 539 1736 542 .

814 580 962 646 Involvis
984 581 1104 667 linguis
1128 579 1214 665 quod
1238 581 1353 647 timeat
1375 580 1542 665 relegens!

769 684 842 750 Illic
865 683 999 749 artificis
1023 681 1206 749 laudandus
1230 683 1377 748 constitit
1400 703 1500 764 error,

610 869 612 872 Ι
817 786 900 852 Oum
923 787 1017 852 torsit
1040 792 1165 853 rectum
1188 785 1335 851 Dedalus
1358 786 1506 871 ingenio:

686 907 710 945 ³⁵
770 891 834 957 Hic
858 897 975 955 natura
999 890 1147 956 homines
1169 909 1230 975 per
1252 910 1412 955 summum
1435 895 1545 976 portat
1567 889 1709 975 Olympi,

815 993 888 1067 Quo
912 994 1071 1080 liquidum
1095 1000 1227 1059 tranans
1252 995 1299 1058 ire
1323 993 1475 1058 columba
1498 993 1595 1058 valet.

768 1099 909 1180 Parcite,
932 1098 1093 1180 Pierides,
1116 1100 1255 1184 pelagus
1279 1098 1410 1162 fluviale
1435 1097 1573 1179 silendo,

816 1202 867 1269 Ne
892 1209 1022 1288 reparet
1046 1223 1164 1280 sermo,
1188 1201 1257 1266 fors
1280 1202 1367 1267 bona
1391 1200 1478 1286 quod
1500 1201 1637 1286 pepulit.

769 1307 875 1372 Duria
898 1329 984 1385 nam,
1012 1306 1120 1372 Sessis
1142 1312 1269 1371 torrens
1292 1307 1345 1372 vel
1368 1305 1467 1370 Stura
1489 1306 1541 1370 vel
1565 1304 1673 1390 Orgus

687 1426 713 1482 4⁰
818 1411 987 1475 Marmoris
1009 1408 1094 1476 Ionii
1117 1409 1289 1474 saevitiam
1313 1414 1479 1495 superant.

768 1513 888 1578 Dulcia
910 1533 983 1577 cum
1007 1513 1105 1578 variis
1131 1507 1312 1578 Succedunt
1335 1513 1423 1578 laeta
1446 1513 1587 1598 periclis,

817 1618 965 1684 Effectus
988 1639 1097 1682 rerum
1122 1639 1178 1684 cor
1201 1617 1344 1684 solidare
1369 1618 1465 1683 solet.

769 1720 825 1786 Nil
847 1721 926 1787 mihi
950 1743 1022 1786 cum
1047 1720 1164 1800 dubiis,
1187 1727 1325 1807 prosunt
1348 1719 1469 1786 oblivia
1493 1720 1592 1786 tristi:

814 1825 916 1890 Ebria
938 1824 1066 1890 Lethea
1089 1831 1224 1912 pectora
1248 1824 1338 1890 fonte
1363 1819 1457 1890 lero.'

687 1941 712 1980 ⁴⁶
770 1928 1111 1994 Limina-sanctorum
1134 1934 1282 2015 praestat
1304 1929 1464 1993 lustrasse
1488 1933 1693 2004 trementem,

817 2030 1017 2117 Martyribus
1040 2031 1191 2097 lacrimas
1215 2030 1406 2097 exhibuisse
1428 2051 1529 2097 meas.

769 2138 857 2204 Ecce
882 2138 1076 2204 Saturninus
1100 2136 1270 2224 Crispinus
1294 2135 1395 2202 Duria
1418 2135 1554 2201 Maurus

817 2242 981 2308 Eusebius
1005 2241 1145 2315 Quintus
1170 2241 1291 2326 gaudia
1314 2262 1435 2328 magna
1457 2247 1584 2327 parant.

771 2345 898 2426 Octaui,
922 2345 1044 2410 meritis
1067 2346 1120 2427 da,
1145 2345 1324 2424 Adventor,
1347 2343 1461 2426 redde,
1485 2343 1627 2424 Solutor,

689 2467 713 2503 ³⁰
819 2447 968 2514 Candida
991 2471 1033 2514 ne
1057 2450 1155 2535 pullis
1179 2449 1248 2513 vita
1271 2448 1368 2513 cadat
1390 2449 1539 2514 maculis.

771 2551 919 2618 Hostiles
942 2553 1079 2637 laqueos
1103 2551 1230 2617 scindat
1253 2574 1346 2618 mens
1369 2553 1500 2617 conscia
1523 2551 1613 2616 recti.

818 2656 892 2720 Hoc
916 2677 1046 2743 semper
1068 2657 1198 2741 placeat
1221 2655 1307 2741 quod
1331 2653 1438 2730 decet,
1461 2656 1523 2720 hoc
1547 2656 1656 2719 liceat.

1015 2960 1182 3030 coxnvl
1205 2961 1315 3048 (uersu.
1332 2965 1362 3040 5,
1381 2961 1447 3046 18).

999 3158 1189 3232 FAVSTO
1215 3155 1464 3231 ENNODIVS.

376 3334 388 3393 1
528 3305 601 3400 Vix
629 3343 679 3402 est
708 3343 744 3400 ut
773 3337 918 3401 intentus
947 3335 1047 3401 rebus
1076 3334 1228 3400 felicibus
1255 3333 1393 3398 adversa
1416 3341 1622 3420 praenoscat.
1670 3336 1759 3400 velut
1783 3334 1950 3399 sinistrum
1974 3334 2063 3399 eninr

409 3461 505 3504 omen
535 3439 700 3526 repudiat,
732 3441 759 3504 si
788 3439 865 3525 quid
894 3439 935 3504 de
965 3438 1158 3503 austeritate
1191 3438 1374 3502 futurorum
1409 3438 1579 3504 intellectu
1610 3437 1829 3524 praecedente
1867 3438 2063 3524 respexerit.

408 3550 497 3608 certe
530 3565 571 3608 ue
606 3549 639 3608 et
668 3544 775 3610 alieno
811 3549 958 3628 tempore
990 3563 1101 3607 amare
1136 3563 1171 3608 se
1200 3543 1375 3622 misceant,
1410 3542 1483 3628 ipsa
1517 3543 1744 3608 molestiarum
1776 3542 1886 3607 horret
1923 3542 2061 3627 agnitio.

405 3648 495 3712 nullo
519 3647 693 3713 credebam
709 3648 882 3713 intervallo
905 3669 991 3713 nunc
1008 3647 1221 3714 inamabilem
1244 3649 1446 3728 Roranam,
1470 3647 1547 3712 dum
1570 3651 1640 3712 erat
1663 3647 1828 3711 thesauris
1852 3646 1934 3711 meis
1952 3646 2062 3732 plena,
2131 3691 2136 3703 .

406 3749 544 3822 distare;
567 3772 633 3816 non
655 3773 708 3815 me
731 3752 777 3815 sic
801 3753 967 3818 sitientem
988 3753 1074 3833 lons,
1098 3759 1304 3818 aestuantem
1322 3773 1402 3818 aura
1424 3758 1460 3816 ut
1482 3751 1540 3816 illa
1562 3750 1603 3815 ad
1628 3772 1674 3830 se,
1699 3771 1763 3815 non
1780 3750 1901 3814 lassum
1918 3750 2061 3834 requies,

374 3853 574 3920 limitabat.
612 3860 646 3919 at
669 3877 754 3919 nunc
778 3855 851 3942 ipsa
866 3854 981 3936 Roma,
1005 3863 1094 3942 puto,
1119 3855 1160 3920 ad
1182 3856 1332 3941 longiora
1354 3877 1413 3941 pro
1437 3859 1648 3941 peccatorum
1672 3874 1820 3920 meorum
1846 3853 1937 3918 fasce
1953 3859 2061 3918 trans-

407 3957 475 4022 lata
503 3963 564 4021 est.
609 3957 665 4022 ubi
694 3964 743 4022 est
775 3958 831 4023 illa
860 3981 945 4044 quae
974 3981 1046 4025 rara
1075 3960 1253 4046 putabatur
1280 3960 1468 4046 frequentis
1494 3959 1698 4024 litterarum?
1728 3958 1784 4023 ubi
1814 3958 1928 4024 crebra
1958 3958 2061 4022 risio?

405 4061 462 4126 ubi
485 4067 534 4126 tot
556 4062 680 4127 solacia
702 4062 915 4148 diligentiae?
950 4085 1026 4129 vere
1050 4085 1108 4150 pro
1131 4064 1212 4128 meis
1235 4063 1382 4150 partibus
1406 4065 1536 4148 loquor:
1568 4063 1716 4127 detestor
1743 4062 1858 4141 vitam,
1889 4083 1975 4147 quac
1999 4082 2062 4125 occ

407 4165 440 4229 in
463 4186 621 4230 aerumna
644 4167 831 4232 constitutis
862 4173 913 4232 est
936 4165 1020 4230 odio.
1066 4165 1199 4252 adleget
1230 4165 1364 4232 lorsitan
1397 4167 1527 4232 culmen
1549 4173 1712 4246 uestrum,
1745 4165 1808 4231 sibi
1838 4186 1897 4251 pro
1920 4185 2063 4250 superna

409 4267 651 4354 dispensatione
680 4269 791 4356 cupita
818 4271 1006 4355 contigisse.
1059 4290 1124 4334 nou
1152 4277 1205 4334 est
1232 4270 1331 4356 plena
1364 4269 1523 4350 felicitas,
1559 4270 1687 4355 quando
1723 4275 1905 4335 vestrorum
1941 4269 2062 4352 aliquis

376 4371 547 4437 3miseriis
575 4373 677 4438 durae
708 4374 977 4460 sequestrationis
1006 4372 1181 4458 adfligitur.
1227 4371 1289 4438 deo
1322 4373 1463 4454 credite,
1492 4394 1557 4440 non
1587 4377 1663 4439 suut
1691 4374 1803 4438 fucata
1830 4394 1914 4458 quae
1944 4372 2063 4450 defleo,

406 4497 468 4540 nac
491 4476 533 4541 ad
557 4476 788 4562 explicandam
812 4478 919 4544 cordis
943 4476 1147 4563 tragoediam
1171 4483 1228 4543 aut
1243 4478 1432 4563 epistularis
1457 4478 1663 4544 concinnatio
1688 4476 1807 4542 sufficit
1830 4485 1887 4542 ant
1902 4477 2062 4543 sermonis

511 4771 536 4807 v.
553 4752 585 4804 31
606 4754 813 4820 laberouteorB,
830 4754 1027 4808 laberinteosV
1126 4772 1151 4806 v.
1170 4751 1204 4805 33
1222 4754 1337 4806 inuoluis
1350 4753 1438 4818 sirm,
1455 4755 1576 4807 inuolues
1588 4753 1648 4805 libri
1717 4754 1795 4822 lingis
1808 4753 1833 4804 B
1902 4749 1980 4820 quod]
1999 4769 2066 4818 quos

409 4839 505 4892 Horret
579 4840 728 4908 religensB
836 4859 860 4892 v.
880 4839 915 4892 35
932 4842 1019 4908 olimpi
1035 4840 1060 4890 V
1164 4857 1188 4891 r.
1207 4835 1241 4890 37
1259 4840 1400 4906 pieridisB
1513 4859 1537 4892 v.
1556 4839 1591 4892 39
1608 4841 1740 4892 dorianum
1758 4841 1840 4893 sensis
1857 4848 1957 4892 torrens
1974 4847 2067 4890 ustum

407 4925 513 4990 codices,
529 4926 627 4978 mund.
639 4925 719 4977 sim.
737 4943 768 4978 ero
785 4925 855 4979 Plio.
872 4945 898 4978 o.
917 4927 941 4978 lu.
954 4926 1009 4977 ΙΙΙ
1018 4931 1062 4987 16
1085 4926 1173 4978 b'esitis
1191 4944 1244 4992 pro
1262 4926 1344 4978 Sassia
1367 4927 1529 4979 enitendum
1547 4928 1647 4980 uidetur
1780 4945 1805 4978 v
1823 4923 1859 4978 40
1881 4925 2067 4990 marmorllslB

406 5010 779 5080 mavitiam1seueuamBV
890 5030 914 5065 v.
932 5010 967 5065 44
985 5013 1127 5066 loetheoV
1238 5030 1263 5063 v.
1280 5010 1316 5063 45
1335 5013 1535 5066 scanotorumB
1650 5032 1674 5065 r.
1692 5011 1727 5066 50
1745 5013 1858 5081 pullisb,
1874 5013 1950 5080 pollis
1966 5011 2067 5065 codices

406 5117 430 5151 r.
450 5097 481 5150 51
501 5100 607 5152 bostllos
620 5098 709 5164 aim,
726 5099 899 5152 hostilislr'bri
966 5099 1107 5167 laqueosb,
1124 5100 1234 5165 laqueus
1251 5099 1349 5152 codices
1417 5098 1558 5152 acondutB

512 5201 660 5271 [CCXLVI]
689 5201 703 5254 1
724 5204 857 5256 Ennodius
869 5204 991 5255 Faustob
1087 5197 1204 5267 teum]
1211 5202 1290 5253 animi
1283 5201 1334 5268 ’,Ρ
1352 5201 1391 5269 (iu
1402 5221 1450 5270 mg.
1463 5203 1579 5269 enim)b,
1596 5203 1664 5255 enirn
1677 5204 1756 5254 animr
1748 5201 1846 5255 ‘uim
1943 5201 1960 5253 3
1978 5219 2068 5271 proca-

406 5289 519 5343 denteB
632 5287 694 5342 let
711 5305 759 5340 om.
774 5290 832 5341 OPt
917 5305 1016 5341 amarae
1028 5287 1136 5341 aarum
1248 5286 1265 5339 5
1283 5289 1448 5342 thesuauris
1467 5288 1505 5354 (es
1522 5290 1551 5341 iu
1568 5288 1613 5353 lit,
1630 5305 1696 5341 erae
1716 5289 1758 5355 ns)
1776 5290 1802 5340 B
1877 5289 1953 5356 plenu
1970 5290 1998 5341 in
2016 5308 2067 5355 nup.

407 5377 469 5428 odd.
481 5377 507 5427 B
628 5373 645 5426 6
663 5375 762 5428 ᾱωιιω
777 5375 823 5427 Πι
901 5393 952 5428 non
970 5375 1102 5428 includere
1119 5383 1142 5426 ct
1159 5374 1256 5426 lassum
1273 5377 1374 5442 requies
1392 5385 1422 5428 ut
1438 5377 1484 5428 illa
1500 5377 1533 5428 ad
1551 5393 1579 5428 se
1597 5384 1766 5442 mwuaponcrc
1782 5376 1872 5428 malim
1994 5373 2010 5426 7
2029 5375 2068 5443 nt]

406 5461 438 5512 ad
454 5460 499 5511 Β(1
633 5460 666 5513 10
687 5462 790 5530 adleget
805 5463 910 5526 Horat,
934 5461 1031 5529 adlegit
1043 5459 1154 5524 BVLT,
1176 5461 1267 5528 allegit
1285 5460 1336 5526 ΟΡ,
1361 5463 1464 5530 adlegat
1482 5461 1561 5514 uim.
1648 5469 1763 5515 rastrum
1780 5463 1879 5529 scripsi,
1902 5477 1979 5515 suum
1998 5461 2069 5526 libri,

406 5557 481 5600 tuum
493 5548 590 5601 Harrei
693 5547 725 5600 11
744 5555 890 5602 nostrorum
902 5549 982 5601 Siren.
1048 5546 1173 5613 affligitur
1188 5546 1213 5595 V
1314 5545 1346 5597 12
1364 5549 1410 5600 deo
1428 5549 1523 5600 credite
1534 5549 1655 5615 inopum,
1672 5549 1729 5601 ideo
1746 5551 1787 5601 orl
1804 5549 1851 5602 deo
1869 5549 1951 5616 madio
1969 5549 2070 5618 credita

407 5634 502 5695 σοπίσίο
609 5632 642 5698 13
659 5635 813 5702 regumn
824 5632 866 5692 131
936 5634 1113 5698 armoniam
1140 5642 1163 5685 οὔ
1180 5634 1291 5700 aarum
1302 5643 1412 5701 arvom
1428 5635 1593 5703 masuam
1609 5635 1734 5706 namna
