4596 6450
435 327 498 392 202
926 321 1031 376 CCLXl
1050 322 1155 390 (DIOT.
1176 321 1226 387 19),
1245 318 1364 374 cctxn
1383 319 1503 386 (ccum.
1524 321 1549 384 l,
1564 320 1600 386 3).

435 497 604 560 institutus
629 496 776 560 eruditus
801 496 841 561 ad
866 495 950 560 hanc
973 516 1125 571 messem,
1149 494 1282 574 iudices,
1307 495 1417 560 ieiuna
1440 493 1574 579 pudoris
1597 501 1706 558 mente
1731 495 1890 581 pervenit,
1913 515 1954 558 ne
1970 493 2004 558 in
2020 493 2092 557 iure

436 622 494 664 suo
526 601 668 686 patiatur
699 623 788 678 esse,
823 608 994 686 postquam
1025 601 1181 686 universa
1212 599 1368 686 perdidit,
1398 599 1584 686 patrimonii
1615 598 1797 682 largitores.
1844 598 2035 663 damnamus
2059 599 2092 661 in

436 706 596 768 scelerato
620 705 821 768 voluntatem
846 705 1080 790 turpissimam.
1118 725 1194 768 narn
1217 705 1354 788 contigit
1370 705 1518 782 forsitan,
1542 709 1578 766 ut
1593 702 1634 766 ad
1651 701 1770 788 probos
1787 702 1932 766 dominos
1948 703 2091 789 priorum

405 806 564 871 ltuorum
588 828 663 870 ossa
687 807 845 872 beneficio
870 808 1013 872 levitatis
1030 808 1189 872 emiseris.
1228 807 1406 872 communis
1423 813 1473 871 est
1489 806 1647 870 universis
1664 805 1889 870 defunctorum
1907 808 2092 871 reverentia

436 916 470 975 et
492 911 578 974 circa
599 910 793 994 religionem
819 916 907 975 sorte
924 911 1041 975 ultima
1058 911 1260 975 conditorum
1278 909 1411 994 dignam
1428 908 1532 995 poscit
1548 908 1734 972 humanitas
1750 911 1903 974 universa
1919 912 2091 989 culturam,

436 1013 652 1079 excellentius
677 1021 785 1077 tamen
810 1013 987 1078 nlaioribus
1010 1015 1131 1079 nostris
1154 1014 1265 1078 debita
1288 1035 1442 1098 suprema
1465 1011 1652 1090 redduntur,
1676 1033 1758 1098 quos
1782 1013 1827 1077 ita
1844 1012 1907 1078 sibi
1923 1015 2092 1078 veneratio

435 1118 588 1202 proponit
617 1124 692 1182 ante
727 1119 855 1194 oculos,
893 1124 929 1181 ut
957 1117 1007 1181 dis
1039 1117 1210 1182 credamus
1241 1117 1439 1196 exhibitum,
1473 1117 1506 1180 in
1534 1116 1652 1201 quibus
1681 1115 1909 1181 detunctorum
1937 1115 2092 1180 mandata

435 1226 647 1306 peraguntur.
688 1241 857 1285 servamus
881 1221 1141 1307 universaquae
1167 1221 1330 1300 iusserint,
1355 1240 1417 1283 non
1442 1220 1614 1284 credentes
1637 1220 1758 1305 inpune
1783 1221 1983 1304 contingere,
2006 1218 2091 1305 quod

404 1323 477 1388 8de
513 1346 625 1389 eorum
662 1324 762 1388 fuerit
795 1325 1028 1411 praeceptione
1064 1325 1229 1389 violatum.
1286 1345 1350 1388 non
1386 1325 1513 1388 invenio
1548 1345 1667 1389 novum
1701 1323 1854 1389 facinoris
1889 1345 1993 1409 genus
2027 1345 2092 1408 qua

437 1428 600 1513 explicem
632 1429 776 1492 novitate
808 1448 1003 1492 sermonum.
1049 1429 1168 1513 quibus
1198 1428 1258 1492 fuit
1287 1429 1493 1512 sacrilegium
1524 1449 1586 1491 non
1618 1449 1749 1513 parere,
1780 1429 1876 1512 qusle
1906 1433 1956 1491 est
1979 1447 2091 1491 eorum

439 1551 592 1616 suprema
615 1531 778 1595 domicilia
795 1551 851 1616 pro
868 1529 1001 1594 ludicris
1018 1530 1201 1596 vendidisse
1209 1537 1223 1594 ‘l
1260 1532 1393 1610 credite,
1419 1533 1613 1616 cognitores,
1637 1537 1724 1594 stare
1741 1537 1817 1596 ante
1834 1531 1946 1595 oculos
1963 1537 2091 1594 vestros

436 1639 484 1697 tot
521 1634 616 1698 istius
652 1639 766 1698 atavos
799 1632 963 1698 vindictae
1005 1640 1154 1721 tempora
1187 1636 1443 1721 praestulantcs,
1484 1656 1619 1719 quorum
1655 1635 1838 1720 placatione
1874 1655 2024 1698 mansura
2058 1634 2091 1696 in

437 1741 604 1820 posterum
629 1737 716 1800 circa
738 1743 892 1823 parentes
916 1737 1089 1824 diligentia
1112 1739 1233 1824 poterit
1257 1739 1327 1803 sine
1350 1738 1425 1803 labe
1449 1737 1576 1803 sanciri.

1070 2060 1227 2130 cccxll
1250 2063 1354 2150 (canu.
1375 2071 1402 2145 l,
1419 2065 1463 2150 3).

763 2257 1040 2332 PRAEFATIO
1076 2258 1222 2333 DICTA
1258 2259 1523 2334 NEPOTlBVS
1559 2259 1768 2333 PROCVLl

967 2395 1057 2469 SVB
1092 2396 1170 2469 DIE
1204 2395 1283 2468 XV.
1317 2395 1425 2470 KAL.
1461 2397 1560 2473 MAI.

804 2565 967 2651 Exprimit
989 2567 1022 2630 in
1047 2567 1170 2652 spicam
1195 2564 1293 2630 tellus
1315 2566 1379 2630 iam
1402 2566 1471 2631 seta
1493 2567 1643 2654 papillas.

851 2669 953 2736 Lacte
976 2669 1138 2735 maritatis
1162 2664 1294 2752 turgida
1317 2669 1506 2755 cespitibus.

804 2775 982 2860 Stringitur
1002 2777 1035 2838 in
1059 2775 1185 2862 prolem
1209 2795 1340 2860 sparsus
1365 2797 1424 2862 per
1446 2777 1595 2861 gramina
1618 2796 1725 2855 sucus,

852 2878 904 2944 De
928 2878 1029 2963 guttis
1054 2878 1181 2943 faciens
1205 2879 1395 2964 progeniem
1421 2878 1569 2944 solidam.

734 3022 738 3032 ·
804 2983 954 3047 Vestitus
978 2982 1115 3066 gemmis
1138 2981 1304 3069 protendit
1327 2983 1462 3048 brachia
1483 2984 1618 3070 palmes,

852 3085 904 3152 De
927 3088 1051 3172 gremio
1075 3086 1156 3171 ligni
1180 3087 1353 3172 pampinus
1378 3107 1457 3152 ecce
1481 3088 1573 3153 viret.

805 3190 901 3255 Iussa
924 3211 984 3277 per
1007 3197 1218 3276 augmentum
1242 3212 1327 3256 nunc
1351 3191 1468 3256 silvam
1489 3190 1628 3278 perdere
1653 3191 1728 3254 vitis

850 3294 1018 3379 Frugibus
1041 3301 1078 3359 ut
1102 3301 1237 3376 crescat,
1261 3297 1398 3360 vulnera
1421 3296 1606 3361 conciliant.

804 3398 932 3464 Evocat
954 3399 1090 3483 inquirit
1112 3398 1260 3483 gaudens
1283 3398 1422 3464 infantia
1445 3399 1556 3465 mundi

723 3519 748 3555 ¹⁰
852 3501 1033 3582 Nutricem,
1057 3501 1159 3586 tepidi
1182 3523 1278 3587 quam
1301 3502 1392 3567 dedit
1414 3524 1493 3567 aura
1515 3504 1591 3590 poli.

749 3663 756 3675 .
803 3604 902 3670 Ludit
925 3626 984 3692 per
1007 3604 1126 3670 taciem
1150 3626 1338 3692 camporum
1362 3607 1484 3671 rustica
1506 3606 1621 3691 pubes,

852 3708 1048 3794 Respiciens
1072 3707 1144 3771 duri
1168 3708 1262 3773 dulce
1285 3708 1407 3775 laboris
1432 3731 1524 3776 onus.
1634 3765 1636 3772 .

805 3816 922 3878 Annus
946 3819 1056 3898 reptat
1080 3834 1180 3878 ovans
1203 3820 1327 3878 tractus
1350 3837 1410 3900 per
1433 3836 1599 3879 murmura
1623 3816 1708 3880 veris

850 3917 971 3984 Fracta
994 3919 1151 3983 locuturis
1175 3920 1275 3984 mella
1296 3919 1407 3985 serens
1432 3921 1538 3986 labiis.

805 4023 888 4087 (lum
911 4023 1010 4088 rebus
1032 4029 1145 4087 noster
1168 4023 1323 4088 balbuttit
1346 4025 1490 4090 carmina
1514 4047 1644 4090 sensus:

851 4127 964 4192 Aurea
986 4127 1156 4212 principiis
1180 4128 1319 4193 dextera
1342 4136 1450 4214 portet
1473 4151 1579 4215 opem.

805 4231 961 4296 Blandior
984 4232 1025 4296 ad
1049 4233 1165 4298 falcem
1188 4254 1312 4299 messor
1335 4234 1485 4320 perducit
1507 4237 1636 4316 aristes,

850 4334 886 4399 Si
909 4338 1021 4401 rastris
1046 4344 1193 4422 segetem
1216 4346 1350 4426 pectere
1373 4341 1548 4406 continuet.

806 4438 902 4502 Nunc
925 4440 1059 4525 stirpem
1082 4441 1226 4522 Proculi,
1250 4441 1331 4507 dans
1354 4465 1491 4508 vernum
1514 4445 1643 4530 suscipe
1667 4443 1790 4516 doctor,

722 4557 748 4595 2⁰
851 4540 903 4606 Ne
926 4542 1034 4608 terror
1057 4550 1191 4610 teneros
1214 4545 1378 4632 decoquat
1400 4547 1433 4610 in
1457 4545 1584 4612 studiis.

805 4642 983 4710 Serventur
1006 4647 1116 4732 leges:
1141 4669 1202 4714 ceu
1224 4669 1343 4714 census
1366 4650 1477 4715 littera
1498 4657 1616 4715 currat.

850 4749 975 4814 Horum
998 4750 1181 4818 Pindareus
1204 4754 1339 4818 flumina
1361 4754 1439 4819 vicit
1457 4775 1552 4833 *avua

540 5023 773 5096 scampnammv
854 5025 1084 5094 3torpissimamB
1135 5032 1249 5098 contigat
1258 5031 1291 5094 B,
1303 5032 1429 5099 contingit
1437 4993 1497 5083 ch
1584 5030 1800 5098 orelegionemB
1887 5027 2096 5096 buu-premaB

438 5108 452 5160 l
472 5111 521 5164 diis
537 5111 618 5164 Poro
732 5111 763 5162 11
784 5113 930 5165 uindedisse
943 5113 968 5164 B
1082 5114 1115 5166 12
1133 5118 1261 5170 uindictae
1279 5126 1393 5186 tempora
1407 5115 1504 5182 132012,
1527 5118 1640 5169 uindicta
1658 5125 1684 5169 et
1701 5125 1817 5184 tempora
1829 5116 1930 5181 B¹VL,
1952 5117 2095 5168 uindictam

437 5206 463 5251 et
481 5205 596 5267 tempora
614 5199 638 5249 Τ
703 5199 886 5266 praestolantes
904 5199 929 5248 V

541 5299 676 5369 [cccxu]
708 5303 757 5355 sub
773 5285 845 5354 ixa
860 5287 893 5353 ii
908 5304 959 5354 mai
975 5303 1028 5368 Vr,
1045 5322 1094 5356 om.
1107 5305 1132 5355 a
1223 5325 1248 5358 v.
1263 5307 1276 5358 1
1296 5310 1414 5376 exprimit
1433 5311 1462 5374 (x
1473 5310 1501 5360 a
1513 5309 1561 5375 re.)
1575 5310 1600 5360 a
1692 5307 1746 5362 ae
1764 5311 1929 5377 satringitur
1941 5307 2019 5375 (aas.
2033 5311 2056 5372 s)
2071 5310 2097 5360 rs

436 5384 546 5453 plllolem
558 5388 584 5438 B
677 5407 701 5438 v.
715 5385 732 5438 5
750 5390 860 5440 uestitur
876 5389 968 5440 VLOP
1023 5389 1140 5457 brachia]
1158 5395 1244 5446 crucia
1256 5393 1281 5444 B
1337 5396 1428 5462 palmis
1441 5395 1518 5446 BVL
1609 5395 1662 5448 ul
1682 5414 1726 5463 per
1743 5397 1771 5447 in
1784 5397 1820 5447 lit.
1833 5396 1859 5447 B
1915 5397 1977 5448 uitis
1988 5395 2096 5461 Har-tel,

437 5473 504 5524 uites
522 5473 582 5524 libri
603 5471 642 5536 (in
658 5474 694 5525 ro.
712 5472 747 5537 B)
889 5493 914 5525 v.
934 5472 967 5525 14
990 5478 1069 5528 stacta
1090 5476 1215 5528 locuturis
1237 5477 1347 5540 (Placeat
1365 5497 1425 5546 app.
1440 5483 1465 5544 8,
1483 5479 1527 5549 2)]
1550 5485 1632 5535 farcta
1655 5484 1718 5546 (scil.
1741 5480 1827 5546 mella)
1856 5481 1981 5534 locuturis
1998 5481 2098 5535 Hartsl

436 5575 462 5610 v.
476 5555 509 5610 15
526 5560 637 5614 balbutit
649 5560 674 5609 V
756 5577 780 5611 v.
794 5558 827 5610 18
844 5559 877 5627 sl]
896 5579 927 5628 sy
940 5561 964 5612 B
1049 5580 1074 5614 v.
1087 5560 1123 5614 20
1140 5564 1167 5613 in
1185 5565 1276 5616 studiis
1288 5565 1322 5629 B,
1339 5567 1483 5620 inmodicus
1496 5567 1570 5634 VCP,
1587 5569 1728 5621 inmodicos
1740 5569 1765 5620 L
1853 5586 1876 5622 v.
1891 5565 1924 5620 21
1943 5585 1989 5624 seu
2002 5566 2101 5624 VLOP

436 5653 510 5696 curat
525 5644 570 5696 VL
674 5663 699 5697 v.
719 5643 753 5696 22
770 5663 837 5699 auus
850 5645 939 5712 Sirra,
956 5662 1020 5699 auos
1032 5648 1117 5712 BVL,
1134 5666 1196 5703 auos
1210 5650 1244 5704 ot

2159 929 2171 966 b

2146 1448 2173 1485 10
