4612 6442
366 389 369 400 ·
432 373 497 430 XlV
946 375 969 432 1.
996 373 1044 431 ult
1062 375 1152 432 VITA
1170 374 1219 432 ΕΤ
1237 371 1400 431 SCRIPTIS
1418 371 1569 430 ENNODI.

534 549 624 614 Haec
645 548 787 637 plmibus
810 548 915 616 verbis
945 549 1185 637 explicavimus,
1212 547 1298 636 quod
1320 549 1489 636 plurimum
1511 550 1619 615 valent
1639 571 1710 616 cum
1736 549 1778 615 ad
1800 549 1927 618 Ennodi
1949 553 2090 620 libellum

430 677 487 743 pro
515 652 636 740 synodo
670 652 911 740 intellegendum
943 663 1010 719 tum
1047 652 1088 719 ad
1122 653 1336 740 quaestionem
1368 650 1567 733 solvendam,
1602 653 1729 741 quando
1770 655 1823 719 ille
1856 657 1979 722 libellus
2017 682 2091 726 con-

429 758 564 844 scriptus
591 758 641 822 sit.
690 780 727 823 ac
752 756 942 823 monendum
971 766 1031 837 est,
1057 780 1096 822 ne
1124 758 1164 823 ab
1191 755 1338 822 Ennodio
1360 755 1450 821 illum
1474 757 1630 838 libellum,
1656 781 1748 845 quem
1778 770 1974 826 accusatores
1997 763 2090 849 Sym·

429 861 531 926 machi
559 862 622 926 iam
648 860 723 926 Kal.
746 860 832 948 Sept.
861 860 982 947 synodo
1009 859 1176 926 tradidisse
1203 883 1299 947 supra
1325 857 1479 940 vidimus,
1507 860 1673 926 refutatum
1702 883 1770 926 esse
1799 862 1906 928 ducas.
1956 865 2089 947 libellus,

430 987 521 1054 quem
556 964 721 1030 Ennodius
756 963 929 1052 redarguit,
964 965 1132 1052 inscriptus
1166 972 1233 1030 erat
1266 961 1428 1044 ‚adversus
1461 963 1617 1049 synodum
1652 965 1857 1033 absolutionis
1893 968 2090 1055 incongruae‘

430 1075 470 1154 (p.
485 1071 537 1149 49,
548 1072 616 1150 291;
638 1078 732 1156 atque
746 1069 832 1155 quod
853 1093 892 1134 ex
914 1069 974 1134 hoc
995 1070 1066 1157 ipso
1088 1068 1181 1133 titulo
1202 1068 1349 1153 cognosci
1368 1075 1482 1154 potest,
1503 1068 1629 1134 Ermodi
1653 1070 1837 1136 refutatione
1859 1074 2090 1160 comprobatur,

429 1171 487 1236 has
510 1173 722 1238 accusationes
746 1182 819 1260 post
842 1172 1022 1260 Symmachi
1044 1172 1272 1238 absolutionem
1295 1171 1314 1235 i.
1330 1193 1356 1236 e.
1371 1181 1445 1258 post
1465 1171 1500 1236 X
1521 1170 1596 1236 Kal.
1611 1172 1694 1238 Nov.
1717 1183 1748 1238 et
1769 1197 1832 1240 non
1855 1177 1958 1241 solum
1980 1188 2090 1244 contra

429 1273 652 1360 Symmachum
674 1275 846 1341 sedetiam
868 1285 977 1341 contra
999 1298 1106 1341 omnes
1129 1275 1310 1362 episcopos,
1333 1275 1386 1360 qui
1409 1274 1475 1340 eius
1499 1274 1727 1341 absolutionem
1750 1276 1923 1360 effecerant,
1950 1281 2086 1346 intentas

428 1401 505 1444 esse.
534 1380 619 1445 illius
633 1381 748 1468 prioris
763 1381 862 1447 libelli
884 1378 1007 1468 praeter
1029 1389 1098 1445 acta
1113 1377 1304 1466 synodorum
1326 1389 1359 1443 et
1380 1378 1465 1465 apud
1488 1389 1644 1446 auctorem
1659 1381 1877 1448 Veronensem
1899 1393 1930 1448 et
1951 1384 1984 1448 in
2006 1385 2088 1451 libro

423 1483 595 1569 pontificali
619 1484 736 1549 mentio
758 1485 806 1564 fit,
835 1483 891 1549 sed
913 1484 1115 1571 posteriorem
1137 1490 1259 1569 praeter
1281 1481 1477 1564 Ennodium,
1504 1483 1590 1569 quod
1612 1484 1722 1566 sciam,
1745 1496 1966 1552 commemorat
1988 1509 2088 1554 nemo.

429 1596 567 1652 attamen
588 1589 683 1653 ctiam
705 1588 795 1674 plura
817 1588 979 1654 volumina
1005 1586 1115 1652 dehis
1144 1586 1237 1651 rebus
1266 1586 1443 1672 conscripta
1469 1608 1537 1650 esse
1563 1586 1729 1652 Ennodius
1762 1589 1936 1675 significare
1964 1590 2088 1656 videtur

429 1715 459 1778 p.
475 1696 525 1771 50,
538 1697 567 1761 9.
596 1731 637 1740 —-
665 1692 748 1758 Cum
776 1692 871 1778 igitur
899 1691 1148 1759 adversariorum
1175 1689 1301 1755 libellus
1329 1712 1393 1754 non
1418 1699 1491 1755 ante
1518 1712 1656 1756 mensem
1686 1691 1899 1758 Nouembrem
1927 1695 2087 1763 5551502

428 1796 622 1881 compositus
645 1804 738 1882 atque
760 1795 801 1860 ab
822 1794 971 1861 Ennodio
993 1795 1049 1860 vix
1070 1803 1142 1859 ante
1164 1792 1336 1858 adventum
1358 1792 1575 1858 Mediolanum
1598 1817 1704 1860 mense
1725 1795 1894 1862 Decembri
1915 1797 2014 1863 lectus
2037 1801 2088 1880 sit,

427 1896 528 1984 ipsius
554 1898 695 1964 libellum
723 1898 952 1985 apologeticum
980 1897 1090 1984 primis
1123 1896 1282 1962 mensibus
1311 1896 1385 1961 armi
1414 1900 1477 1964 503
1505 1896 1624 1962 editum
1657 1920 1725 1964 esse
1753 1900 1818 1966 veri
1847 1900 2004 1986 persimile
2031 1911 2087 1982 est,

427 2021 616 2086 quamquam
644 2001 810 2066 consilium
838 2001 1002 2066 victoriam
1026 1998 1206 2086 Symmachi
1234 2020 1335 2085 papae
1364 1997 1541 2064 celebrandi
1573 2001 1681 2065 statim
1707 2011 1781 2087 post
1807 2003 1942 2068 reditum
1965 2015 2089 2092 ceperat

428 2110 468 2189 (p.
484 2109 514 2184 5,
526 2106 566 2186 6).
609 2103 696 2170 illam
725 2103 936 2169 defensionem
965 2113 1068 2168 utrum
1100 2125 1159 2167 sua
1189 2102 1222 2166 in
1251 2100 1473 2186 Symmachum
1501 2102 1663 2168 voluntate
1689 2105 1740 2169 vel
1771 2107 1888 2191 gloriae
1916 2107 2088 2195 cupiditate

425 2206 585 2294 incitatus
601 2231 641 2273 an
670 2209 889 2296 episcoporum
917 2209 1005 2274 iussu
1034 2206 1266 2294 conscripserit,
1299 2229 1362 2272 non
1388 2206 1500 2292 liquet:
1534 2206 1610 2271 mihi
1638 2206 1764 2293 quidem
1792 2220 1875 2276 certa
1904 2222 2087 2298 argumenta

427 2307 535 2374 deesse
557 2310 711 2392 videntur,
734 2312 857 2378 etiamsi
878 2334 958 2398 quae
980 2312 1012 2375 in
1034 2309 1225 2398 praefatione
1247 2313 1288 2396 (p.
1303 2311 1355 2389 49,
1367 2311 1387 2375 8
1399 2311 1450 2390 ss.)
1472 2316 1671 2395 exponuntur
1692 2320 1723 2374 et
1744 2310 1787 2394 id,
1813 2313 1898 2400 quod
1919 2315 2086 2382 Ennodius

427 2435 485 2499 pro
500 2414 657 2501 episcopis
671 2415 826 2481 vocabulo
848 2423 924 2496 ,nos‘
946 2422 979 2479 et
996 2418 1119 2494 ,noster‘
1141 2417 1181 2500 (p.
1197 2416 1248 2492 57,
1260 2416 1310 2479 31.
1327 2415 1378 2492 58,
1389 2415 1418 2477 3.
1434 2415 1485 2492 59,
1496 2416 1549 2494 35)
1572 2414 1677 2494 utitur,
1699 2415 1739 2480 ab
1754 2417 1799 2481 eis
1822 2417 1927 2482 afferri
1943 2428 2086 2506 possunt,

426 2518 479 2602 qni
502 2519 720 2607 episcoporum
742 2519 867 2583 nomine
888 2541 958 2583 eum
982 2516 1101 2584 dixisse
1123 2527 1245 2604 putant

530 2621 677 2688 Ceterum
699 2622 759 2688 hoc
779 2621 907 2687 Ennodi
934 2623 1042 2688 libello
1063 2643 1127 2687 non
1149 2620 1250 2706 magm
1272 2641 1367 2706 quam
1389 2616 1501 2704 synodi
1529 2618 1652 2686 decreto
1674 2621 1754 2686 effici
1776 2622 1893 2708 potuit,
1920 2631 1955 2688 ut
1976 2624 2087 2690 adver-

426 2725 501 2790 sarii
524 2723 746 2811 Symmachum
773 2749 888 2813 papam
916 2748 1025 2812 ingere
1052 2725 1238 2790 desisterent
1265 2724 1315 2789 vel
1344 2723 1599 2789 obmutescerent
1643 2725 1739 2790 immo
1762 2734 1869 2792 auctor
1890 2727 2086 2793 Veronensis

426 2829 555 2895 tradidit
582 2829 672 2895 haec:
699 2829 820 2911 ‚Clerus
846 2840 878 2896 et
900 2840 1026 2897 senatus
1048 2831 1175 2895 electior
1201 2829 1255 2916 qui
1282 2828 1473 2894 consortium
1501 2828 1656 2894 vitaverat
1684 2828 1879 2914 Symmachi,
1904 2831 2086 2918 petitionem

425 2934 491 3020 regi
514 2956 572 3020 pro
593 2957 729 3021 persona
750 2934 911 3007 laurentii
940 2933 1062 3020 dirigit,
1088 2934 1142 3019 qui
1170 2955 1207 2998 eo
1235 2942 1375 3019 tempore
1401 2931 1571 2997 Ravennae
1600 2933 1781 2997 morabatur
1808 2933 1988 3018 Symmachi
2017 2935 2086 3000 vio-

426 3037 553 3103 lentiam
582 3040 888 3126 persecutionemque
916 3036 1091 3118 declinana,
1119 3045 1155 3102 ut
1179 3037 1248 3124 ipse
1275 3035 1436 3101 Romanae
1465 3034 1661 3123 praesederet
1687 3036 1851 3118 ecclesiae,
1884 3039 1939 3104 ubi
1965 3037 2085 3104 dudum

426 3142 528 3208 fuerat
550 3165 691 3208 summus
714 3141 856 3229 pontifex
878 3150 999 3206 creatus
1023 3190 1109 3206 .....
1132 3141 1178 3206 sic
1200 3140 1389 3205 Laurentius
1417 3139 1459 3204 ad
1481 3140 1589 3205 urbem
1612 3139 1739 3205 venicus
1765 3164 1822 3228 per
1844 3165 1942 3207 annos
1964 3142 2086 3208 circiter

426 3257 574 3335 quattror
602 3247 777 3311 Romanam
806 3246 907 3310 tenuit
934 3245 1112 3324 ecclesiam3
1139 3267 1195 3331 per
1216 3266 1296 3331 quac
1325 3253 1467 3331 tempora
1494 3266 1573 3330 quae
1600 3243 1681 3308 bella
1703 3244 1808 3310 ciuilia
1829 3255 1918 3331 gesta
1940 3255 2014 3311 sunt
2034 3247 2086 3312 vel

426 3359 542 3436 quanta
563 3348 732 3416 homicidia
753 3359 945 3437 perpetrata,
973 3373 1036 3415 non
1064 3358 1112 3415 est
1134 3349 1290 3436 praesenti
1312 3348 1459 3414 relatione
1482 3347 1700 3435 pandendum‘.
1744 3348 1821 3414 haec
1842 3351 2086 3438 comprobantur

425 3465 456 3518 et
482 3453 619 3541 quodam
653 3453 748 3519 modo
784 3454 1014 3540 amplificantur
1039 3453 1113 3519 libri
1135 3452 1323 3540 pontificalis
1357 3451 1476 3517 verbis:
1503 3450 1634 3532 ,Eodem
1662 3460 1802 3539 tempore
1829 3453 1959 3536 Festus,
1990 3466 2086 3543 caput

426 3566 553 3623 senatus
575 3559 741 3638 exconsul,
768 3567 800 3623 et
821 3557 978 3622 Probinus
1001 3555 1150 3622 exconsul
1177 3565 1346 3642 coeperunt
1368 3556 1449 3620 intra
1471 3556 1580 3622 urbem
1602 3554 1736 3621 Romam
1759 3581 1898 3643 pugnare
1919 3580 1991 3624 cum
2013 3560 2083 3624 aliis

425 3671 456 3727 et
478 3662 614 3727 maxime
635 3683 706 3727 cum
721 3663 842 3728 Fausto
857 3663 1032 3742 exconsule,
1055 3671 1087 3726 et
1101 3659 1211 3726 caedes
1233 3668 1264 3724 et
1282 3659 1451 3725 homicidia
1471 3660 1504 3724 in
1525 3660 1607 3725 clero
1622 3682 1661 3724 ex
1675 3660 1796 3726 invidia
1809 3661 1950 3727 ferebant
1964 3669 2031 3728 etc‘
2042 3703 2083 3712 —

425 3766 544 3832 Tamen
559 3765 686 3831 Ennodi
709 3767 849 3832 libellum
871 3776 903 3832 et
924 3766 964 3832 ab
986 3765 1168 3852 aequalibus
1191 3773 1221 3828 et
1242 3786 1262 3829 a
1283 3763 1508 3850 posterioribus
1530 3785 1645 3850 magno
1669 3787 1799 3829 assensu
1821 3775 1985 3853 exceptum
2007 3789 2084 3848 esse,

425 3880 456 3936 et
477 3869 551 3935 hinc
564 3871 674 3950 elucet,
695 3869 780 3957 quod
794 3870 904 3956 paucis
927 3871 1016 3934 annis
1037 3877 1110 3956 post
1124 3866 1270 3933 laudator
1284 3866 1468 3932 Theoderici
1488 3867 1529 3932 ab
1543 3867 1674 3932 ecclesia
1688 3867 1804 3931 electus
1819 3875 1868 3932 est
1890 3873 1931 3956 (p.
1946 3872 2019 3950 209,
2032 3873 2083 3938 27.

425 3978 499 4056 212,
507 3979 559 4056 20)
589 3987 621 4040 et
642 3974 716 4040 inde
737 3973 823 4062 quod
852 3997 871 4040 a
899 3997 981 4040 nono
1004 3974 1129 4039 saeculo
1157 3971 1198 4036 ad
1228 3971 1307 4036 illud
1335 3972 1523 4058 opusculum
1551 3970 1690 4057 saepius,
1718 3979 1755 4034 ut
1779 3971 1920 4058 episcopi
1947 3973 2084 4039 Romani

425 4080 619 4166 principatus
644 4077 866 4158 defenderetur,
888 4077 1125 4165 provocabatur.

529 4183 666 4248 Exstant
692 4183 787 4248 etiam
819 4182 881 4247 alia
919 4180 1046 4246 Ennodi
1080 4181 1247 4268 opuscula,
1285 4201 1366 4266 quae
1406 4202 1477 4244 cnm
1512 4179 1680 4244 schismate
1714 4179 1820 4265 aliquo
1846 4173 1941 4246 modo
1964 4203 2083 4247 conexa

424 4285 533 4352 eodem
562 4295 701 4373 tempore
729 4295 798 4351 orta
825 4307 893 4349 esse
921 4291 1053 4352 constat.
1105 4284 1200 4371 paulo
1227 4292 1301 4370 post
1331 4280 1485 4368 synodum
1515 4282 1692 4348 Romanam
1719 4292 1928 4372 ,praeceptum
1955 4284 2083 4374 quaudo

424 4391 502 4456 iussi
529 4400 605 4456 sunt
629 4412 737 4456 omnes
766 4389 906 4476 episcopi
931 4389 1101 4454 cellulanos
1128 4389 1250 4454 habere‘
1277 4392 1338 4474 (op.
1354 4387 1456 4468 VIII)
1484 4389 1524 4454 ab
1546 4387 1694 4454 Ennodio
1715 4389 1855 4476 episcopi
1882 4391 1933 4456 sui
1957 4392 2083 4457 nomine

425 4496 576 4581 scriptum
602 4503 658 4559 est
701 4501 869 4580 postquam
903 4493 986 4557 enim
1014 4493 1153 4579 episcopi
1183 4515 1202 4558 a
1229 4514 1314 4578 papa
1339 4499 1394 4556 aut
1422 4513 1441 4556 a
1469 4490 1590 4576 synodo
1618 4493 1696 4557 iussi
1725 4501 1799 4558 sunt
1826 4495 1994 4560 5511515555
2017 4496 2037 4562 i.
2056 4519 2082 4562 e.

424 4599 552 4664 clericos
575 4597 810 4664 contubernales
832 4619 891 4683 pro
907 4597 992 4662 vitae
1013 4619 1195 4684 morumque
1211 4619 1339 4662 suorum
1354 4596 1486 4661 testibus
1509 4618 1616 4661 secum
1637 4596 1759 4678 habere,
1781 4598 1843 4685 ipsi
1864 4599 1945 4666 idem
1962 4601 2081 4667 clericis

424 4703 490 4768 suis
518 4702 749 4788 imperaverunt
774 4699 878 4784 (Sirm.
900 4701 932 4764 in
954 4710 1018 4765 not
1041 4725 1071 4788 p.
1089 4704 1148 4780 721.
1206 4698 1292 4786 quod
1327 4709 1528 4787 praeceptum
1561 4699 1603 4764 ad
1637 4699 1865 4767 defendendum
1900 4709 1941 4790 (p.
1964 4708 2012 4785 12,
2029 4709 2081 4787 29)

424 4815 612 4872 memoratur
638 4805 815 4892 exemplum
846 4827 952 4870 recens
986 4804 1084 4868 oculis
1122 4804 1262 4869 oblatum
1290 4803 1469 4889 Symmachi
1497 4826 1612 4892 papae,
1645 4805 1735 4870 cuius
1770 4828 1871 4871 mores
1898 4831 1998 4894 nuper
2026 4808 2082 4874 ad-

425 4912 552 4977 versarii
574 4911 718 4978 maledici
746 4919 908 4998 suspectos
936 4911 1079 4976 fecerint:
1106 4933 1180 4997 ergo
1206 4911 1301 4998 paulo
1323 4919 1397 4997 post
1419 4933 1535 4974 auruum
1555 4914 1618 4978 502
1641 4911 1682 4976 ab
1704 4910 1850 4978 Ennodio
1873 4914 2081 5000 compositum

423 5024 479 5080 cst
502 5015 647 5081 -Item
674 5014 733 5080 hac
765 5016 885 5080 ratione
913 5013 1011 5079 dictio
1037 5013 1071 5077 in
1098 5013 1302 5078 Laurentium
1330 5012 1599 5078 Mediolanensem
1628 5015 1826 5102 episcopum,
1851 5039 1914 5103 quo
1942 5027 2081 5105 tempore

424 5118 531 5185 habita
552 5120 603 5200 ait,
625 5119 745 5185 definiri
768 5129 880 5207 potest
924 5127 1092 5206 postquam
1119 5119 1201 5183 enim
1224 5116 1389 5182 Ennodius
1417 5119 1448 5182 in
1471 5119 1528 5183 illa
1549 5117 1685 5184 dictione
1708 5119 1854 5186 disseruit
1876 5122 2080 5189 laurentium

424 5223 455 5287 in
479 5222 600 5310 synodo
627 5224 773 5290 Romana
800 5225 917 5311 primas
947 5224 1028 5288 inter
1050 5222 1162 5288 Italiae
1191 5224 1356 5312 episcopos
1386 5223 1488 5308 egisse
1515 5231 1546 5287 et
1568 5223 1738 5310 plurimum
1764 5225 1805 5290 ad
1832 5249 1949 5313 papam
1976 5228 2081 5294 absol·

424 5324 560 5394 vendum
584 5329 734 5409 valuisse,
765 5327 841 5392 haec
870 5325 994 5393 addidit
1015 5333 1056 5414 (p.
1071 5328 1101 5405 4,
1113 5328 1159 5409 8):
1188 5326 1283 5407 ‚dicat
1311 5326 1424 5413 aliquis
1454 5326 1585 5392 forsitan
1613 5349 1715 5392 rerum
1743 5337 1902 5415 gestarum
1924 5331 2079 5417 malignus

423 5432 589 5518 interpres:
612 5454 705 5519 quam
734 5432 845 5498 sortita
871 5441 919 5496 est
946 5430 985 5496 de
1014 5428 1194 5496 huiusmodi
1222 5431 1399 5496 constantia
1425 5453 1572 5518 praesens
1595 5453 1690 5496 causa
1711 5431 1921 5499 decisionem?
1943 5444 2080 5520 quaerat,

422 5536 476 5622 qui
498 5536 570 5600 finis
592 5535 632 5601 de
653 5535 781 5602 laudato
804 5535 917 5602 sudore
932 5535 1114 5622 contigerit‘.
1150 5558 1225 5621 ergo
1248 5535 1395 5621 quoniam
1418 5535 1580 5600 etiamtum
1597 5535 1728 5602 victoria
1744 5535 1841 5602 dubia
1862 5538 1943 5602 inter
1964 5561 2080 5624 papam

422 5651 453 5706 ct
474 5640 669 5706 adversarios
692 5641 758 5707 eius
782 5638 1009 5722 decertabatur,
1036 5639 1090 5704 illa
1112 5638 1208 5705 dictio
1235 5648 1309 5728 post
1336 5662 1451 5705 anuum
1474 5643 1536 5707 502
1559 5648 1591 5704 et
1613 5647 1685 5705 ante
1708 5643 1780 5721 507,
1802 5663 1865 5730 quo
1887 5664 1970 5707 anno
1993 5642 2078 5708 Iau-
