<?xml version="1.0" encoding="UTF-8"?>
<!DOCTYPE html PUBLIC "-//W3C//DTD XHTML 1.0 Transitional//EN"
    "http://www.w3.org/TR/xhtml1/DTD/xhtml1-transitional.dtd">
<html xmlns="http://www.w3.org/1999/xhtml" xml:lang="en" lang="en">
 <head>
  <title>
</title>
<meta http-equiv="Content-Type" content="text/html;charset=utf-8" />
  <meta name='ocr-system' content='tesseract 3.04.00' />
  <meta name='ocr-capabilities' content='ocr_page ocr_carea ocr_par ocr_line ocrx_word'/>
</head>
<body>
  <div class='ocr_page' id='page_1' title='image "./monumentagerman06mittgoog_0188.png"; bbox 0 0 4538 6436; ppageno 0'>
   <div class='ocr_carea' id='block_1_1' title="bbox 415 387 1820 458">
    <p class='ocr_par' dir='ltr' id='par_1_1' title="bbox 415 387 1820 458">
     <span class='ocr_line' id='line_1_1' title="bbox 415 387 1820 458; baseline 0.003 -16"><span class='ocrx_word' id='word_1_1' title='bbox 415 387 542 442; x_wconf 84' lang='lat' dir='ltr'>LXXXV</span> <span class='ocrx_word' id='word_1_2' title='bbox 560 387 664 457; x_wconf 74' lang='lat' dir='ltr'>(otor.</span> <span class='ocrx_word' id='word_1_3' title='bbox 683 389 719 456; x_wconf 88' lang='lat'>9),</span> <span class='ocrx_word' id='word_1_4' title='bbox 739 387 879 442; x_wconf 86' lang='lat' dir='ltr'>LXXXVI</span> <span class='ocrx_word' id='word_1_5' title='bbox 899 388 1022 458; x_wconf 75' lang='lat' dir='ltr'>(EPIST.</span> <span class='ocrx_word' id='word_1_6' title='bbox 1042 389 1066 452; x_wconf 87' lang='lat'>3,</span> <span class='ocrx_word' id='word_1_7' title='bbox 1087 390 1138 456; x_wconf 84' lang='lat' dir='ltr'>iti),</span> <span class='ocrx_word' id='word_1_8' title='bbox 1159 389 1311 444; x_wconf 90' lang='lat' dir='ltr'>LXXXVII</span> <span class='ocrx_word' id='word_1_9' title='bbox 1331 391 1453 457; x_wconf 76' lang='lat' dir='ltr'>(EPIST.</span> <span class='ocrx_word' id='word_1_10' title='bbox 1473 393 1497 454; x_wconf 84' lang='lat'>3,</span> <span class='ocrx_word' id='word_1_11' title='bbox 1518 393 1569 456; x_wconf 74' lang='lat'>17).</span> <span class='ocrx_word' id='word_1_12' title='bbox 1761 398 1820 457; x_wconf 83' lang='lat'>115</span> 
     </span>
    </p>
   </div>
   <div class='ocr_carea' id='block_1_2' title="bbox 167 560 1878 936">
    <p class='ocr_par' dir='ltr' id='par_1_2' title="bbox 167 560 1878 936">
     <span class='ocr_line' id='line_1_2' title="bbox 167 560 1878 649; baseline 0.003 -24"><span class='ocrx_word' id='word_1_13' title='bbox 167 562 412 626; x_wconf 78' lang='lat' dir='ltr'><strong>monstraveris.</strong></span> <span class='ocrx_word' id='word_1_14' title='bbox 458 560 555 626; x_wconf 86' lang='lat' dir='ltr'>huius</span> <span class='ocrx_word' id='word_1_15' title='bbox 589 561 650 625; x_wconf 88' lang='lat' dir='ltr'>viri</span> <span class='ocrx_word' id='word_1_16' title='bbox 686 568 837 646; x_wconf 89' lang='lat' dir='ltr'>suscepto</span> <span class='ocrx_word' id='word_1_17' title='bbox 870 560 1073 627; x_wconf 80' lang='lat' dir='ltr'>adulescenti</span> <span class='ocrx_word' id='word_1_18' title='bbox 1107 560 1183 646; x_wconf 91' lang='lat' dir='ltr'>quid</span> <span class='ocrx_word' id='word_1_19' title='bbox 1216 583 1289 626; x_wconf 89' lang='lat' dir='ltr'>mee</span> <span class='ocrx_word' id='word_1_20' title='bbox 1325 563 1544 648; x_wconf 79' lang='lat' dir='ltr'>praestitisset</span> <span class='ocrx_word' id='word_1_21' title='bbox 1575 565 1693 646; x_wconf 89' lang='lat' dir='ltr'>oratio,</span> <span class='ocrx_word' id='word_1_22' title='bbox 1727 567 1878 649; x_wconf 69' lang='lat' dir='ltr'>quemitl</span> 
     </span>
     <span class='ocr_line' id='line_1_3' title="bbox 167 662 1822 753; baseline 0.002 -25"><span class='ocrx_word' id='word_1_23' title='bbox 167 671 305 728; x_wconf 84' lang='lat' dir='ltr'>eventus</span> <span class='ocrx_word' id='word_1_24' title='bbox 336 663 456 729; x_wconf 83' lang='lat' dir='ltr'>dexter</span> <span class='ocrx_word' id='word_1_25' title='bbox 486 662 527 728; x_wconf 94' lang='lat' dir='ltr'>de</span> <span class='ocrx_word' id='word_1_26' title='bbox 558 664 755 728; x_wconf 89' lang='lat' dir='ltr'>institutoris</span> <span class='ocrx_word' id='word_1_27' title='bbox 788 666 912 730; x_wconf 90' lang='lat' dir='ltr'>meritis</span> <span class='ocrx_word' id='word_1_28' title='bbox 948 673 1058 729; x_wconf 89' lang='lat' dir='ltr'>manet</span> <span class='ocrx_word' id='word_1_29' title='bbox 1088 673 1121 730; x_wconf 90' lang='lat' dir='ltr'>et</span> <span class='ocrx_word' id='word_1_30' title='bbox 1148 665 1189 730; x_wconf 92' lang='lat' dir='ltr'>de</span> <span class='ocrx_word' id='word_1_31' title='bbox 1220 667 1370 730; x_wconf 83' lang='lat' dir='ltr'>orbitatis</span> <span class='ocrx_word' id='word_1_32' title='bbox 1400 667 1616 752; x_wconf 78' lang='lat' dir='ltr'>prosperitate</span> <span class='ocrx_word' id='word_1_33' title='bbox 1644 668 1822 753; x_wconf 83' lang='lat' dir='ltr'>perfectio?</span> 
     </span>
     <span class='ocr_line' id='line_1_4' title="bbox 168 767 1823 856; baseline 0.004 -25"><span class='ocrx_word' id='word_1_34' title='bbox 168 768 242 832; x_wconf 91' lang='lat' dir='ltr'>buic</span> <span class='ocrx_word' id='word_1_35' title='bbox 265 767 430 832; x_wconf 85' lang='lat' dir='ltr'>sufficiunt</span> <span class='ocrx_word' id='word_1_36' title='bbox 453 768 581 851; x_wconf 90' lang='lat' dir='ltr'>patroni</span> <span class='ocrx_word' id='word_1_37' title='bbox 604 789 729 852; x_wconf 85' lang='lat' dir='ltr'>preces,</span> <span class='ocrx_word' id='word_1_38' title='bbox 754 789 812 852; x_wconf 90' lang='lat' dir='ltr'>per</span> <span class='ocrx_word' id='word_1_39' title='bbox 835 790 914 853; x_wconf 90' lang='lat' dir='ltr'>quas</span> <span class='ocrx_word' id='word_1_40' title='bbox 938 769 1119 832; x_wconf 91' lang='lat' dir='ltr'>merebitur</span> <span class='ocrx_word' id='word_1_41' title='bbox 1140 769 1296 832; x_wconf 87' lang='lat' dir='ltr'>institutis</span> <span class='ocrx_word' id='word_1_42' title='bbox 1314 769 1443 854; x_wconf 91' lang='lat' dir='ltr'>optimis</span> <span class='ocrx_word' id='word_1_43' title='bbox 1460 770 1603 834; x_wconf 91' lang='lat' dir='ltr'>imbutus</span> <span class='ocrx_word' id='word_1_44' title='bbox 1619 771 1823 856; x_wconf 86' lang='lat' dir='ltr'>degenerare</span> 
     </span>
     <span class='ocr_line' id='line_1_5' title="bbox 167 872 360 936; baseline -0.005 -1"><span class='ocrx_word' id='word_1_45' title='bbox 167 872 360 936; x_wconf 85' lang='lat' dir='ltr'>sublimiter.</span> 
     </span>
    </p>
   </div>
   <div class='ocr_carea' id='block_1_3' title="bbox 750 1105 1238 1380">
    <p class='ocr_par' dir='ltr' id='par_1_3' title="bbox 750 1105 1238 1380">
     <span class='ocr_line' id='line_1_6' title="bbox 777 1105 1222 1195; baseline 0.004 -21"><span class='ocrx_word' id='word_1_46' title='bbox 777 1105 964 1176; x_wconf 87' lang='lat' dir='ltr'>LXXXVI</span> <span class='ocrx_word' id='word_1_47' title='bbox 981 1109 1091 1195; x_wconf 84' lang='lat' dir='ltr'>(srrsr.</span> <span class='ocrx_word' id='word_1_48' title='bbox 1108 1113 1137 1192; x_wconf 89' lang='lat'>3,</span> <span class='ocrx_word' id='word_1_49' title='bbox 1157 1111 1222 1194; x_wconf 88' lang='lat'>16).</span> 
     </span>
     <span class='ocr_line' id='line_1_7' title="bbox 750 1303 1238 1380; baseline 0.002 -2"><span class='ocrx_word' id='word_1_50' title='bbox 750 1303 986 1378; x_wconf 82' lang='lat' dir='ltr'>ENNODIVS</span> <span class='ocrx_word' id='word_1_51' title='bbox 1014 1304 1238 1380; x_wconf 84' lang='lat' dir='ltr'>LACONIO.</span> 
     </span>
    </p>
   </div>
   <div class='ocr_carea' id='block_1_4' title="bbox 278 1451 1870 1571">
    <p class='ocr_par' dir='ltr' id='par_1_4' title="bbox 278 1451 1870 1571">
     <span class='ocr_line' id='line_1_8' title="bbox 278 1451 1870 1571; baseline 0.005 -29"><span class='ocrx_word' id='word_1_52' title='bbox 278 1451 357 1543; x_wconf 83' lang='lat' dir='ltr'>Diu</span> <span class='ocrx_word' id='word_1_53' title='bbox 381 1485 432 1543; x_wconf 88' lang='lat' dir='ltr'>est</span> <span class='ocrx_word' id='word_1_54' title='bbox 461 1481 546 1565; x_wconf 94' lang='lat' dir='ltr'>quod</span> <span class='ocrx_word' id='word_1_55' title='bbox 577 1481 705 1545; x_wconf 89' lang='lat' dir='ltr'>animus</span> <span class='ocrx_word' id='word_1_56' title='bbox 735 1501 828 1546; x_wconf 92' lang='lat' dir='ltr'>meus</span> <span class='ocrx_word' id='word_1_57' title='bbox 856 1482 922 1562; x_wconf 87' lang='lat' dir='ltr'>illa,</span> <span class='ocrx_word' id='word_1_58' title='bbox 951 1502 1015 1567; x_wconf 91' lang='lat' dir='ltr'>qua</span> <span class='ocrx_word' id='word_1_59' title='bbox 1043 1483 1171 1548; x_wconf 88' lang='lat' dir='ltr'>solebat</span> <span class='ocrx_word' id='word_1_60' title='bbox 1200 1484 1349 1564; x_wconf 82' lang='lat' dir='ltr'>relevari,</span> <span class='ocrx_word' id='word_1_61' title='bbox 1382 1486 1820 1571; x_wconf 86' lang='lat' dir='ltr'>expectationetorquetur.</span> <span class='ocrx_word' id='word_1_62' title='bbox 1860 1500 1870 1558; x_wconf 85' lang='grc'><strong>1</strong></span> 
     </span>
    </p>
   </div>
   <div class='ocr_carea' id='block_1_5' title="bbox 166 1583 1875 2501">
    <p class='ocr_par' dir='ltr' id='par_1_5' title="bbox 96 1583 1875 2501">
     <span class='ocr_line' id='line_1_9' title="bbox 167 1583 1822 1673; baseline 0.002 -25"><span class='ocrx_word' id='word_1_63' title='bbox 167 1585 199 1648; x_wconf 90' lang='lat' dir='ltr'>in</span> <span class='ocrx_word' id='word_1_64' title='bbox 223 1585 356 1668; x_wconf 89' lang='lat' dir='ltr'>longum</span> <span class='ocrx_word' id='word_1_65' title='bbox 379 1583 526 1648; x_wconf 87' lang='lat' dir='ltr'>traxistis</span> <span class='ocrx_word' id='word_1_66' title='bbox 550 1585 691 1665; x_wconf 89' lang='lat' dir='ltr'>silentia,</span> <span class='ocrx_word' id='word_1_67' title='bbox 715 1585 805 1649; x_wconf 89' lang='lat' dir='ltr'>nulla</span> <span class='ocrx_word' id='word_1_68' title='bbox 828 1587 1028 1650; x_wconf 86' lang='lat' dir='ltr'>necessitate</span> <span class='ocrx_word' id='word_1_69' title='bbox 1060 1587 1219 1673; x_wconf 89' lang='lat' dir='ltr'>conpulsi.</span> <span class='ocrx_word' id='word_1_70' title='bbox 1264 1608 1328 1651; x_wconf 94' lang='lat' dir='ltr'>non</span> <span class='ocrx_word' id='word_1_71' title='bbox 1352 1588 1398 1651; x_wconf 89' lang='lat' dir='ltr'>fui</span> <span class='ocrx_word' id='word_1_72' title='bbox 1423 1587 1518 1652; x_wconf 88' lang='lat' dir='ltr'>huius</span> <span class='ocrx_word' id='word_1_73' title='bbox 1541 1590 1685 1652; x_wconf 87' lang='lat' dir='ltr'>imitator</span> <span class='ocrx_word' id='word_1_74' title='bbox 1707 1592 1822 1673; x_wconf 89' lang='lat' dir='ltr'>negle-</span> 
     </span>
     <span class='ocr_line' id='line_1_10' title="bbox 167 1689 1821 1780; baseline 0.003 -29"><span class='ocrx_word' id='word_1_75' title='bbox 167 1689 314 1772; x_wconf 86' lang='lat' dir='ltr'>gentiae,</span> <span class='ocrx_word' id='word_1_76' title='bbox 348 1694 385 1751; x_wconf 93' lang='lat' dir='ltr'>ut</span> <span class='ocrx_word' id='word_1_77' title='bbox 415 1707 522 1773; x_wconf 91' lang='lat' dir='ltr'>neque</span> <span class='ocrx_word' id='word_1_78' title='bbox 551 1707 614 1773; x_wconf 91' lang='lat' dir='ltr'>ego</span> <span class='ocrx_word' id='word_1_79' title='bbox 647 1689 768 1772; x_wconf 89' lang='lat' dir='ltr'>scripta</span> <span class='ocrx_word' id='word_1_80' title='bbox 798 1710 1024 1774; x_wconf 76' lang='lat' dir='ltr'>prorogarem,</span> <span class='ocrx_word' id='word_1_81' title='bbox 1060 1690 1118 1755; x_wconf 86' lang='lat' dir='ltr'>sad</span> <span class='ocrx_word' id='word_1_82' title='bbox 1149 1689 1190 1753; x_wconf 93' lang='lat' dir='ltr'>ad</span> <span class='ocrx_word' id='word_1_83' title='bbox 1225 1690 1297 1754; x_wconf 88' lang='lat' dir='ltr'>dios</span> <span class='ocrx_word' id='word_1_84' title='bbox 1332 1692 1472 1755; x_wconf 89' lang='lat' dir='ltr'>conticui</span> <span class='ocrx_word' id='word_1_85' title='bbox 1505 1693 1733 1778; x_wconf 82' lang='lat' dir='ltr'>superventuri</span> <span class='ocrx_word' id='word_1_86' title='bbox 1763 1713 1821 1780; x_wconf 89' lang='lat' dir='ltr'>spe</span> 
     </span>
     <span class='ocr_line' id='line_1_11' title="bbox 166 1791 1822 1880; baseline 0.004 -26"><span class='ocrx_word' id='word_1_87' title='bbox 166 1793 290 1854; x_wconf 88' lang='lat' dir='ltr'>inlusus</span> <span class='ocrx_word' id='word_1_88' title='bbox 324 1791 468 1875; x_wconf 87' lang='lat' dir='ltr'>alloquii.</span> <span class='ocrx_word' id='word_1_89' title='bbox 520 1811 606 1856; x_wconf 92' lang='lat' dir='ltr'>nunc</span> <span class='ocrx_word' id='word_1_90' title='bbox 642 1797 752 1856; x_wconf 89' lang='lat' dir='ltr'>tamen</span> <span class='ocrx_word' id='word_1_91' title='bbox 788 1793 867 1855; x_wconf 86' lang='lat' dir='ltr'>vicit</span> <span class='ocrx_word' id='word_1_92' title='bbox 897 1791 1167 1858; x_wconf 87' lang='lat' dir='ltr'>deliberationem</span> <span class='ocrx_word' id='word_1_93' title='bbox 1199 1815 1306 1858; x_wconf 88' lang='lat' dir='ltr'>meam</span> <span class='ocrx_word' id='word_1_94' title='bbox 1341 1795 1404 1858; x_wconf 90' lang='lat' dir='ltr'>iarn</span> <span class='ocrx_word' id='word_1_95' title='bbox 1439 1803 1567 1858; x_wconf 89' lang='lat' dir='ltr'>matura</span> <span class='ocrx_word' id='word_1_96' title='bbox 1599 1796 1822 1880; x_wconf 81' lang='lat' dir='ltr'>amplitudInis</span> 
     </span>
     <span class='ocr_line' id='line_1_12' title="bbox 167 1894 1821 1982; baseline 0.007 -26"><span class='ocrx_word' id='word_1_97' title='bbox 167 1899 296 1957; x_wconf 87' lang='lat' dir='ltr'>vestrae</span> <span class='ocrx_word' id='word_1_98' title='bbox 318 1895 533 1959; x_wconf 80' lang='lat' dir='ltr'>taciturnitas.</span> <span class='ocrx_word' id='word_1_99' title='bbox 579 1894 679 1960; x_wconf 91' lang='lat' dir='ltr'>debet</span> <span class='ocrx_word' id='word_1_100' title='bbox 702 1894 799 1958; x_wconf 87' lang='lat' dir='ltr'>evelli</span> <span class='ocrx_word' id='word_1_101' title='bbox 823 1896 999 1972; x_wconf 89' lang='lat' dir='ltr'>silentium,</span> <span class='ocrx_word' id='word_1_102' title='bbox 1028 1896 1114 1981; x_wconf 92' lang='lat' dir='ltr'>quod</span> <span class='ocrx_word' id='word_1_103' title='bbox 1145 1895 1270 1961; x_wconf 86' lang='lat' dir='ltr'>duriter</span> <span class='ocrx_word' id='word_1_104' title='bbox 1291 1897 1322 1960; x_wconf 90' lang='lat' dir='ltr'>in</span> <span class='ocrx_word' id='word_1_105' title='bbox 1348 1897 1486 1982; x_wconf 88' lang='lat' dir='ltr'>quadam</span> <span class='ocrx_word' id='word_1_106' title='bbox 1509 1896 1619 1962; x_wconf 90' lang='lat' dir='ltr'>radice</span> <span class='ocrx_word' id='word_1_107' title='bbox 1643 1899 1821 1968; x_wconf 85' lang='lat' dir='ltr'>convaluit.</span> 
     </span>
     <span class='ocr_line' id='line_1_13' title="bbox 167 1998 1875 2086; baseline 0.004 -25"><span class='ocrx_word' id='word_1_108' title='bbox 167 1998 305 2081; x_wconf 87' lang='lat' dir='ltr'>geminis</span> <span class='ocrx_word' id='word_1_109' title='bbox 323 2018 401 2081; x_wconf 88' lang='lat' dir='ltr'>ergo</span> <span class='ocrx_word' id='word_1_110' title='bbox 417 1999 622 2084; x_wconf 90' lang='lat' dir='ltr'>prospiciunt</span> <span class='ocrx_word' id='word_1_111' title='bbox 639 1999 759 2083; x_wconf 86' lang='lat' dir='ltr'>scripta</span> <span class='ocrx_word' id='word_1_112' title='bbox 775 2006 888 2062; x_wconf 88' lang='lat' dir='ltr'>nostra</span> <span class='ocrx_word' id='word_1_113' title='bbox 907 1998 1113 2085; x_wconf 83' lang='lat' dir='ltr'>conpendiis:</span> <span class='ocrx_word' id='word_1_114' title='bbox 1139 2007 1172 2064; x_wconf 87' lang='lat' dir='ltr'>et</span> <span class='ocrx_word' id='word_1_115' title='bbox 1191 2002 1400 2086; x_wconf 86' lang='lat' dir='ltr'>perlatorem,</span> <span class='ocrx_word' id='word_1_116' title='bbox 1424 2001 1636 2066; x_wconf 89' lang='lat' dir='ltr'>benenatum</span> <span class='ocrx_word' id='word_1_117' title='bbox 1654 2001 1817 2068; x_wconf 90' lang='lat' dir='ltr'>bominem</span> <span class='ocrx_word' id='word_1_118' title='bbox 1856 2014 1875 2074; x_wconf 74' lang='lat'><strong>2</strong></span> 
     </span>
     <span class='ocr_line' id='line_1_14' title="bbox 167 2101 1819 2192; baseline 0.005 -30"><span class='ocrx_word' id='word_1_119' title='bbox 167 2107 299 2186; x_wconf 91' lang='lat' dir='ltr'>propter</span> <span class='ocrx_word' id='word_1_120' title='bbox 322 2101 458 2186; x_wconf 85' lang='lat' dir='ltr'>fugaces</span> <span class='ocrx_word' id='word_1_121' title='bbox 483 2124 560 2166; x_wconf 92' lang='lat' dir='ltr'>suos</span> <span class='ocrx_word' id='word_1_122' title='bbox 591 2103 789 2180; x_wconf 80' lang='lat' dir='ltr'>venientem,</span> <span class='ocrx_word' id='word_1_123' title='bbox 820 2103 1012 2166; x_wconf 91' lang='lat' dir='ltr'>commendo</span> <span class='ocrx_word' id='word_1_124' title='bbox 1037 2111 1070 2167; x_wconf 89' lang='lat' dir='ltr'>et</span> <span class='ocrx_word' id='word_1_125' title='bbox 1093 2103 1331 2169; x_wconf 90' lang='lat' dir='ltr'>desideriorum</span> <span class='ocrx_word' id='word_1_126' title='bbox 1359 2104 1447 2168; x_wconf 89' lang='lat' dir='ltr'>bona</span> <span class='ocrx_word' id='word_1_127' title='bbox 1475 2125 1540 2168; x_wconf 90' lang='lat' dir='ltr'>non</span> <span class='ocrx_word' id='word_1_128' title='bbox 1567 2103 1694 2170; x_wconf 87' lang='lat' dir='ltr'>differo.</span> <span class='ocrx_word' id='word_1_129' title='bbox 1740 2128 1819 2192; x_wconf 87' lang='lat' dir='ltr'>ergo</span> 
     </span>
     <span class='ocr_line' id='line_1_15' title="bbox 166 2207 1822 2295; baseline 0.002 -25"><span class='ocrx_word' id='word_1_130' title='bbox 166 2209 249 2286; x_wconf 90' lang='lat' dir='ltr'>vale,</span> <span class='ocrx_word' id='word_1_131' title='bbox 284 2209 326 2271; x_wconf 91' lang='lat' dir='ltr'>mi</span> <span class='ocrx_word' id='word_1_132' title='bbox 351 2208 493 2284; x_wconf 91' lang='lat' dir='ltr'>domine,</span> <span class='ocrx_word' id='word_1_133' title='bbox 521 2218 555 2274; x_wconf 90' lang='lat' dir='ltr'>et</span> <span class='ocrx_word' id='word_1_134' title='bbox 583 2231 641 2295; x_wconf 91' lang='lat' dir='ltr'>pro</span> <span class='ocrx_word' id='word_1_135' title='bbox 671 2213 747 2272; x_wconf 86' lang='lat' dir='ltr'>voto</span> <span class='ocrx_word' id='word_1_136' title='bbox 776 2215 831 2271; x_wconf 91' lang='lat' dir='ltr'>tuo</span> <span class='ocrx_word' id='word_1_137' title='bbox 861 2209 950 2272; x_wconf 88' lang='lat' dir='ltr'>circs</span> <span class='ocrx_word' id='word_1_138' title='bbox 976 2225 1028 2271; x_wconf 92' lang='lat' dir='ltr'>me</span> <span class='ocrx_word' id='word_1_139' title='bbox 1057 2207 1126 2292; x_wconf 89' lang='lat' dir='ltr'>geri</span> <span class='ocrx_word' id='word_1_140' title='bbox 1154 2221 1313 2294; x_wconf 88' lang='lat' dir='ltr'>prospers</span> <span class='ocrx_word' id='word_1_141' title='bbox 1342 2228 1543 2293; x_wconf 88' lang='lat' dir='ltr'>cognoscens</span> <span class='ocrx_word' id='word_1_142' title='bbox 1573 2208 1706 2293; x_wconf 87' lang='lat' dir='ltr'>paribus</span> <span class='ocrx_word' id='word_1_143' title='bbox 1729 2209 1822 2274; x_wconf 84' lang='lat' dir='ltr'>me*</span> 
     </span>
     <span class='ocr_line' id='line_1_16' title="bbox 166 2309 1820 2399; baseline 0.002 -26"><span class='ocrx_word' id='word_1_144' title='bbox 166 2309 381 2375; x_wconf 83' lang='lat' dir='ltr'>adcelerare*</span> <span class='ocrx_word' id='word_1_145' title='bbox 409 2314 627 2390; x_wconf 76' lang='lat' dir='ltr'>sermonibus,</span> <span class='ocrx_word' id='word_1_146' title='bbox 657 2321 820 2398; x_wconf 91' lang='lat' dir='ltr'>quatenus</span> <span class='ocrx_word' id='word_1_147' title='bbox 852 2320 884 2377; x_wconf 90' lang='lat' dir='ltr'>et</span> <span class='ocrx_word' id='word_1_148' title='bbox 914 2314 1060 2399; x_wconf 90' lang='lat' dir='ltr'>perlator</span> <span class='ocrx_word' id='word_1_149' title='bbox 1088 2314 1129 2377; x_wconf 90' lang='lat' dir='ltr'>de</span> <span class='ocrx_word' id='word_1_150' title='bbox 1159 2313 1319 2378; x_wconf 86' lang='lat' dir='ltr'>beneficio</span> <span class='ocrx_word' id='word_1_151' title='bbox 1353 2310 1494 2396; x_wconf 88' lang='lat' dir='ltr'>gaudeat</span> <span class='ocrx_word' id='word_1_152' title='bbox 1517 2317 1550 2377; x_wconf 91' lang='lat' dir='ltr'>ct</span> <span class='ocrx_word' id='word_1_153' title='bbox 1573 2334 1636 2397; x_wconf 90' lang='lat' dir='ltr'>ego</span> <span class='ocrx_word' id='word_1_154' title='bbox 1665 2313 1820 2378; x_wconf 85' lang='lat' dir='ltr'>sublever</span> 
     </span>
     <span class='ocr_line' id='line_1_17' title="bbox 167 2412 399 2501; baseline 0.03 -25.891"><span class='ocrx_word' id='word_1_155' title='bbox 167 2412 207 2476; x_wconf 87' lang='lat' dir='ltr'>de</span> <span class='ocrx_word' id='word_1_156' title='bbox 231 2436 399 2501; x_wconf 91' lang='lat' dir='ltr'>responso.</span> 
     </span>
    </p>
   </div>
   <div class='ocr_carea' id='block_1_6' title="bbox 604 2656 1373 2926">
    <p class='ocr_par' dir='ltr' id='par_1_6' title="bbox 604 2656 1373 2926">
     <span class='ocr_line' id='line_1_18' title="bbox 755 2656 1229 2741; baseline -0.011 -16"><span class='ocrx_word' id='word_1_157' title='bbox 755 2656 963 2725; x_wconf 88' lang='lat' dir='ltr'>LXXXVII</span> <span class='ocrx_word' id='word_1_158' title='bbox 986 2659 1098 2741; x_wconf 81' lang='lat' dir='ltr'>(srrsr.</span> <span class='ocrx_word' id='word_1_159' title='bbox 1115 2661 1146 2737; x_wconf 86' lang='lat'>3,</span> <span class='ocrx_word' id='word_1_160' title='bbox 1164 2657 1229 2740; x_wconf 86' lang='grc'><strong>17).</strong></span> 
     </span>
     <span class='ocr_line' id='line_1_19' title="bbox 604 2850 1373 2926; baseline -0.001 0"><span class='ocrx_word' id='word_1_161' title='bbox 604 2852 838 2926; x_wconf 82' lang='lat' dir='ltr'>STEFANO</span> <span class='ocrx_word' id='word_1_162' title='bbox 866 2851 1098 2925; x_wconf 82' lang='lat' dir='ltr'>EPlSCOPO</span> <span class='ocrx_word' id='word_1_163' title='bbox 1125 2850 1373 2925; x_wconf 89' lang='lat' dir='ltr'>ENNODIVS.</span> 
     </span>
    </p>
   </div>
   <div class='ocr_carea' id='block_1_7' title="bbox 85 2998 1876 4152">
    <p class='ocr_par' dir='ltr' id='par_1_7' title="bbox 85 2998 1876 4152">
     <span class='ocr_line' id='line_1_20' title="bbox 282 2998 1870 3115; baseline 0.002 -26"><span class='ocrx_word' id='word_1_164' title='bbox 282 2998 322 3088; x_wconf 83' lang='lat' dir='ltr'>P</span> <span class='ocrx_word' id='word_1_165' title='bbox 324 3035 472 3113; x_wconf 90' lang='lat' dir='ltr'>ostquam</span> <span class='ocrx_word' id='word_1_166' title='bbox 496 3030 621 3094; x_wconf 88' lang='lat' dir='ltr'>meritis</span> <span class='ocrx_word' id='word_1_167' title='bbox 645 3031 761 3094; x_wconf 87' lang='lat' dir='ltr'>vestris</span> <span class='ocrx_word' id='word_1_168' title='bbox 790 3028 933 3113; x_wconf 85' lang='lat' dir='ltr'>dignitas</span> <span class='ocrx_word' id='word_1_169' title='bbox 963 3029 1114 3092; x_wconf 87' lang='lat' dir='ltr'>restituta</span> <span class='ocrx_word' id='word_1_170' title='bbox 1138 3036 1189 3093; x_wconf 87' lang='lat' dir='ltr'>est</span> <span class='ocrx_word' id='word_1_171' title='bbox 1212 3036 1245 3094; x_wconf 92' lang='lat' dir='ltr'>et</span> <span class='ocrx_word' id='word_1_172' title='bbox 1268 3029 1372 3093; x_wconf 87' lang='lat' dir='ltr'>bonor</span> <span class='ocrx_word' id='word_1_173' title='bbox 1395 3050 1491 3115; x_wconf 91' lang='lat' dir='ltr'>quem</span> <span class='ocrx_word' id='word_1_174' title='bbox 1515 3029 1629 3114; x_wconf 86' lang='lat' dir='ltr'>exegit</span> <span class='ocrx_word' id='word_1_175' title='bbox 1651 3030 1718 3093; x_wconf 87' lang='lat' dir='ltr'>vita</span> <span class='ocrx_word' id='word_1_176' title='bbox 1742 3049 1819 3092; x_wconf 90' lang='lat' dir='ltr'>oon·</span> <span class='ocrx_word' id='word_1_177' title='bbox 1857 3034 1870 3092; x_wconf 89' lang='lat'>1</span> 
     </span>
     <span class='ocr_line' id='line_1_21' title="bbox 164 3131 1820 3218; baseline 0.001 -25"><span class='ocrx_word' id='word_1_178' title='bbox 164 3131 259 3210; x_wconf 90' lang='lat' dir='ltr'>latus,</span> <span class='ocrx_word' id='word_1_179' title='bbox 287 3132 377 3196; x_wconf 91' lang='lat' dir='ltr'>nulla</span> <span class='ocrx_word' id='word_1_180' title='bbox 406 3132 616 3197; x_wconf 88' lang='lat' dir='ltr'>beatitudinis</span> <span class='ocrx_word' id='word_1_181' title='bbox 647 3139 775 3197; x_wconf 86' lang='lat' dir='ltr'>vestrae</span> <span class='ocrx_word' id='word_1_182' title='bbox 803 3153 862 3218; x_wconf 93' lang='lat' dir='ltr'>pro</span> <span class='ocrx_word' id='word_1_183' title='bbox 894 3134 1039 3217; x_wconf 87' lang='lat' dir='ltr'>peccatis</span> <span class='ocrx_word' id='word_1_184' title='bbox 1062 3133 1144 3196; x_wconf 92' lang='lat' dir='ltr'>meis</span> <span class='ocrx_word' id='word_1_185' title='bbox 1168 3133 1289 3218; x_wconf 88' lang='lat' dir='ltr'>scripta</span> <span class='ocrx_word' id='word_1_186' title='bbox 1313 3133 1454 3218; x_wconf 91' lang='lat' dir='ltr'>suscepi.</span> <span class='ocrx_word' id='word_1_187' title='bbox 1500 3133 1608 3197; x_wconf 90' lang='lat' dir='ltr'>aliena</span> <span class='ocrx_word' id='word_1_188' title='bbox 1631 3138 1680 3196; x_wconf 90' lang='lat' dir='ltr'>est</span> <span class='ocrx_word' id='word_1_189' title='bbox 1703 3154 1722 3195; x_wconf 88' lang='lat' dir='ltr'>a</span> <span class='ocrx_word' id='word_1_190' title='bbox 1745 3154 1820 3218; x_wconf 94' lang='lat' dir='ltr'>pro-</span> 
     </span>
     <span class='ocr_line' id='line_1_22' title="bbox 124 3236 1822 3322; baseline 0.001 -26"><span class='ocrx_word' id='word_1_191' title='bbox 124 3265 131 3278; x_wconf 88' lang='lat'><strong>·</strong></span> <span class='ocrx_word' id='word_1_192' title='bbox 164 3237 270 3321; x_wconf 89' lang='lat' dir='ltr'>posito</span> <span class='ocrx_word' id='word_1_193' title='bbox 296 3237 347 3301; x_wconf 89' lang='lat' dir='ltr'>vel</span> <span class='ocrx_word' id='word_1_194' title='bbox 371 3258 391 3300; x_wconf 87' lang='lat' dir='ltr'>a</span> <span class='ocrx_word' id='word_1_195' title='bbox 414 3238 559 3301; x_wconf 86' lang='lat' dir='ltr'>moribus</span> <span class='ocrx_word' id='word_1_196' title='bbox 582 3238 700 3301; x_wconf 88' lang='lat' dir='ltr'>vestris</span> <span class='ocrx_word' id='word_1_197' title='bbox 724 3239 809 3301; x_wconf 90' lang='lat' dir='ltr'>circa</span> <span class='ocrx_word' id='word_1_198' title='bbox 833 3237 999 3322; x_wconf 90' lang='lat' dir='ltr'>supplices</span> <span class='ocrx_word' id='word_1_199' title='bbox 1023 3256 1106 3320; x_wconf 87' lang='lat' dir='ltr'>quae</span> <span class='ocrx_word' id='word_1_200' title='bbox 1130 3237 1162 3300; x_wconf 92' lang='lat' dir='ltr'>in</span> <span class='ocrx_word' id='word_1_201' title='bbox 1185 3257 1237 3300; x_wconf 91' lang='lat' dir='ltr'>mc</span> <span class='ocrx_word' id='word_1_202' title='bbox 1262 3244 1411 3301; x_wconf 87' lang='lat' dir='ltr'>servatur</span> <span class='ocrx_word' id='word_1_203' title='bbox 1433 3236 1564 3301; x_wconf 80' lang='lat' dir='ltr'>oblivio.</span> <span class='ocrx_word' id='word_1_204' title='bbox 1602 3236 1822 3299; x_wconf 86' lang='lat' dir='ltr'>temeritatem</span> 
     </span>
     <span class='ocr_line' id='line_1_23' title="bbox 86 3338 1824 3425; baseline 0 -24"><span class='ocrx_word' id='word_1_205' title='bbox 86 3375 91 3386; x_wconf 91' lang='lat'><strong>·</strong></span> <span class='ocrx_word' id='word_1_206' title='bbox 166 3359 272 3402; x_wconf 91' lang='lat' dir='ltr'>meam</span> <span class='ocrx_word' id='word_1_207' title='bbox 296 3341 492 3424; x_wconf 89' lang='lat' dir='ltr'>pontificalis</span> <span class='ocrx_word' id='word_1_208' title='bbox 516 3362 580 3404; x_wconf 92' lang='lat' dir='ltr'>non</span> <span class='ocrx_word' id='word_1_209' title='bbox 604 3348 736 3404; x_wconf 88' lang='lat' dir='ltr'>accuset</span> <span class='ocrx_word' id='word_1_210' title='bbox 760 3341 947 3405; x_wconf 86' lang='lat' dir='ltr'>auctoritas.</span> <span class='ocrx_word' id='word_1_211' title='bbox 991 3340 1047 3403; x_wconf 85' lang='lat' dir='ltr'>vix</span> <span class='ocrx_word' id='word_1_212' title='bbox 1071 3346 1180 3402; x_wconf 89' lang='lat' dir='ltr'>estut</span> <span class='ocrx_word' id='word_1_213' title='bbox 1203 3338 1824 3425; x_wconf 87' lang='lat' dir='ltr'>diligentisquidiurispossithabere</span> 
     </span>
     <span class='ocr_line' id='line_1_24' title="bbox 166 3439 1875 3529; baseline 0.001 -23"><span class='ocrx_word' id='word_1_214' title='bbox 166 3444 329 3528; x_wconf 88' lang='lat' dir='ltr'>respiciat.</span> <span class='ocrx_word' id='word_1_215' title='bbox 386 3465 561 3528; x_wconf 86' lang='lat' dir='ltr'>numquam</span> <span class='ocrx_word' id='word_1_216' title='bbox 594 3466 629 3508; x_wconf 92' lang='lat' dir='ltr'>sc</span> <span class='ocrx_word' id='word_1_217' title='bbox 663 3445 798 3508; x_wconf 90' lang='lat' dir='ltr'>metitur</span> <span class='ocrx_word' id='word_1_218' title='bbox 838 3466 933 3529; x_wconf 89' lang='lat' dir='ltr'>quom</span> <span class='ocrx_word' id='word_1_219' title='bbox 970 3445 1116 3507; x_wconf 88' lang='lat' dir='ltr'>stimulat</span> <span class='ocrx_word' id='word_1_220' title='bbox 1149 3445 1292 3507; x_wconf 88' lang='lat' dir='ltr'>caritatis</span> <span class='ocrx_word' id='word_1_221' title='bbox 1329 3443 1512 3529; x_wconf 91' lang='lat' dir='ltr'>imperium.</span> <span class='ocrx_word' id='word_1_222' title='bbox 1568 3442 1699 3507; x_wconf 89' lang='lat' dir='ltr'>additur</span> <span class='ocrx_word' id='word_1_223' title='bbox 1735 3439 1821 3526; x_wconf 92' lang='lat' dir='ltr'>quod</span> <span class='ocrx_word' id='word_1_224' title='bbox 1856 3447 1875 3507; x_wconf 86' lang='grc'>2</span> 
     </span>
     <span class='ocr_line' id='line_1_25' title="bbox 166 3545 1822 3632; baseline -0.002 -22"><span class='ocrx_word' id='word_1_225' title='bbox 166 3547 319 3631; x_wconf 87' lang='lat' dir='ltr'>perlatori</span> <span class='ocrx_word' id='word_1_226' title='bbox 343 3549 565 3632; x_wconf 88' lang='lat' dir='ltr'>praesentium</span> <span class='ocrx_word' id='word_1_227' title='bbox 590 3548 703 3612; x_wconf 84' lang='lat' dir='ltr'>obvias</span> <span class='ocrx_word' id='word_1_228' title='bbox 728 3569 843 3611; x_wconf 88' lang='lat' dir='ltr'>manus</span> <span class='ocrx_word' id='word_1_229' title='bbox 867 3545 1025 3611; x_wconf 89' lang='lat' dir='ltr'>adbibere</span> <span class='ocrx_word' id='word_1_230' title='bbox 1048 3567 1112 3610; x_wconf 90' lang='lat' dir='ltr'>non</span> <span class='ocrx_word' id='word_1_231' title='bbox 1137 3547 1237 3632; x_wconf 83' lang='lat' dir='ltr'>potui,</span> <span class='ocrx_word' id='word_1_232' title='bbox 1262 3547 1325 3610; x_wconf 90' lang='lat' dir='ltr'>nisi</span> <span class='ocrx_word' id='word_1_233' title='bbox 1350 3553 1385 3610; x_wconf 91' lang='lat' dir='ltr'>ut</span> <span class='ocrx_word' id='word_1_234' title='bbox 1407 3547 1493 3612; x_wconf 89' lang='lat' dir='ltr'>bene</span> <span class='ocrx_word' id='word_1_235' title='bbox 1516 3552 1628 3612; x_wconf 92' lang='lat' dir='ltr'>natum</span> <span class='ocrx_word' id='word_1_236' title='bbox 1657 3545 1822 3609; x_wconf 88' lang='lat' dir='ltr'>homiuem</span> 
     </span>
     <span class='ocr_line' id='line_1_26' title="bbox 166 3647 1846 3738; baseline -0.001 -26"><span class='ocrx_word' id='word_1_237' title='bbox 166 3649 290 3713; x_wconf 86' lang='lat' dir='ltr'>Gallias</span> <span class='ocrx_word' id='word_1_238' title='bbox 314 3671 371 3735; x_wconf 90' lang='lat' dir='ltr'>pro</span> <span class='ocrx_word' id='word_1_239' title='bbox 395 3652 493 3715; x_wconf 88' lang='lat' dir='ltr'>certis</span> <span class='ocrx_word' id='word_1_240' title='bbox 518 3652 659 3736; x_wconf 89' lang='lat' dir='ltr'>negotiis</span> <span class='ocrx_word' id='word_1_241' title='bbox 683 3657 894 3738; x_wconf 88' lang='lat' dir='ltr'>expetentem</span> <span class='ocrx_word' id='word_1_242' title='bbox 926 3651 967 3714; x_wconf 90' lang='lat' dir='ltr'>ad</span> <span class='ocrx_word' id='word_1_243' title='bbox 999 3671 1139 3714; x_wconf 86' lang='lat' dir='ltr'>coronae</span> <span class='ocrx_word' id='word_1_244' title='bbox 1170 3655 1299 3712; x_wconf 81' lang='lat' dir='ltr'>vestrae</span> <span class='ocrx_word' id='word_1_245' title='bbox 1332 3651 1480 3714; x_wconf 88' lang='lat' dir='ltr'>notitiam</span> <span class='ocrx_word' id='word_1_246' title='bbox 1511 3650 1576 3714; x_wconf 90' lang='lat' dir='ltr'>mei</span> <span class='ocrx_word' id='word_1_247' title='bbox 1604 3647 1846 3734; x_wconf 90' lang='lat' dir='ltr'>perducerem</span> 
     </span>
     <span class='ocr_line' id='line_1_27' title="bbox 166 3753 1822 3840; baseline -0.001 -24"><span class='ocrx_word' id='word_1_248' title='bbox 166 3754 325 3817; x_wconf 87' lang='lat' dir='ltr'>sermonis</span> <span class='ocrx_word' id='word_1_249' title='bbox 349 3755 465 3820; x_wconf 85' lang='lat' dir='ltr'>officio.</span> <span class='ocrx_word' id='word_1_250' title='bbox 511 3776 607 3840; x_wconf 90' lang='lat' dir='ltr'>quem</span> <span class='ocrx_word' id='word_1_251' title='bbox 631 3762 699 3820; x_wconf 88' lang='lat' dir='ltr'>tota</span> <span class='ocrx_word' id='word_1_252' title='bbox 723 3755 907 3819; x_wconf 89' lang='lat' dir='ltr'>bumilitate</span> <span class='ocrx_word' id='word_1_253' title='bbox 932 3754 1163 3818; x_wconf 88' lang='lat' dir='ltr'>commendans</span> <span class='ocrx_word' id='word_1_254' title='bbox 1188 3774 1278 3836; x_wconf 86' lang='lat' dir='ltr'>roge,</span> <span class='ocrx_word' id='word_1_255' title='bbox 1302 3758 1338 3815; x_wconf 88' lang='lat' dir='ltr'>ut</span> <span class='ocrx_word' id='word_1_256' title='bbox 1358 3775 1417 3838; x_wconf 92' lang='lat' dir='ltr'>per</span> <span class='ocrx_word' id='word_1_257' title='bbox 1437 3775 1511 3818; x_wconf 90' lang='lat' dir='ltr'>eum</span> <span class='ocrx_word' id='word_1_258' title='bbox 1538 3753 1667 3818; x_wconf 85' lang='lat' dir='ltr'>vicariis</span> <span class='ocrx_word' id='word_1_259' title='bbox 1685 3753 1822 3818; x_wconf 81' lang='lat' dir='ltr'>relevari</span> 
     </span>
     <span class='ocr_line' id='line_1_28' title="bbox 85 3856 1876 3944; baseline -0.001 -22"><span class='ocrx_word' id='word_1_260' title='bbox 85 3889 110 3922; x_wconf 61' lang='lat' dir='ltr'>o.</span> <span class='ocrx_word' id='word_1_261' title='bbox 164 3877 321 3941; x_wconf 89' lang='lat' dir='ltr'>procurer</span> <span class='ocrx_word' id='word_1_262' title='bbox 344 3859 505 3944; x_wconf 90' lang='lat' dir='ltr'>alloquiis.</span> <span class='ocrx_word' id='word_1_263' title='bbox 551 3858 682 3924; x_wconf 90' lang='lat' dir='ltr'>domine</span> <span class='ocrx_word' id='word_1_264' title='bbox 707 3860 760 3940; x_wconf 92' lang='lat' dir='ltr'>mi,</span> <span class='ocrx_word' id='word_1_265' title='bbox 785 3858 991 3922; x_wconf 87' lang='lat' dir='ltr'>salutationis</span> <span class='ocrx_word' id='word_1_266' title='bbox 1016 3858 1208 3921; x_wconf 86' lang='lat' dir='ltr'>servitutem</span> <span class='ocrx_word' id='word_1_267' title='bbox 1234 3862 1301 3919; x_wconf 90' lang='lat' dir='ltr'>tota</span> <span class='ocrx_word' id='word_1_268' title='bbox 1324 3856 1497 3922; x_wconf 89' lang='lat' dir='ltr'>devotione</span> <span class='ocrx_word' id='word_1_269' title='bbox 1518 3857 1708 3943; x_wconf 85' lang='lat' dir='ltr'>persolvens</span> <span class='ocrx_word' id='word_1_270' title='bbox 1726 3877 1821 3942; x_wconf 86' lang='lat' dir='ltr'>spero</span> <span class='ocrx_word' id='word_1_271' title='bbox 1858 3860 1876 3920; x_wconf 92' lang='lat'><strong>3</strong></span> 
     </span>
     <span class='ocr_line' id='line_1_29' title="bbox 164 3961 1822 4048; baseline -0.002 -23"><span class='ocrx_word' id='word_1_272' title='bbox 164 3963 312 4048; x_wconf 90' lang='lat' dir='ltr'>principe</span> <span class='ocrx_word' id='word_1_273' title='bbox 344 3963 427 4040; x_wconf 89' lang='lat' dir='ltr'>loco,</span> <span class='ocrx_word' id='word_1_274' title='bbox 457 3971 493 4026; x_wconf 92' lang='lat' dir='ltr'>ut</span> <span class='ocrx_word' id='word_1_275' title='bbox 523 3985 656 4048; x_wconf 89' lang='lat' dir='ltr'>precum</span> <span class='ocrx_word' id='word_1_276' title='bbox 686 3971 869 4028; x_wconf 86' lang='lat' dir='ltr'>vestrarum</span> <span class='ocrx_word' id='word_1_277' title='bbox 900 3963 1060 4026; x_wconf 86' lang='lat' dir='ltr'>serenitas</span> <span class='ocrx_word' id='word_1_278' title='bbox 1089 3981 1182 4024; x_wconf 89' lang='lat' dir='ltr'>meae</span> <span class='ocrx_word' id='word_1_279' title='bbox 1215 3981 1344 4045; x_wconf 90' lang='lat' dir='ltr'>quoque</span> <span class='ocrx_word' id='word_1_280' title='bbox 1374 3963 1572 4024; x_wconf 90' lang='lat' dir='ltr'>mentionem</span> <span class='ocrx_word' id='word_1_281' title='bbox 1602 3981 1667 4024; x_wconf 93' lang='lat' dir='ltr'>non</span> <span class='ocrx_word' id='word_1_282' title='bbox 1695 3961 1822 4023; x_wconf 84' lang='lat' dir='ltr'>omittat</span> 
     </span>
     <span class='ocr_line' id='line_1_30' title="bbox 165 4064 1323 4152; baseline 0.002 -25"><span class='ocrx_word' id='word_1_283' title='bbox 165 4064 285 4144; x_wconf 84' lang='lat' dir='ltr'>facere,</span> <span class='ocrx_word' id='word_1_284' title='bbox 309 4087 380 4130; x_wconf 92' lang='lat' dir='ltr'>cum</span> <span class='ocrx_word' id='word_1_285' title='bbox 405 4066 567 4131; x_wconf 85' lang='lat' dir='ltr'>divinitati</span> <span class='ocrx_word' id='word_1_286' title='bbox 592 4067 757 4152; x_wconf 88' lang='lat' dir='ltr'>subplicat</span> <span class='ocrx_word' id='word_1_287' title='bbox 781 4067 851 4129; x_wconf 87' lang='lat' dir='ltr'>siue</span> <span class='ocrx_word' id='word_1_288' title='bbox 875 4067 1128 4146; x_wconf 83' lang='lat' dir='ltr'>intermissione,</span> <span class='ocrx_word' id='word_1_289' title='bbox 1152 4085 1323 4150; x_wconf 87' lang='lat' dir='ltr'>personae.</span> 
     </span>
    </p>
   </div>
   <div class='ocr_carea' id='block_1_8' title="bbox 526 4241 578 4248">
    <p class='ocr_par' dir='ltr' id='par_1_8' title="bbox 526 4241 578 4248">
     <span class='ocr_line' id='line_1_31' title="bbox 526 4241 578 4248; baseline 0 0"><span class='ocrx_word' id='word_1_290' title='bbox 526 4241 578 4248; x_wconf 68' lang='grc'><em>...-</em></span> 
     </span>
    </p>
   </div>
   <div class='ocr_carea' id='block_1_9' title="bbox 162 4353 1824 4770">
    <p class='ocr_par' dir='ltr' id='par_1_9' title="bbox 162 4353 1824 4770">
     <span class='ocr_line' id='line_1_32' title="bbox 269 4353 1824 4426; baseline -0.003 -16"><span class='ocrx_word' id='word_1_291' title='bbox 269 4356 424 4426; x_wconf 82' lang='lat' dir='ltr'>[LXXXVI]</span> <span class='ocrx_word' id='word_1_292' title='bbox 467 4358 563 4425; x_wconf 81' lang='lat' dir='ltr'>liqna]</span> <span class='ocrx_word' id='word_1_293' title='bbox 583 4358 702 4425; x_wconf 84' lang='lat' dir='ltr'>quaeB¹</span> <span class='ocrx_word' id='word_1_294' title='bbox 780 4361 947 4426; x_wconf 81' lang='lat' dir='ltr'>mrquiturB</span> <span class='ocrx_word' id='word_1_295' title='bbox 1060 4355 1194 4408; x_wconf 79' lang='lat' dir='ltr'>&#39;lsilentia</span> <span class='ocrx_word' id='word_1_296' title='bbox 1212 4357 1313 4408; x_wconf 88' lang='lat' dir='ltr'>silentia</span> <span class='ocrx_word' id='word_1_297' title='bbox 1333 4357 1389 4421; x_wconf 86' lang='lat' dir='ltr'>(alt.</span> <span class='ocrx_word' id='word_1_298' title='bbox 1409 4357 1470 4421; x_wconf 84' lang='lat' dir='ltr'>del.)</span> <span class='ocrx_word' id='word_1_299' title='bbox 1485 4357 1510 4407; x_wconf 93' lang='lat' dir='ltr'><em>B</em></span> <span class='ocrx_word' id='word_1_300' title='bbox 1622 4353 1749 4422; x_wconf 75' lang='lat' dir='ltr'>bneque]</span> <span class='ocrx_word' id='word_1_301' title='bbox 1769 4373 1824 4407; x_wconf 85' lang='lat' dir='ltr'>mea</span> 
     </span>
     <span class='ocr_line' id='line_1_33' title="bbox 165 4441 1824 4514; baseline 0.001 -21"><span class='ocrx_word' id='word_1_302' title='bbox 165 4445 243 4495; x_wconf 81' lang='lat' dir='ltr'>Sirra.</span> <span class='ocrx_word' id='word_1_303' title='bbox 308 4464 356 4512; x_wconf 87' lang='lat' dir='ltr'>ego</span> <span class='ocrx_word' id='word_1_304' title='bbox 374 4443 486 4496; x_wconf 84' lang='lat' dir='ltr'>iulitB</span> <span class='ocrx_word' id='word_1_305' title='bbox 592 4441 1590 4514; x_wconf 61' lang='lat' dir='ltr'>11nospraptasst,cammenata...taminemtnaattnaqvptssl</span> <span class='ocrx_word' id='word_1_306' title='bbox 1653 4445 1824 4495; x_wconf 81' lang='lat' dir='ltr'>benenatum</span> 
     </span>
     <span class='ocr_line' id='line_1_34' title="bbox 162 4528 1824 4600; baseline 0 -20"><span class='ocrx_word' id='word_1_307' title='bbox 162 4530 202 4594; x_wconf 83' lang='lat' dir='ltr'>(ut</span> <span class='ocrx_word' id='word_1_308' title='bbox 217 4531 320 4597; x_wconf 73' lang='lat' dir='ltr'>Varo)</span> <span class='ocrx_word' id='word_1_309' title='bbox 338 4534 441 4598; x_wconf 75' lang='lat' dir='ltr'>rer-ipsi,</span> <span class='ocrx_word' id='word_1_310' title='bbox 464 4535 621 4584; x_wconf 86' lang='lat' dir='ltr'>Benenatum</span> <span class='ocrx_word' id='word_1_311' title='bbox 634 4533 706 4594; x_wconf 46' lang='lat' dir='ltr'>edita</span> <span class='ocrx_word' id='word_1_312' title='bbox 728 4536 761 4600; x_wconf 87' lang='lat' dir='ltr'>cs.</span> <span class='ocrx_word' id='word_1_313' title='bbox 777 4534 890 4584; x_wconf 72' lang='lat' dir='ltr'>000le</span> <span class='ocrx_word' id='word_1_314' title='bbox 900 4536 935 4584; x_wconf 84' lang='lat' dir='ltr'>al.</span> <span class='ocrx_word' id='word_1_315' title='bbox 1077 4530 1109 4582; x_wconf 84' lang='grc'>14</span> <span class='ocrx_word' id='word_1_316' title='bbox 1124 4532 1268 4582; x_wconf 85' lang='lat' dir='ltr'>adcelerare</span> <span class='ocrx_word' id='word_1_317' title='bbox 1281 4530 1317 4591; x_wconf 89' lang='lat' dir='ltr'>B,</span> <span class='ocrx_word' id='word_1_318' title='bbox 1339 4530 1480 4580; x_wconf 78' lang='lat' dir='ltr'>accelerare</span> <span class='ocrx_word' id='word_1_319' title='bbox 1497 4528 1554 4590; x_wconf 81' lang='lat' dir='ltr'>VL,</span> <span class='ocrx_word' id='word_1_320' title='bbox 1577 4530 1692 4580; x_wconf 79' lang='lat' dir='ltr'>accelera</span> <span class='ocrx_word' id='word_1_321' title='bbox 1710 4530 1824 4580; x_wconf 75' lang='lat' dir='ltr'>releuare</span> 
     </span>
     <span class='ocr_line' id='line_1_35' title="bbox 163 4615 1824 4686; baseline -0.001 -19"><span class='ocrx_word' id='word_1_322' title='bbox 163 4618 290 4680; x_wconf 79' lang='lat' dir='ltr'>(releuare</span> <span class='ocrx_word' id='word_1_323' title='bbox 316 4620 344 4668; x_wconf 82' lang='lat' dir='ltr'>in</span> <span class='ocrx_word' id='word_1_324' title='bbox 369 4619 404 4668; x_wconf 78' lang='lat' dir='ltr'>tir.</span> <span class='ocrx_word' id='word_1_325' title='bbox 428 4636 497 4668; x_wconf 82' lang='lat' dir='ltr'>man.</span> <span class='ocrx_word' id='word_1_326' title='bbox 517 4621 541 4678; x_wconf 81' lang='grc'>2)</span> <span class='ocrx_word' id='word_1_327' title='bbox 566 4618 594 4681; x_wconf 84' lang='grc' dir='ltr'>Τ,</span> <span class='ocrx_word' id='word_1_328' title='bbox 626 4637 702 4684; x_wconf 67' lang='lat' dir='ltr'>msam</span> <span class='ocrx_word' id='word_1_329' title='bbox 734 4622 904 4671; x_wconf 65' lang='lat' dir='ltr'>caracterem</span> <span class='ocrx_word' id='word_1_330' title='bbox 928 4619 1047 4686; x_wconf 80' lang='lat' dir='ltr'>probarit</span> <span class='ocrx_word' id='word_1_331' title='bbox 1071 4618 1179 4680; x_wconf 80' lang='lat' dir='ltr'>Horret,</span> <span class='ocrx_word' id='word_1_332' title='bbox 1212 4618 1301 4668; x_wconf 81' lang='lat' dir='ltr'>atmlla</span> <span class='ocrx_word' id='word_1_333' title='bbox 1322 4618 1345 4666; x_wconf 74' lang='lat' dir='ltr'>(l</span> <span class='ocrx_word' id='word_1_334' title='bbox 1359 4625 1382 4666; x_wconf 81' lang='lat' dir='ltr'>et</span> <span class='ocrx_word' id='word_1_335' title='bbox 1400 4615 1491 4675; x_wconf 82' lang='lat' dir='ltr'>Sirm.;</span> <span class='ocrx_word' id='word_1_336' title='bbox 1525 4619 1565 4668; x_wconf 83' lang='lat' dir='ltr'>lac</span> <span class='ocrx_word' id='word_1_337' title='bbox 1593 4616 1702 4668; x_wconf 85' lang='lat' dir='ltr'>relevari</span> <span class='ocrx_word' id='word_1_338' title='bbox 1729 4616 1824 4666; x_wconf 71' lang='lat' dir='ltr'>conida</span> 
     </span>
     <span class='ocr_line' id='line_1_36' title="bbox 164 4705 325 4770; baseline -0.012 -15"><span class='ocrx_word' id='word_1_339' title='bbox 164 4706 286 4770; x_wconf 81' lang='lat' dir='ltr'>quatinus</span> <span class='ocrx_word' id='word_1_340' title='bbox 302 4705 325 4753; x_wconf 75' lang='grc' dir='ltr'><strong><em>Γ</em></strong></span> 
     </span>
    </p>
   </div>
   <div class='ocr_carea' id='block_1_10' title="bbox 162 4803 1822 5133">
    <p class='ocr_par' dir='ltr' id='par_1_10' title="bbox 162 4803 1822 5133">
     <span class='ocr_line' id='line_1_37' title="bbox 268 4803 1821 4877; baseline -0.004 -18"><span class='ocrx_word' id='word_1_341' title='bbox 268 4807 435 4876; x_wconf 84' lang='lat' dir='ltr'>[LXXXVII]</span> <span class='ocrx_word' id='word_1_342' title='bbox 478 4809 510 4859; x_wconf 85' lang='grc'>16</span> <span class='ocrx_word' id='word_1_343' title='bbox 536 4810 669 4860; x_wconf 80' lang='lat' dir='ltr'>Ennodius</span> <span class='ocrx_word' id='word_1_344' title='bbox 690 4810 819 4876; x_wconf 83' lang='lat' dir='ltr'>Stephano</span> <span class='ocrx_word' id='word_1_345' title='bbox 843 4811 962 4877; x_wconf 84' lang='lat' dir='ltr'>episcopo</span> <span class='ocrx_word' id='word_1_346' title='bbox 980 4809 1059 4859; x_wconf 81' lang='lat' dir='ltr'>Sir-ra.</span> <span class='ocrx_word' id='word_1_347' title='bbox 1196 4806 1227 4858; x_wconf 87' lang='grc'>17</span> <span class='ocrx_word' id='word_1_348' title='bbox 1252 4808 1345 4858; x_wconf 80' lang='lat' dir='ltr'>uestris</span> <span class='ocrx_word' id='word_1_349' title='bbox 1366 4807 1477 4873; x_wconf 72' lang='lat' dir='ltr'>dignitas</span> <span class='ocrx_word' id='word_1_350' title='bbox 1500 4813 1585 4856; x_wconf 85' lang='lat' dir='ltr'>uestra</span> <span class='ocrx_word' id='word_1_351' title='bbox 1609 4805 1724 4855; x_wconf 87' lang='lat' dir='ltr'>restituta</span> <span class='ocrx_word' id='word_1_352' title='bbox 1742 4803 1821 4854; x_wconf 83' lang='lat' dir='ltr'>Sirm.</span> 
     </span>
     <span class='ocr_line' id='line_1_38' title="bbox 163 4885 1821 4962; baseline -0.003 -17"><span class='ocrx_word' id='word_1_353' title='bbox 163 4897 249 4962; x_wconf 83' lang='lat' dir='ltr'>exegit</span> <span class='ocrx_word' id='word_1_354' title='bbox 261 4895 294 4956; x_wconf 89' lang='lat' dir='ltr'>B,</span> <span class='ocrx_word' id='word_1_355' title='bbox 312 4897 392 4962; x_wconf 86' lang='lat' dir='ltr'>exigit</span> <span class='ocrx_word' id='word_1_356' title='bbox 403 4897 479 4945; x_wconf 79' lang='lat' dir='ltr'>catari</span> <span class='ocrx_word' id='word_1_357' title='bbox 586 4893 617 4944; x_wconf 84' lang='grc'>19</span> <span class='ocrx_word' id='word_1_358' title='bbox 636 4895 747 4962; x_wconf 83' lang='lat' dir='ltr'>suplices</span> <span class='ocrx_word' id='word_1_359' title='bbox 761 4895 786 4945; x_wconf 87' lang='lat' dir='ltr'><em>B</em></span> <span class='ocrx_word' id='word_1_360' title='bbox 855 4891 1032 4960; x_wconf 84' lang='lat' dir='ltr'>temeritatem]</span> <span class='ocrx_word' id='word_1_361' title='bbox 1053 4895 1196 4945; x_wconf 84' lang='lat' dir='ltr'>Meritatem</span> <span class='ocrx_word' id='word_1_362' title='bbox 1213 4892 1264 4955; x_wconf 60' lang='grc' dir='ltr'>Γᾶ,</span> <span class='ocrx_word' id='word_1_363' title='bbox 1281 4901 1307 4943; x_wconf 87' lang='lat' dir='ltr'>te</span> <span class='ocrx_word' id='word_1_364' title='bbox 1325 4901 1384 4942; x_wconf 67' lang='lat' dir='ltr'>ana</span> <span class='ocrx_word' id='word_1_365' title='bbox 1403 4893 1447 4943; x_wconf 82' lang='lat' dir='ltr'>lin.</span> <span class='ocrx_word' id='word_1_366' title='bbox 1466 4891 1528 4942; x_wconf 85' lang='lat' dir='ltr'>odd.</span> <span class='ocrx_word' id='word_1_367' title='bbox 1547 4889 1587 4937; x_wconf 66' lang='lat' dir='ltr'>Vb</span> <span class='ocrx_word' id='word_1_368' title='bbox 1696 4885 1731 4939; x_wconf 89' lang='grc'>20</span> <span class='ocrx_word' id='word_1_369' title='bbox 1748 4906 1821 4940; x_wconf 85' lang='lat' dir='ltr'>accu-</span> 
     </span>
     <span class='ocr_line' id='line_1_39' title="bbox 162 4973 1822 5046; baseline -0.004 -15"><span class='ocrx_word' id='word_1_370' title='bbox 162 4989 201 5032; x_wconf 83' lang='lat' dir='ltr'>sat</span> <span class='ocrx_word' id='word_1_371' title='bbox 218 4981 243 5031; x_wconf 86' lang='lat' dir='ltr'><em>B</em></span> <span class='ocrx_word' id='word_1_372' title='bbox 363 4978 394 5031; x_wconf 90' lang='grc'>21</span> <span class='ocrx_word' id='word_1_373' title='bbox 415 4982 523 5032; x_wconf 85' lang='lat' dir='ltr'>addetur</span> <span class='ocrx_word' id='word_1_374' title='bbox 538 4980 564 5030; x_wconf 92' lang='lat' dir='ltr'><em>B</em></span> <span class='ocrx_word' id='word_1_375' title='bbox 663 5021 665 5026; x_wconf 59' lang='grc'><strong>,</strong></span> <span class='ocrx_word' id='word_1_376' title='bbox 689 4979 723 5032; x_wconf 89' lang='grc'>22</span> <span class='ocrx_word' id='word_1_377' title='bbox 742 4981 891 5032; x_wconf 87' lang='lat' dir='ltr'>beninatum</span> <span class='ocrx_word' id='word_1_378' title='bbox 904 4979 949 5029; x_wconf 75' lang='lat' dir='ltr'>B⁰</span> <span class='ocrx_word' id='word_1_379' title='bbox 1075 4977 1109 5029; x_wconf 80' lang='grc'>25</span> <span class='ocrx_word' id='word_1_380' title='bbox 1127 4995 1248 5046; x_wconf 85' lang='lat' dir='ltr'>procurer</span> <span class='ocrx_word' id='word_1_381' title='bbox 1261 4986 1328 5042; x_wconf 83' lang='lat' dir='ltr'>port.</span> <span class='ocrx_word' id='word_1_382' title='bbox 1348 4979 1392 5027; x_wconf 81' lang='lat' dir='ltr'>lin.</span> <span class='ocrx_word' id='word_1_383' title='bbox 1410 4978 1495 5045; x_wconf 75' lang='lat' dir='ltr'>stappl.</span> <span class='ocrx_word' id='word_1_384' title='bbox 1509 4973 1552 5025; x_wconf 66' lang='grc' dir='ltr'>Β2</span> <span class='ocrx_word' id='word_1_385' title='bbox 1638 4973 1681 5039; x_wconf 87' lang='lat' dir='ltr'>mi]</span> <span class='ocrx_word' id='word_1_386' title='bbox 1700 4975 1763 5025; x_wconf 88' lang='lat' dir='ltr'>mihi</span> <span class='ocrx_word' id='word_1_387' title='bbox 1778 4973 1822 5025; x_wconf 79' lang='lat' dir='ltr'>VL</span> 
     </span>
     <span class='ocr_line' id='line_1_40' title="bbox 162 5063 695 5133; baseline -0.004 -17"><span class='ocrx_word' id='word_1_388' title='bbox 162 5068 309 5118; x_wconf 73' lang='lat' dir='ltr'>seruitutem</span> <span class='ocrx_word' id='word_1_389' title='bbox 322 5064 369 5116; x_wconf 75' lang='lat' dir='ltr'>B⁰</span> <span class='ocrx_word' id='word_1_390' title='bbox 474 5063 508 5115; x_wconf 82' lang='grc'>27</span> <span class='ocrx_word' id='word_1_391' title='bbox 527 5067 656 5133; x_wconf 87' lang='lat' dir='ltr'>supplicat</span> <span class='ocrx_word' id='word_1_392' title='bbox 671 5065 695 5114; x_wconf 87' lang='lat' dir='ltr'>V</span> 
     </span>
    </p>
   </div>
   <div class='ocr_carea' id='block_1_11' title="bbox 0 0 2274 6436">
    <p class='ocr_par' dir='ltr' id='par_1_11' title="bbox 0 0 2274 6436">
     <span class='ocr_line' id='line_1_41' title="bbox 0 0 2274 6436; baseline 0 0"><span class='ocrx_word' id='word_1_393' title='bbox 0 0 2274 6436; x_wconf 95' lang='lat' dir='ltr'> </span> 
     </span>
    </p>
   </div>
  </div>
 </body>
</html>
