4538 6436
467 383 554 437 LXVI
574 383 696 450 (EPIST.
714 385 739 446 3,
759 383 794 450 1),
813 383 915 437 LXVII
934 383 1057 452 (EPIST.
1075 385 1100 447 3,
1118 385 1155 452 2).
1174 384 1289 438 LXVIII
1309 385 1431 453 (EPIST.
1449 387 1475 449 3,
1492 386 1529 453 3).
1787 391 1826 451 ’Π

171 556 325 622 ellectum
356 555 434 620 mihi
469 557 593 642 negotii
628 557 693 621 iam
727 557 877 643 promisi,
914 559 968 643 qui
1002 558 1102 643 legati
1136 559 1288 622 meritum
1323 559 1531 645 conprobavi.
1579 559 1766 644 providete,
1801 560 1828 624 si

170 661 365 747 religionem
386 659 522 741 deceat,
546 660 573 724 si
596 682 616 724 a
637 660 793 747 pontifice
816 660 951 746 dignum
975 661 1018 725 sit
1038 661 1145 739 illum,
1175 661 1229 747 qui
1252 667 1363 748 potest
1385 662 1534 727 cautibus
1556 662 1724 748 inperare,
1750 685 1827 728 con-

171 765 282 830 temni.
321 763 385 829 duo
409 769 486 830 sunt
508 785 592 850 quae
607 786 736 830 mecum
749 764 889 829 faciunt:
913 764 1038 850 negotii
1054 765 1223 829 sinceritas
1239 773 1273 830 et
1288 767 1404 853 genius
1421 765 1648 853 subplicantis;
1672 766 1827 852 quidquid

171 872 286 932 contra
308 866 370 932 hoc
393 867 569 948 obstiterit,
591 866 750 931 bonorum
773 867 971 932 sententiam
994 887 1071 932 mox
1095 873 1247 933 meretur.

812 1174 949 1242 LXVII
972 1175 1082 1262 (amsa.
1099 1181 1128 1253 3,
1146 1177 1190 1264 2).

745 1370 982 1445 EVGENE'I'I
1008 1371 1258 1447 ENNODIVS.

281 1518 452 1630 Quamvis
476 1547 673 1613 commercia
694 1546 877 1613 litterarum
899 1527 1003 1634 magis
1027 1549 1091 1612 sint
1112 1549 1260 1614 laetitiae
1284 1570 1380 1634 quam
1404 1553 1562 1618 maeroris
1585 1575 1646 1619 nec
1666 1551 1857 1618 secretuml

167 1653 311 1739 pectoris
345 1658 401 1715 aut
429 1652 591 1716 amicitiae
623 1651 828 1738 diligentiam
857 1652 943 1718 bene
975 1653 1007 1717 in
1039 1653 1147 1717 lucem
1178 1652 1306 1739 digerat
1337 1654 1454 1720 clauda
1480 1659 1604 1722 recenti
1638 1657 1826 1721 confusione

169 1756 322 1836 elocutio,
346 1755 458 1820 videro
481 1762 592 1821 tamen
615 1762 722 1820 utrum
747 1755 953 1842 dispendium
978 1757 1106 1821 ceritati
1129 1756 1248 1822 inferat
1270 1778 1375 1822 sermo
1399 1759 1511 1840 rarior,
1535 1766 1694 1825 monstret
1716 1767 1828 1824 tamen

169 1863 196 1926 si
219 1861 328 1926 nullus
357 1865 552 1947 prorogetur
580 1860 760 1924 infantiam.
806 1867 924 1924 testem
956 1859 1108 1924 divinitas
1139 1862 1265 1946 gratiae
1293 1861 1425 1946 linguae
1454 1862 1544 1927 dedit
1571 1863 1724 1928 cilicium.
1770 1861 1860 1927 seda

169 1965 269 2047 dicas,
292 1965 337 2028 mi
354 1962 495 2044 domine,
519 1963 600 2027 baec
616 1964 725 2029 aliena
743 1985 816 2029 esse
840 1962 881 2027 ab
905 1985 944 2028 eo
968 1984 1064 2049 quem
1087 1964 1233 2027 noverim
1255 1965 1407 2028 maximis
1430 1964 1599 2031 doloribus
1624 1971 1829 2053 occupatum,

167 2088 320 2155 pressum
342 2073 458 2154 pectus
482 2067 658 2152 angoribus
681 2065 722 2132 ad
746 2068 866 2131 amoris
883 2067 986 2132 verba
1007 2087 1072 2130 non
1096 2067 1178 2152 erigi
1194 2088 1255 2131 nec
1272 2067 1448 2152 quidquam
1463 2069 1670 2134 delenificum
1686 2069 1831 2134 lamenta

169 2175 301 2238 sentire.
345 2192 398 2236 res
421 2191 505 2257 quae
528 2176 671 2235 mentem
694 2171 813 2256 premit
836 2171 986 2258 repudiat
1010 2170 1095 2256 quod
1119 2170 1263 2236 oblectat
1291 2171 1448 2236 auditum.
1494 2173 1548 2259 qui
1571 2175 1675 2238 maior
1697 2173 1826 2238 animae

167 2277 229 2341 luit
251 2277 359 2362 portio
382 2276 483 2341 frater
507 2275 699 2362 insuperis,
722 2274 807 2339 hanc
830 2273 996 2338 transtulit
1019 2273 1060 2337 ad
1084 2274 1268 2359 sepulchra.
1309 2274 1386 2361 quid
1410 2275 1608 2361 exigendum
1632 2276 1673 2341 ab
1696 2276 1751 2340 illo
1775 2276 1826 2356 sit,

170 2381 261 2445 cuius
293 2379 459 2444 dividuum
489 2379 604 2443 salutis
633 2378 730 2443 busta
760 2377 968 2442 clauserunt?
1014 2377 1046 2440 in
1078 2378 1211 2441 summis
1242 2377 1481 2443 adflictionibus
1512 2381 1603 2466 queri
1636 2401 1700 2445 non
1731 2400 1827 2466 posse

102 2503 113 2539 ι
170 2505 284 2549 vocem
308 2483 484 2568 gemitibus
509 2482 727 2568 subiugatam.
764 2482 969 2545 lacrimarum
994 2487 1141 2566 tempore
1157 2481 1297 2546 dictatur
1313 2483 1488 2569 inportuna
1504 2484 1658 2549 narratio.
1695 2483 1861 2570 respon-3

169 2586 270 2669 debo,
300 2587 386 2674 quod
415 2609 475 2673 par
503 2607 630 2672 quoque
659 2607 769 2650 meum
796 2590 912 2671 pectus
940 2584 1051 2649 acerbi
1082 2605 1176 2649 casus
1198 2606 1328 2650 maeror
1350 2587 1536 2659 intraverit:
1568 2609 1630 2652 nec
1653 2586 1754 2652 dividi
1776 2608 1828 2651 me

168 2713 265 2778 posse
296 2691 337 2756 ab
367 2692 438 2756 eius
473 2690 621 2771 tristitia,
656 2711 754 2775 quem
783 2689 863 2753 milri
893 2709 952 2774 pro
982 2689 1186 2753 voluntatum
1216 2689 1427 2755 similitudine
1453 2712 1518 2755 non
1547 2713 1711 2778 nunquam
1741 2692 1830 2756 laeta

168 2796 355 2859 iunxerunt.
401 2793 538 2859 ostendo
561 2799 671 2858 tamen
697 2815 797 2880 saepe
821 2792 979 2879 gravioris
1010 2792 1088 2856 meli
1115 2793 1148 2857 in
1175 2792 1317 2857 luctibus
1344 2794 1484 2859 indicem
1510 2795 1612 2860 fuisse
1643 2815 1828 2860 sermonem

170 2905 203 2962 et
226 2899 408 2986 intercepta
430 2897 661 2964 taciturnitatis
684 2896 829 2962 remedia
850 2895 1016 2983 proditore
1040 2897 1221 2982 conloquio.
1266 2897 1386 2962 dicam:
1417 2899 1472 2984 qui
1499 2898 1724 2964 lamentationi
1748 2897 1859 2963 suaet

168 3003 305 3088 paginas
328 3001 482 3088 denegat,
506 3003 539 3067 in
562 3023 628 3066 una
650 3007 760 3066 aetate
777 3000 846 3064 vult
868 3001 975 3087 perire
1000 2999 1087 3085 quod
1110 3000 1218 3064 deflet.
1257 3020 1323 3064 non
1345 3007 1491 3066 meretur
1513 3002 1695 3067 recordatio
1718 3002 1829 3066 fratris

168 3114 203 3171 et
229 3106 333 3188 docti,
366 3112 403 3170 ut
431 3105 599 3170 nobiscum
629 3105 706 3192 quid
735 3104 775 3170 da
805 3105 877 3190 ipso
904 3105 1103 3169 senserimus
1132 3104 1314 3170 occumbat.
1358 3105 1476 3171 feriato
1506 3126 1561 3170 ore
1589 3107 1622 3170 in
1645 3106 1828 3192 planctibus

167 3230 285 3295 parcus
315 3214 364 3275 est
390 3210 528 3273 animus.
580 3209 680 3273 amati
713 3208 990 3288 commemoratio,
1025 3228 1109 3294 quae
1138 3208 1312 3274 mandatur
1339 3208 1486 3290 tabellis,
1517 3210 1645 3275 viscera
1679 3229 1826 3275 carorum

167 3313 291 3377 aculeis
311 3313 473 3378 violenter
500 3313 667 3400 inrumpit.
712 3333 879 3399 nunquam
902 3312 1025 3398 patitur
1047 3311 1170 3377 obitum
1195 3314 1391 3379 veteriscere
1416 3313 1530 3377 relatio
1553 3312 1677 3378 funeris
1700 3312 1828 3398 digesta

167 3438 227 3503 per
241 3416 379 3481 litteras.
418 3417 477 3481 hoc
492 3415 599 3481 studio
615 3415 873 3502 magnitudinem
889 3423 980 3480 tuam
1000 3416 1082 3481 flens
1105 3417 1291 3481 consolator
1313 3415 1452 3503 appello,
1476 3423 1512 3480 ut
1535 3415 1646 3480 vicarii
1668 3417 1857 3482 sermonisd

85 3541 104 3574 ‘-
168 3519 328 3586 beneficio
360 3528 393 3586 et
421 3521 599 3606 promissus
635 3520 696 3585 sub
732 3520 939 3586 invocatione
975 3519 1028 3584 dei
1060 3519 1146 3585 inter
1176 3541 1237 3585 nos
1268 3521 1431 3584 nutriatur
1458 3519 1595 3584 allectus
1624 3525 1657 3584 et
1687 3540 1830 3605 persona

169 3623 350 3704 facundiae,
367 3644 450 3709 quae
464 3626 590 3689 meritis
608 3625 675 3688 suis
692 3645 843 3689 occasum
859 3645 922 3688 non
939 3624 1072 3709 patitur,
1089 3629 1200 3688 nostra
1217 3645 1346 3709 quoque
1364 3623 1629 3688 confabulatione
1645 3623 1827 3688 reviviscat.

798 3932 956 4000 LXVIII
980 3935 1089 4020 (sarar.
1107 3936 1136 4016 3,
1154 3935 1199 4020 3).

597 4130 784 4204 nouruo
812 4130 904 4204 svo
932 4111 1124 4204 navsro
1152 4128 1401 4204 nuuomvs

283 4277 379 4374 Cum
402 4307 565 4372 scribendi
588 4308 717 4371 occasio
741 4313 775 4371 ct
797 4306 977 4372 domestica
1001 4313 1035 4371 et
1058 4307 1163 4370 amica
1192 4306 1397 4392 subpeditet,
1426 4323 1526 4391 quere
1549 4326 1570 4369 a
1590 4305 1720 4390 paginis
1743 4308 1855 4368 tem-l

166 4433 278 4499 perem
308 4420 474 4498 tamquam
504 4411 634 4498 indigus
662 4412 852 4497 perlatoris,
888 4411 1030 4475 maxime
1059 4432 1131 4475 cum
1161 4410 1318 4476 sedulitas
1346 4412 1529 4475 litterarum
1561 4431 1720 4495 responsa
1747 4409 1826 4472 mihi

168 4518 271 4582 soleat
301 4537 402 4602 saepe
433 4521 623 4603 praestare?
675 4515 751 4579 huic
782 4535 818 4578 se
852 4515 959 4579 studio
991 4515 1142 4580 comitem
1178 4515 1267 4579 dedit
1301 4514 1501 4580 honorabilis
1535 4513 1593 4577 viri
1624 4513 1827 4579 veneratoris

168 4623 268 4686 vestri
298 4620 407 4685 fratris
437 4619 609 4685 Constanti
639 4620 831 4705 postulatio,
866 4620 920 4705 qui
951 4619 1144 4684 industriam
1177 4641 1283 4700 suam,
1315 4641 1379 4706 qua
1409 4625 1488 4706 aput
1516 4640 1574 4683 vos
1603 4616 1756 4698 domnus,
1791 4623 1828 4680 ut

273 4902 285 4952 1
307 4901 403 4968 negotii
420 4901 466 4965 (tir.
479 4918 534 4967 arcp.
547 4901 573 4964 ο)
585 4900 611 4950 Β
743 4899 760 4952 2
777 4898 937 4967 religionem]
956 4901 1070 4968 reginem
1089 4916 1145 4965 arcp.
1159 4899 1204 4949 lia.
1216 4898 1235 4948 li
1247 4896 1273 4947 Β
1409 4895 1426 4948 3
1444 4897 1539 4964 negotii
1558 4895 1587 4962 (ιι
1603 4912 1659 4962 uqa
1678 4913 1693 4946 o
1711 4893 1790 4959 erae.)
1803 4893 1828 4944 B

168 4988 336 5056 supplicantis
353 4987 476 5054 quicquid
492 4986 517 5036 V

272 5087 387 5158 [LXVII]
424 5087 628 5156 VdiligsntiaB
745 5088 777 5140 11
796 5091 933 5157 quicquam
950 5088 975 5138 V
1090 5086 1123 5139 12
1141 5087 1275 5156 premstB
1391 5085 1424 5137 13
1441 5087 1560 5154 sepulcra
1578 5085 1603 5136 V
1714 5081 1746 5135 14
1764 5084 1828 5135 divi·

169 5175 258 5244 duum]
277 5177 411 5229 dimidium
429 5174 508 5227 Sim.
526 5183 550 5225 cl
567 5174 655 5226 Sabou
671 5175 699 5225 ia
717 5184 769 5226 aot.
853 5176 942 5241 quaeri
960 5175 975 5224 b
1098 5172 1131 5224 15
1149 5175 1259 5226 dictatur
1276 5172 1384 5237 Hortel,
1406 5173 1506 5224 dicatur
1523 5172 1583 5223 libri
1705 5167 1736 5221 17
1754 5187 1828 5222 num·

169 5279 245 5328 quam
260 5261 290 5327 V,
310 5279 425 5329 unquam
441 5261 467 5312 Β
473 5259 483 5297 ¹
611 5259 643 5312 18
661 5261 817 5314 iuncxerunt
828 5260 885 5311 BV
1004 5258 1035 5311 19
1053 5262 1240 5313 uecturnitatis
1252 5259 1297 5312 B⁰
1378 5259 1527 5311 lumentioni
1544 5275 1600 5323 nep.
1620 5258 1664 5308 lia.
1683 5265 1710 5308 ta
1725 5273 1760 5306 m.
1774 5259 1791 5306 2
1803 5255 1829 5306 Β

168 5345 203 5398 20
220 5349 324 5417 denigrat
335 5346 377 5399 131
492 5345 525 5398 21
544 5348 607 5414 quid
624 5365 673 5398 orn.
685 5347 711 5397 Β
781 5349 856 5400 feriat
873 5363 917 5399 ore
929 5347 975 5397 Ba
1046 5347 1168 5398 aseriatc
1186 5363 1230 5398 ore
1242 5345 1321 5398 Sirra.
1431 5343 1466 5396 23
1482 5360 1623 5410 numquam
1641 5342 1666 5393 V
1730 5349 1828 5393 uetere·

168 5450 238 5486 scere
256 5433 281 5484 V
381 5431 416 5486 24
433 5434 581 5486 consolatur
595 5433 621 5484 Β

271 5534 400 5604 [LXVIII]
435 5534 469 5588 ‘27
488 5535 539 5589 du'o
551 5536 659 5600 BVLc',
676 5537 770 5588 domno
783 5537 873 5600 Sirra,
890 5545 918 5586 at
932 5539 1014 5598 73,23
1033 5541 1101 5596 tm
1232 5532 1268 5585 28
1286 5535 1431 5601 subpedetlt
1444 5531 1484 5584 B¹
1571 5540 1659 5598 apost
1672 5532 1716 5582 lia.
1734 5532 1762 5582 ia
1778 5549 1827 5596 mg.

168 5623 229 5675 add.
241 5623 267 5674 Β
364 5622 398 5673 29
416 5623 521 5690 indigns
533 5623 566 5685 B,
583 5624 680 5674 inditus
697 5633 777 5689 sript
794 5639 843 5674 scr.
861 5640 877 5688 q
894 5628 991 5672 maai
1011 5621 1039 5686 V,
1056 5624 1167 5674 indictus
1179 5621 1257 5684 cc'P,
1275 5621 1375 5672 indiciis
1389 5620 1414 5670 P
1508 5615 1628 5684 nuxima]
1648 5618 1759 5668 maxims
1777 5616 1829 5666 ιἰΒ

169 5709 203 5762 30
220 5718 382 5763 ueneratores
394 5710 420 5759 Β
524 5708 554 5760 31
577 5711 667 5762 fratres
681 5709 706 5759 B
776 5709 919 5760 Constantii
938 5707 1017 5759 Sirra
1087 5711 1155 5777 apud
1174 5708 1199 5757 V
1263 5709 1369 5758 domnos
1388 5707 1484 5756 Harlcl
