4576 6428
451 395 514 458 234
888 388 991 444 cccxl
1010 387 1133 458 (EPlS'I'.
1152 387 1176 450 I,
1194 383 1222 448 6)
1240 410 1273 422 -
1293 381 1423 438 CCCXIII
1442 381 1565 450 (EPIST.
1584 383 1607 447 7,
1625 385 1662 450 8).

453 665 669 752 propositum,
692 671 850 751 quantum
867 685 924 728 vos
941 661 1059 740 dicitis,
1083 659 1284 728 infidelitatis
1308 658 1471 736 amittere,
1495 656 1552 722 sod
1571 655 1657 742 quod
1674 679 1731 722 eos
1747 659 1921 742 contigerit
1937 659 2112 723 invenisse

417 769 482 834 Iin
500 767 550 832 bis
567 789 651 855 quae
668 773 743 832 sunt
759 767 892 832 uitanda
908 773 1084 830 consortes.
1120 785 1198 849 rogo
1216 770 1324 826 buren
1341 761 1474 826 servitio
1498 760 1705 825 salutationis
1729 760 1884 838 exhibito,
1908 768 1943 826 nt
1967 761 2112 826 tandmn

448 871 623 956 aliquando
647 877 812 955 tamquam
837 869 913 933 boni
937 868 1059 934 domini
1091 889 1224 954 precum
1248 885 1394 930 mearum
1417 885 1582 929 memores
1606 865 1856 952 prosperitatem
1878 872 2027 942 ¹uestram
2054 866 2112 929 vel

449 971 558 1038 domni
580 973 644 1038 mei
667 973 821 1038 amatoris
845 973 944 1038 uestri
968 972 1125 1038 reseretis
1148 970 1266 1036 muniis
1290 969 1483 1034 litterarum.
2005 991 2006 994 ¹

1081 1257 1234 1328 CCCXII
1257 1258 1365 1343 (arur.
1384 1262 1412 1338 7,
1432 1263 1475 1344 7).

904 1453 1139 1528 ENNODIVS
1167 1454 1390 1529 HELPIDIO
1417 1454 1644 1529 DIACONO.

421 1621 432 1678 Ῑ
563 1605 729 1698 Perfecta
760 1633 879 1698 caritas
908 1634 1088 1718 corporalis
1116 1633 1285 1698 absentiae
1309 1631 1427 1696 damna
1458 1653 1521 1697 nou
1552 1633 1675 1718 patitur
1698 1654 1758 1697 nec
1780 1634 1960 1698 animorum
1983 1653 2114 1696 serena

450 1737 632 1802 coniunctio
666 1737 820 1800 itinemm
854 1737 1112 1821 sequestratione
1147 1737 1312 1802 multatur.
1371 1757 1506 1822 quorum
1542 1737 1671 1801 animae
1704 1735 1833 1800 Christo
1866 1738 1898 1800 in
1930 1735 2114 1800 caritatem

451 1841 597 1904 sociante
627 1839 840 1918 conveniunt,
873 1839 961 1903 nulla
988 1848 1125 1924 possunt
1154 1840 1299 1926 separari
1328 1839 1557 1904 interiectione
1581 1845 1751 1904 terrarum.
1796 1839 1858 1904 hac
1882 1860 1944 1924 ego
1967 1861 2029 1924 spe
2054 1839 2115 1901 rel

451 1943 625 2008 securitate
642 1941 683 2006 de
700 1942 899 2006 conscientia
917 1948 1175 2007 vostraseeurus
1192 1948 1357 2007 sinautem
1380 1943 1443 2006 mei
1468 1940 1626 2027 adloquor
1648 1948 1815 2028 tamquam
1838 1942 1869 2006 in
1893 1941 2114 2028 amplexibus

419 2047 693 2130 'iconstitutum
720 2044 817 2136 love,
834 2042 952 2110 domne
977 2043 1127 2131 Helpidi,
1152 2067 1249 2130 quem
1272 2045 1333 2110 deo
1358 2043 1467 2110 medio
1491 2045 1677 2132 suscepisti.
1723 2045 1844 2110 habeat
1867 2065 1943 2110 suas
1966 2044 2117 2109 mundus

452 2149 589 2216 astutias
614 2155 647 2214 et
669 2149 888 2214 urbanitatem
912 2149 1046 2214 l'alleudi
1063 2148 1269 2234 prudentiam
1284 2147 1489 2214 damnandus
1506 2149 1668 2235 appellet:
1692 2155 1727 2212 tu
1750 2149 1796 2213 illi
1820 2149 1983 2214 dulcedini
2008 2169 2115 2232 quam
2165 2135 2169 2141 ⁵

451 2251 587 2338 probavi
611 2251 693 2316 nibil
717 2251 913 2330 admisceas,
944 2251 1006 2316 nisi
1035 2251 1118 2338 quod
1141 2251 1297 2338 gradibus
1320 2251 1362 2316 ad
1386 2251 1553 2339 perlectae
1578 2252 1720 2316 caritatis
1744 2273 1804 2317 nos
1827 2251 1913 2317 bona
1933 2249 2116 2338 perducat.

451 2355 594 2433 domine,
619 2361 655 2419 ut
679 2377 788 2440 supra,
812 2355 1043 2420 salutationem
1067 2355 1289 2440 plenissimam
1314 2353 1454 2419 reddens
1476 2375 1610 2440 quaeso,
1635 2363 1670 2420 ut
1692 2356 1942 2441 prosperitatem
1961 2362 2116 2418 vestram

451 2459 503 2524 vel
527 2479 649 2536 eorum,
672 2459 726 2544 qui
749 2480 809 2523 nos
832 2457 982 2542 diIIgunt,
1007 2456 1235 2543 frequentibus
1260 2457 1339 2522 mibi
1362 2456 1516 2522 indicetis
1540 2457 1700 2544 alloquiis.

1070 2743 1244 2814 CCCXIII
1267 2745 1376 2833 (srrsr.
1395 2749 1424 2827 7,
1441 2747 1486 2832 8).

1008 2942 1245 3016 ENNODIVS
1271 2941 1554 3017 EVPREPIAE.

426 3105 438 3163 ¹
563 3087 684 3196 Quam
708 3116 791 3182 bene
815 3118 960 3182 animum
984 3140 1092 3183 meum
1117 3117 1157 3182 ad
1180 3120 1373 3204 patientiam
1398 3120 1669 3204 sequestrationis
1687 3119 1857 3183 absentiae
1875 3126 2004 3184 vestrae
2030 3141 2116 3184 usus

450 3209 636 3309 aptaverat,
654 3219 730 3284 dum
754 3221 884 3306 prolixa
908 3222 1038 3287 silentia
1055 3231 1276 3309 contemptum
1293 3222 1476 3287 dulcedinis
1495 3243 1600 3286 rerum
1623 3243 1753 3286 suarum
1777 3223 1974 3286 necessitate
1998 3223 2116 3307 paric-

450 3325 546 3390 bant!
583 3323 722 3389 rescissa
746 3331 797 3388 est
820 3326 966 3406 cicatrix,
993 3347 1076 3411 quac
1096 3325 1137 3390 ad
1161 3326 1354 3392 medicinam
1378 3327 1424 3414 pii
1448 3327 1567 3390 amoris
1591 3334 1787 3391 accesserat.
1823 3327 1992 3402 confiteor,
2017 3348 2117 3392 soror

451 3428 662 3504 venerabilis,
702 3425 743 3490 ad
780 3429 949 3513 antiquum
983 3451 1034 3494 me
1068 3428 1264 3494 desiderium
1293 3430 1423 3495 litterae
1457 3437 1532 3494 tuae
1570 3430 1665 3494 nimis
1697 3436 1773 3493 noto
1804 3427 1953 3492 conditae
1987 3449 2112 3515 sapore
2170 3456 2182 3494 a

452 3538 654 3597 revocarunt.
700 3551 777 3595 ecce
801 3530 876 3594 vide
906 3553 970 3616 qus
999 3554 1126 3596 mecum
1155 3541 1224 3597 arte
1256 3532 1442 3612 contendis,
1472 3534 1524 3598 cui
1551 3554 1613 3598 nec
1643 3533 1830 3596 satietatem
1854 3531 1894 3596 de
1917 3534 2114 3617 praesentia

398 3635 511 3718 ,itus
534 3655 595 3700 nec
619 3633 815 3699 oblivionem
839 3633 879 3698 de
904 3635 1036 3700 silentio
1064 3637 1186 3722 pateris
1212 3635 1397 3702 subvenire.
1443 3637 1504 3700 seit
1536 3637 1690 3700 mentium
1721 3635 1886 3701 discussor
1915 3635 2113 3716 altissimus,

452 3737 593 3802 lectione
616 3738 746 3824 apicum
771 3744 899 3803 tuorum
924 3740 1065 3804 unimam
1091 3761 1196 3804 meum
1219 3740 1304 3804 inter
1319 3741 1503 3827 penetralia
1527 3761 1587 3804 sua
1610 3761 1674 3804 non
1699 3741 1845 3826 potuisse
1869 3740 2053 3806 consistere
2078 3747 2116 3806 et

452 3840 494 3905 ad
518 3841 738 3927 praesentiam
761 3848 851 3905 tuam
874 3840 1063 3925 diligentiae
1093 3843 1243 3908 evolasse
1273 3844 1371 3909 melle
1399 3845 1606 3929 conpulsam:
1640 3843 1755 3910 habuit
1777 3843 1984 3909 Arelatensis
2015 3843 2113 3908 babi-

451 3944 541 4023 tatio,
566 3965 639 4008 cum
656 3944 956 4009 Mediolanensibus
974 3945 1074 4009 muris
1099 3947 1294 4027 includerer,
1318 3955 1352 4013 et
1374 3947 1451 4011 dum
1474 3945 1522 4012 ad·
1540 3946 1667 4012 dulcem
1692 3947 1804 4012 sedem
1828 3947 1964 4013 libertas
1987 3950 2113 4012 mentis
2170 3973 2181 4012 r

421 4047 659 4126 3excurreret,
691 4047 776 4111 intra
799 4047 929 4111 Italiam
952 4069 1004 4112 me
1029 4050 1172 4136 corporis
1195 4051 1368 4135 captivitas
1392 4049 1589 4115 includebat.
1638 4073 1656 4116 o
1682 4051 1709 4116 si
1733 4058 1923 4136 suppeteret
1948 4053 2115 4117 sermonis

452 4149 654 4216 abundantia
677 4149 718 4214 ad
742 4171 888 4236 eaquae
914 4151 1005 4237 cupit
1029 4153 1156 4216 animus
1181 4152 1376 4239 exponenda
1399 4159 1456 4217 aut
1479 4153 1550 4232 illu,
1579 4153 1620 4218 ad
1644 4176 1727 4240 quae
1750 4155 1861 4240 lingua
1883 4154 2018 4234 sufficit,
2047 4177 2116 4220 non

452 4252 557 4342 pudor
579 4255 736 4342 eriperet!
783 4275 903 4340 porrus
927 4276 1019 4318 amor
1041 4265 1106 4336 est,
1136 4257 1191 4342 qui
1215 4257 1280 4321 oris
1305 4258 1492 4322 testimonio
1517 4258 1721 4324 sufficienter
1743 4259 1898 4345 aperitur.
1944 4257 2115 4324 confessio

453 4365 505 4422 est
527 4357 658 4445 tepidae
682 4359 841 4438 caritatis,
872 4360 1022 4444 quotiens
1045 4361 1078 4424 in
1103 4379 1143 4426 ea
1166 4381 1227 4424 non
1253 4361 1341 4426 cedit
1364 4362 1538 4446 eloquium.
1585 4361 1670 4447 quod
1700 4368 1817 4440 restat,
1850 4361 1947 4428 deum
1979 4383 2114 4448 precor,

455 4467 490 4525 ut
507 4461 619 4526 valeas
643 4467 678 4525 et
700 4459 742 4524 ad
766 4459 1002 4526 sublevandum
1025 4482 1208 4527 maerorem
1228 4485 1348 4544 mcum,
1372 4485 1468 4550 quem
1493 4466 1668 4552 scriptione
1692 4472 1749 4530 tua
1765 4465 1862 4529 nimis
1879 4463 2021 4530 daedala
2038 4473 2113 4532 arte
2167 4498 2192 4536 so

451 4565 637 4651 geminasti,
659 4563 744 4630 buno
766 4567 992 4652 prosperitatis
1015 4571 1149 4632 mutuae
1172 4568 1362 4633 reserveris.

557 4823 571 4876 1
585 4826 681 4877 scribta
691 4824 717 4875 Β
768 4825 903 4892 culpabilis
912 4825 937 4875 Β
964 4793 965 4796 ¹
990 4825 1115 4892 liguribus
1126 4827 1152 4878 Β
1204 4829 1319 4880 eueniret
1331 4828 1357 4879 Β
1364 4827 1386 4892 ⁶,
1404 4828 1531 4880 etuenirat
1542 4827 1588 4877 ΒῦΙ
1675 4825 1794 4878 2dieetis
1806 4827 1831 4876 Β
1918 4825 1935 4878 3
1946 4831 2078 4881 consortis
2092 4830 2118 4881 Β

558 4925 692 4996 [cocxn]
721 4925 737 4978 6
755 4928 862 4996 hilpidio
872 4929 905 4993 B,
924 4928 1024 4995 lilpidio
1039 4929 1116 4981 Siras.
1180 4930 1246 4982 diaci
1259 4930 1284 4980 Β
1381 4927 1396 4980 'l
1414 4931 1545 4983 absentias
1557 4928 1657 4993 we,
1674 4933 1800 4983 essentiae
1815 4927 1902 4981 Vm
1962 4931 2080 4998 dampna
2098 4933 2123 4983 V

453 5014 470 5064 8
487 5015 612 5066 itenerum
625 5013 651 5064 Β
736 5011 870 5079 multatum]
890 5016 1019 5066 miricatur
1037 5015 1141 5078 Hurtel,
1165 5016 1290 5068 minuitur
1302 5017 1316 5067 b
1335 5025 1357 5068 ct
1375 5034 1444 5067 mua.
1462 5034 1512 5068 rec.
1532 5017 1559 5066 ia
1571 5015 1597 5066 B
1683 5015 1815 5068 mutaret
1937 5013 1955 5066 9
1972 5017 2117 5096 terrarum]

453 5101 595 5153 litterarum
612 5099 682 5151 VLO
775 5097 808 5150 10
825 5107 929 5152 secutus
942 5099 984 5150 V⁰
1044 5100 1161 5166 alloquor
1173 5099 1248 5151 ΒΗΤ
1341 5100 1373 5152 11
1394 5101 1569 5155 constItumB
1631 5101 1755 5169 hilpidiB
1853 5101 1884 5152 12
1902 5101 2119 5168 astutilsssetB

454 5187 632 5254 dampnandus
648 5184 676 5250 V,
694 5187 849 5238 dmnmdus
861 5187 887 5236 Β

558 5286 705 5356 [cccxm]
743 5287 775 5340 16
793 5288 1011 5358 eupraepiaeBV
1129 5286 1160 5340 ll
1180 5305 1207 5341 ss
1225 5293 1434 5357 sequestrationis
1446 5292 1472 5343 Β
1587 5290 1622 5343 20
1639 5290 1748 5360 autiquii
1765 5291 1770 5359 1
1785 5293 1829 5360 qui
1847 5309 1888 5345 ure
1900 5291 1940 5354 Β,·
1957 5293 2020 5359 quin
2034 5313 2118 5363 prop.

455 5375 558 5440 Hartel,
575 5376 614 5428 tui
632 5375 728 5426 οοπὶσίο
746 5377 780 5442 cf.
793 5393 822 5442 p.
842 5379 899 5438 216,
917 5378 946 5428 13
1061 5373 1094 5425 21
1114 5383 1265 5428 renouarent
1276 5375 1318 5426 B¹
1395 5395 1495 5431 mecum
1514 5396 1561 5430 ons.
1577 5378 1655 5431 Sirra.
1770 5375 1804 5428 23
1822 5379 1889 5429 inter
1900 5377 1934 5442 B,
1951 5379 2020 5431 intra
2039 5384 2121 5434 caess·

454 5459 487 5512 27
507 5461 670 5528 sexponends
689 5459 712 5526 (s
723 5462 752 5512 ia
765 5461 812 5527 lit.)
826 5461 851 5512 Β
919 5461 1016 5512 autad
1033 5461 1078 5511 Illa
1089 5462 1123 5513 ad
1136 5461 1215 5514 Suus.
1320 5462 1354 5515 ‘28
1372 5465 1475 5534 eriperit
1491 5463 1612 5537 panusB
1714 5462 1750 5519 30
1767 5465 1904 5518 scribtionc
1916 5463 1941 5514 Β
2015 5473 2082 5522 luas
2094 5468 2121 5521 Β

454 5545 487 5602 31
506 5555 624 5603 mutuuar
640 5549 752 5602 seruum
770 5549 795 5612 (s
806 5549 872 5602 irater
884 5564 898 5600 r
909 5555 932 5598 rt
968 5565 1025 5616 sup.
1039 5547 1096 5612 liu.)
1110 5547 1135 5604 Β
