4538 6436
467 361 542 415 XXX
561 363 684 430 (EPIS'I'.
704 365 727 426 1,
745 361 798 432 23),
818 363 909 418 XXXI
928 362 1051 430 (EPISI'.
1071 365 1093 428 l,
1112 364 1166 432 24),
1185 363 1290 417 XXXII
1309 364 1431 432 (EPIS'I.
1452 365 1475 427 1,
1492 365 1546 432 25).
1794 367 1834 431 33

179 539 289 598 cantat
312 535 455 623 speciem
486 557 551 601 non
582 538 732 618 amantis,
767 545 801 604 et
830 537 977 604 odiorum
1010 539 1219 605 simulacrum
1254 545 1305 604 est
1339 560 1406 604 non
1437 539 1565 627 aperire
1596 537 1683 625 quod
1716 537 1834 626 diligas

179 638 420 704 contestatione
444 640 612 705 sermonis.
658 641 721 705 ista
744 642 936 707 sublimitati
960 649 1036 708 tuae
1060 663 1168 708 coram
1192 644 1318 728 positus
1340 642 1499 723 intimavi,
1523 663 1596 706 cum
1617 641 1659 707 ad
1677 642 1833 708 solacium

179 739 349 807 absentiae
388 763 482 808 meae
515 743 644 809 litteras
679 747 903 831 promittebas.
949 755 982 813 at
1017 769 1102 812 nunc
1136 768 1220 832 quae
1259 749 1402 811 animum
1440 753 1586 812 vestrum
1621 746 1686 812 mei
1718 747 1869 812 invasit2

181 843 313 927 oblivio,
337 851 372 910 ut
394 846 501 912 nullas
523 869 584 935 per
606 855 697 914 tanta
720 856 903 938 temporum
927 852 1041 938 spatia,
1071 871 1155 936 quae
1178 851 1297 915 bonam
1325 849 1537 915 valitudinem
1565 855 1709 915 vestram
1733 851 1834 937 signi-

114 961 125 998 ⁵
177 947 324 1030 licerent,
346 949 474 1016 litteras
489 953 727 1038 suscepissem?
759 976 800 1021 ne
817 954 858 1021 de
875 956 996 1020 amoris
1013 955 1111 1021 credo
1128 956 1314 1020 testimonio
1333 955 1514 1020 animorum
1533 953 1658 1018 indices
1675 953 1834 1040 epistulas

179 1053 398 1119 convenirem.
435 1054 661 1141 inreligiosum
684 1079 762 1144 ergo
786 1059 873 1123 circa
895 1066 1058 1123 amantem
1079 1059 1126 1123 tui
1148 1059 1181 1122 in
1197 1058 1364 1123 meliorem
1380 1063 1507 1144 partem
1523 1064 1614 1123 verte
1630 1058 1834 1145 propositum

179 1163 212 1222 et
239 1156 280 1222 ad
309 1159 500 1223 memoriam
532 1161 712 1245 promissae
741 1161 818 1227 fidei
851 1162 973 1249 scripta
1007 1162 1201 1226 transmitte.
1246 1160 1377 1226 domine
1404 1161 1458 1242 mi,
1489 1161 1695 1225 salutationis
1723 1159 1867 1226 debita3

180 1261 311 1326 solvens
347 1281 472 1347 precor,
509 1269 546 1327 ut
578 1264 605 1327 si
642 1286 699 1330 vos
734 1265 767 1330 in
799 1266 953 1351 antiquae
988 1265 1074 1329 cirea
1106 1286 1159 1329 mc
1198 1264 1398 1351 dignationis
1433 1269 1522 1329 statu
1558 1265 1679 1350 pagina
1713 1263 1837 1329 directa

180 1365 372 1451 reppererit,
396 1386 554 1453 responsa
577 1374 751 1449 mereatur,
775 1369 850 1456 quia
872 1375 951 1456 puto
975 1369 1141 1434 internos
1165 1371 1297 1454 gemina
1316 1369 1446 1434 vincula
1469 1368 1626 1456 disrumpi
1649 1390 1715 1433 non
1738 1389 1835 1454 posse

181 1468 326 1534 caritatis
349 1475 383 1534 et
405 1471 583 1556 sanguinis.

813 1673 941 1742 XXXI
964 1675 1073 1762 (amsa.
1100 1681 1127 1756 1,
1151 1676 1217 1763 24).

767 1853 1006 1929 ENNODIVS
1033 1854 1257 1930 ASTVRIO.

292 1977 410 2092 Quae,
442 2013 572 2094 malum,
603 2015 686 2078 ratio
717 2021 777 2096 est,
808 2022 845 2080 ut
873 2017 920 2080 ita
950 2017 994 2080 sis
1024 2036 1142 2100 parcus
1171 2014 1205 2078 in
1233 2015 1349 2100 gratia,
1379 2012 1534 2100 prodigus
1562 2015 1595 2078 in
1627 2014 1774 2099 querella
1802 2017 1864 2078 etl

180 2113 296 2199 exigas
319 2115 538 2203 frequentiam
562 2118 743 2183 litterarum
767 2142 866 2206 quam
889 2120 960 2209 ipse
983 2141 1049 2184 non
1072 2119 1205 2198 tribuis,
1233 2118 1390 2205 viperinis
1414 2118 1518 2182 oculis
1542 2117 1621 2182 illud
1646 2117 1732 2203 quod
1756 2119 1840 2183 alter

181 2214 342 2303 delinquit
371 2220 565 2307 inspiciens,
601 2228 674 2288 tuas
705 2225 819 2311 culpas
849 2225 940 2289 nulla
967 2225 1051 2290 falce
1080 2220 1285 2288 resecando?
1331 2221 1408 2286 anni
1439 2222 1551 2307 plures
1582 2228 1671 2304 sunt,
1705 2244 1748 2287 ex
1776 2243 1839 2308 quo

117 2364 122 2378 .
181 2319 324 2406 Alpibus
352 2325 492 2391 vicinam
524 2325 763 2393 habitationem
794 2327 964 2415 delegisti,
996 2333 1128 2393 senator
1158 2332 1191 2392 et
1220 2327 1351 2407 doctus,
1386 2325 1440 2391 ubi
1470 2326 1544 2402 tibi,
1580 2325 1657 2390 dum
1685 2326 1841 2413 pruinosa

181 2425 320 2511 respicis
350 2428 443 2516 iuga,
475 2431 627 2518 adparuit
654 2432 859 2519 inauspicata
886 2433 944 2497 nix
973 2432 1105 2519 capitis,
1137 2431 1192 2495 ubi
1223 2431 1322 2495 etiam
1345 2429 1464 2517 glande
1492 2436 1525 2496 te
1549 2430 1639 2495 vesci
1663 2429 1838 2517 scriptione

182 2529 328 2614 signasti.
366 2533 458 2599 cuius
475 2535 523 2600 rei
538 2535 636 2600 fidem
651 2536 834 2602 litterarum
850 2543 979 2602 tuarum
995 2535 1115 2601 decora
1130 2535 1290 2616 fecerunt,
1315 2556 1388 2600 oum
1412 2533 1477 2598 cibi
1500 2534 1596 2599 huius
1620 2533 1838 2620 significantia

182 2634 217 2697 in
239 2640 334 2700 ructu
356 2637 478 2724 turgidi
500 2639 645 2726 pectoris
669 2647 702 2706 et
724 2640 836 2727 Alpini
865 2641 1025 2707 sermonis
1054 2639 1215 2726 adparuit.
1261 2639 1361 2704 miror
1388 2644 1515 2716 tamen,
1546 2636 1632 2724 quod
1661 2637 1747 2703 inter
1773 2637 1870 2703 looi2

182 2737 270 2804 illius
297 2739 426 2806 frenata
453 2742 560 2828 glacie
582 2744 717 2809 flumina
740 2751 773 2810 et
796 2745 866 2810 sine
889 2745 1099 2809 successione
1121 2744 1225 2830 frigus
1249 2743 1367 2809 iecoris
1391 2742 1438 2808 tui
1460 2743 1591 2808 flamma
1613 2743 1686 2829 plus
1709 2748 1840 2807 aestuat

105 2885 115 2897 .
182 2860 244 2904 nec
267 2841 409 2927 aliquam
433 2845 567 2910 sortitur
588 2852 706 2932 pectus
729 2846 770 2913 de
793 2848 962 2912 mansione
986 2846 1189 2934 temperiem.
1234 2853 1327 2912 aetas
1350 2845 1538 2912 deferviscit
1559 2845 1592 2910 in
1624 2845 1765 2920 senium;
1789 2853 1841 2911 est

182 2943 299 3010 domus
323 2968 406 3032 quae
430 2949 547 3035 lymfas
569 2950 603 3015 in
626 2950 760 3015 metalla
782 2957 953 3016 convertat
976 2957 1009 3016 et
1026 2957 1139 3015 contra
1154 2956 1305 3015 naturam
1320 2950 1507 3038 gurgitibus
1524 2971 1584 3016 sua
1599 2951 1674 3037 lega
1691 2949 1839 3017 domine·

183 3056 251 3113 tur:
283 3055 318 3114 tu
341 3057 450 3117 tamen
473 3053 559 3120 inter
581 3054 646 3118 ista
670 3053 716 3119 sic
739 3055 849 3121 vivere
873 3053 1008 3132 diceris,
1037 3055 1131 3142 quasi
1159 3054 1246 3140 ignis
1274 3060 1349 3120 tuus
1377 3055 1499 3140 algoris
1526 3055 1655 3141 pabulis
1678 3055 1839 3121 innitetur.

183 3173 246 3240 ego
278 3161 311 3218 te
341 3176 397 3221 ore
429 3156 574 3242 parentis
605 3158 755 3234 stimulo,
790 3159 867 3245 quia
898 3159 958 3223 tibi
987 3164 1020 3223 et
1051 3157 1221 3244 proposito
1249 3180 1323 3223 meo
1352 3180 1468 3224 vocem
1497 3158 1603 3224 debeo
1634 3155 1870 3245 castigantis.3

184 3265 330 3325 vestrum
358 3267 410 3326 est
438 3267 514 3347 post
541 3261 636 3343 baec,
666 3262 694 3328 si
721 3263 842 3348 eligitis
870 3263 997 3328 litteras
1025 3283 1116 3328 meas
1145 3261 1337 3347 frequenter
1358 3263 1524 3349 accipere,
1552 3261 1593 3328 de
1621 3261 1841 3328 admonitione

107 3381 118 3421 a
184 3363 351 3448 gratulari.
398 3386 460 3450 ego
484 3371 594 3431 autem
617 3372 751 3453 praeter
777 3367 843 3431 ista
870 3387 945 3432 cum
972 3365 1096 3430 honore
1129 3365 1263 3431 salutati
1291 3388 1374 3452 quae
1406 3368 1551 3433 scribere
1578 3366 1701 3454 possim
1728 3367 1842 3433 inille

184 3468 300 3554 carnis,
316 3489 413 3556 quem
436 3475 472 3534 tu
495 3469 606 3556 diligis
629 3471 741 3537 illuvie
765 3470 954 3536 viventibus
977 3491 1042 3536 non
1064 3469 1186 3536 inveni.

802 3759 951 3828 XXXII
973 3760 1083 3847 (nessa.
1110 3767 1137 3838 1,
1161 3762 1225 3848 25).

592 3937 829 4015 anuoorvs
842 3897 843 3900 ‘
857 3939 1070 4015 caveam
1097 3940 1158 4014 av
1185 3940 1432 4016 evannum.

295 4071 484 4165 Desiderio
506 4101 700 4186 paginarum
724 4108 907 4167 vestrarum
935 4102 1023 4166 iacta
1052 4106 1103 4166 est
1130 4099 1209 4164 mihi
1238 4099 1375 4186 prodiga
1404 4099 1494 4163 frons
1521 4097 1669 4184 pudoris,
1702 4105 1735 4161 et
1764 4096 1869 4161 dumi

186 4205 309 4270 tabella
332 4205 492 4291 promittit
514 4205 722 4292 promulgata
744 4227 949 4292 responsum,
973 4205 1059 4270 intra
1073 4202 1295 4269 verecundum
1310 4203 1481 4290 penetrale
1497 4221 1655 4266 annosam
1671 4201 1839 4266 continere

187 4308 294 4373 nescit
309 4309 490 4375 infantiam.
528 4308 683 4375 deberem
706 4309 837 4395 quidem
862 4310 1014 4395 sanguini
1038 4315 1072 4375 et
1094 4308 1263 4394 proposito
1287 4306 1409 4371 silentii
1426 4311 1644 4384 venustatem,
1668 4309 1841 4390 postquam

188 4412 258 4498 spei
275 4433 369 4478 meae
385 4413 525 4478 fructum
540 4413 645 4499 prima
660 4434 824 4499 negavere
841 4413 1024 4499 conloquia.
1061 4411 1119 4478 sed
1136 4411 1247 4476 nescio
1263 4415 1371 4474 utrum
1394 4410 1480 4473 male
1504 4409 1656 4495 pertinax
1679 4406 1843 4472 iudicetur

187 4515 337 4596 intentio,
367 4537 451 4602 quae
480 4516 551 4581 sine
580 4516 716 4583 alterins
739 4516 921 4604 dispendiis
945 4517 1084 4583 sollicite
1108 4535 1168 4601 per
1190 4535 1334 4579 amorem
1358 4513 1585 4600 experientiae
1608 4511 1734 4598 pericla
1755 4510 1840 4575 mul-

188 4619 324 4706 tiplicat.
369 4620 477 4686 valete
504 4641 600 4707 ergo,
630 4621 675 4684 mi
699 4620 836 4701 domini,
867 4627 901 4687 et
928 4619 969 4684 ad
1001 4618 1187 4706 scriptionis
1219 4639 1347 4684 mecum
1370 4623 1516 4683 remeate
1540 4615 1762 4694 concordiam,
1795 4615 1870 4679 net

293 4879 526 4936 lsirnolaorumB
649 4879 667 4934 3
683 4879 720 4949 at]
739 4879 807 4934 adB
928 4878 1056 4934 Iseribte
1069 4879 1095 4932 Β
1170 4877 1213 4946 mi]
1231 4877 1383 4930 milriBVL
1500 4875 1518 4928 8
1535 4873 1614 4943 autu]
1632 4882 1726 4929 suarm
1738 4871 1846 4926 BVLT

187 4968 370 5038 ItrepperitB
962 5039 964 5047 ,

293 5068 402 5139 [xxx1]
439 5069 473 5124 12
490 5070 595 5138 indum]
614 5074 674 5125 mali
685 5073 720 5137 B,
737 5074 771 5140 cs.
784 5090 813 5139 p.
824 5077 880 5136 6,4
951 5072 1057 5139 querela
1072 5071 1096 5120 V
1161 5078 1187 5122 et
1203 5087 1251 5120 orn.
1264 5067 1290 5118 Β
1403 5064 1437 5118 13
1455 5065 1599 5132 frequentia
1610 5063 1636 5114 B
1709 5062 1807 5115 uibues
1819 5061 1845 5113 Β

188 5157 248 5210 illut
258 5157 285 5209 B
390 5155 423 5209 14
441 5157 573 5224 delinqnid
585 5157 619 5223 B,
636 5159 771 5226 deliquitd
877 5157 910 5210 15
927 5160 998 5211 uici·
1009 5175 1068 5209 nam
1086 5155 1165 5222 (erm.
1183 5152 1232 5221 nl)
1244 5155 1270 5206 B
1339 5153 1450 5220 deligisti
1463 5151 1489 5202 Β
1559 5151 1676 5218 proinosa
1693 5149 1804 5216 reapieee
1817 5145 1845 5200 B

190 5242 223 5296 16
240 5245 358 5314 apparuit
373 5244 398 5293 V
462 5245 608 5313 inampicat
623 5262 680 5312 aqi.
693 5246 739 5298 lin.
756 5264 772 5297 a
784 5245 810 5297 Β
915 5244 948 5298 18
965 5247 1084 5314 apparuit
1098 5244 1123 5294 V
1224 5241 1258 5294 19
1276 5245 1315 5294 tui
1332 5240 1423 5294 iecoris
1437 5235 1497 5291 GPt
1600 5234 1636 5288 20
1652 5236 1808 5288 delaruescit
1825 5235 1849 5286 V

188 5331 221 5385 21
241 5333 369 5386 convertit
382 5333 573 5386 -dominatur
585 5332 664 5386 Sirra.
786 5331 820 5386 22
838 5341 897 5387 tuos
909 5333 936 5384 B
1013 5333 1127 5385 irritetur
1141 5331 1166 5382 V
1283 5324 1318 5380 23
1335 5325 1390 5394 ore]
1408 5326 1479 5378 orob
1559 5324 1640 5376 debeo
1656 5339 1746 5376 vocem
1764 5321 1844 5375 Sirra.

188 5417 223 5473 24
240 5421 342 5490 elegitis
352 5420 379 5472 B
439 5421 587 5488 irequmm
597 5438 645 5474 orn.
657 5417 720 5474 0Ρὸ
815 5419 966 5490 deposcam
977 5420 1067 5472 malim
1162 5416 1197 5470 26
1210 5415 1336 5485 diligesB
1396 5413 1486 5466 illuvie
1498 5411 1598 5478 scripsi,
1614 5405 1845 5474 ellubieBTOPt,

188 5510 301 5562 ellubiee
315 5507 369 5572 VL,
386 5509 471 5561 eluvie
484 5507 572 5560 Scbott

294 5608 416 5678 [XXXII]
452 5609 486 5663 29
504 5611 607 5679 tabella]
620 5614 709 5666 tabula
721 5613 800 5666 Siras.
859 5610 1026 5680 ,penitraleB
1123 5608 1156 5662 31
1175 5610 1303 5676 colloquia
1320 5607 1345 5658 V
1437 5601 1472 5655 32
1489 5602 1640 5656 sollicitaed
1704 5602 1845 5670 perlonlsd

189 5696 225 5750 33
241 5715 303 5766 ergo
314 5694 349 5762 B,
365 5714 414 5749 om,
433 5698 509 5750 aeteri
577 5696 624 5766 mi]
643 5699 721 5752 meib
790 5698 892 5750 domine
908 5695 948 5746 Vt
960 5694 1024 5746 TP¹
1095 5695 1241 5747 scribtionis
1252 5693 1278 5745 Β

293 5787 435 5845 arrosus.
1617 5779 1635 5832 5
