4538 6436
1131 365 1218 420 xciv
1237 365 1339 428 (nior.
1360 367 1412 432 ro).

1114 709 1225 778 xciv
1248 711 1343 792 (orer.
1362 711 1427 795 10).

599 907 888 983 GRATIARVM
919 907 1064 982 ACTIO
1094 906 1417 980 GRAMMATICO
1448 903 1645 996 QVANDO
1673 903 1944 978 PARTENIVS

1065 1043 1187 1117 BENE
1214 1042 1484 1117 RECITAVIT.

414 1201 426 1259 ¹
553 1191 705 1303 Quando
728 1223 857 1289 debitas
888 1223 1058 1289 beneficiis
1089 1221 1254 1288 reddimus
1283 1222 1417 1306 gratias,
1449 1221 1546 1286 oredo
1577 1220 1663 1306 quod
1691 1221 1879 1286 abiuramus
1907 1222 2098 1288 iactantiam

443 1327 636 1392 necessariis
674 1327 896 1412 obsequendo.
959 1329 1049 1392 nullo
1093 1327 1179 1391 enim
1220 1324 1432 1409 adrogantiae
1474 1331 1582 1389 tumor
1620 1323 1801 1389 honestatis
1840 1326 1969 1390 relatur
2001 1326 2098 1390 indu-

442 1436 573 1504 mento,
620 1451 694 1495 cum
738 1453 803 1495 non
848 1433 972 1517 gloriae
1021 1431 1162 1494 militant
1210 1430 1330 1498 verba.
1377 1429 1434 1494 sed
1483 1429 1644 1512 sanguini.
1715 1428 1802 1492 aliud
1846 1433 1895 1492 θεῖ
1934 1431 2022 1494 enim
2064 1437 2099 1494 ut
2161 1451 2171 1486 -ἰ

442 1534 586 1599 lauderis
625 1534 750 1614 dicere,
799 1535 888 1599 aliud
925 1534 1034 1599 dicere
1072 1555 1113 1598 nc
1152 1533 1306 1618 carparis.
1366 1533 1410 1597 ibi
1452 1554 1543 1596 mens
1581 1553 1679 1596 avara
1715 1532 1823 1597 famae
1862 1538 1913 1598 est
1951 1534 2099 1599 subiecta

443 1639 635 1716 iactantiae,
688 1638 739 1702 hic
779 1648 909 1704 servata
948 1638 1074 1703 ratione
1114 1637 1184 1701 iure
1223 1638 1256 1700 in
1288 1639 1393 1701 locum
1430 1636 1555 1721 gloriae
1590 1635 1709 1720 redigit
1743 1635 1829 1721 quod
1868 1657 1910 1700 ex
1949 1637 2099 1702 dictionis

418 1741 567 1807 2sudore
596 1741 782 1826 contigerit.
830 1741 922 1806 iustis
956 1761 1094 1826 namque
1123 1747 1157 1805 et
1184 1741 1356 1826 superfluis
1395 1738 1689 1803 declamationibus
1721 1737 1782 1803 etsi
1809 1740 1879 1824 pari
1909 1741 2002 1805 favor
2030 1763 2098 1806 ser-

443 1867 550 1924 mone,
574 1845 725 1910 discretis
748 1851 858 1910 tamen
883 1845 1046 1910 mentibus
1071 1843 1255 1908 exhibetur.
1293 1863 1357 1907 uno
1373 1843 1503 1928 quidem
1521 1841 1650 1928 tyranni
1666 1841 1871 1906 laudationes
1888 1849 1921 1907 et
1936 1843 2099 1910 bonorum
2163 1875 2166 1880 ·

442 1951 621 2035 principum
646 1971 702 2014 ore
726 1949 945 2030 celebrantur,
973 1969 1034 2013 nec
1058 1955 1108 2012 est
1131 1949 1240 2032 aliqua
1262 1949 1348 2010 inter
1375 1947 1445 2011 eius
1476 1945 1530 2031 qui
1558 1953 1701 2010 meretur
1728 1947 1904 2031 praeconia
1926 1946 2100 2013 diversitas

412 2056 478 2119 3θῖ
500 2053 587 2117 illius
611 2053 666 2139 qui
689 2059 835 2138 usurpat.
873 2051 958 2138 quod
982 2051 1043 2118 nisi
1066 2051 1179 2136 gravia
1200 2050 1401 2115 indicantum
1425 2049 1558 2134 ingenia
1579 2048 1708 2114 dicendi
1729 2069 1845 2114 causas
1862 2049 2100 2136 expenderent,

441 2141 567 2220 nullum
601 2156 695 2220 daret
729 2155 826 2234 baec,
865 2177 949 2241 quae
989 2155 1087 2220 etiam
1128 2151 1270 2238 indignis
1311 2153 1484 2238 contingit,
1521 2150 1762 2216 adclamantum
1798 2173 1878 2218 aura
1917 2154 2098 2222 discrimen.

442 2268 664 2345 susceptarum
689 2266 817 2324 secreta
840 2259 1019 2324 dictionum
1048 2258 1088 2321 ab
1120 2256 1334 2344 andlentibus
1360 2277 1424 2321 non
1457 2257 1687 2321 examinantur
1715 2258 1837 2342 lingua,
1866 2257 1924 2324 sed
1955 2267 2099 2344 pectore.

443 2364 475 2428 in
500 2386 636 2442 summa,
667 2363 754 2427 aliud
779 2370 829 2428 ast
854 2365 1045 2428 recitantem
1067 2361 1187 2426 blande
1212 2368 1245 2426 et
1271 2363 1412 2425 libenter
1439 2359 1563 2442 audire,
1591 2359 1681 2424 alind
1709 2361 1863 2426 affectum
1892 2383 1956 2448 quo
1979 2366 2099 2428 recites

413 2468 638 2554 ladprobare.
692 2467 749 2531 sed
784 2466 849 2530 iam
884 2465 1011 2530 omissis
1046 2457 1200 2528 thematis
1244 2462 1579 2528 commendationibus
1617 2482 1686 2526 rem
1723 2464 1831 2548 potius
1864 2464 2100 2530 mediocritatis

442 2579 574 2636 nostrae
605 2571 778 2656 eloquatur
807 2570 954 2634 infantia.
999 2569 1189 2633 Partenium
1217 2567 1380 2653 quondam
1412 2566 1453 2631 ad
1483 2565 1589 2630 studia
1621 2571 1679 2631 tua
1705 2575 1947 2653 properantem,
1976 2570 2100 2655 optime

442 2675 609 2759 magister,
642 2675 703 2739 sub
736 2675 959 2738 oratiunculae
994 2695 1089 2737 meae
1126 2672 1345 2736 insinuatione
1376 2670 1526 2756 perduxi.
1572 2675 1650 2734 tunc
1682 2689 1754 2733 cum
1784 2670 1970 2736 liberalium
2001 2673 2100 2737 disci-

443 2779 604 2864 plinarum
635 2777 735 2841 limen
767 2779 922 2856 intraret,
961 2796 1033 2840 cum
1065 2776 1225 2841 incertum
1258 2780 1362 2852 esset,
1396 2781 1506 2838 utrum
1537 2773 1713 2859 prosapiae
1747 2773 1885 2839 nitorem
1916 2777 2101 2841 eruditione

443 2883 633 2966 loqueretur
648 2918 690 2927 —
707 2881 796 2946 nullo
815 2882 902 2944 enim
919 2887 1003 2944 teste
1020 2878 1200 2943 nobilitatis
1222 2880 1324 2943 utitur
1339 2880 1429 2942 cuius
1447 2878 1640 2962 sanguinem
1657 2897 1721 2940 non
1738 2878 1846 2964 prodit
1867 2881 2038 2946 instructio
2051 2920 2099 2960 -,

411 2986 520 3049 5tunc
544 3005 623 3068 ergo
648 2984 851 3072 praedictum
885 2984 1049 3070 prosecuti
1079 3005 1190 3046 sumus
1218 2984 1360 3067 eloquio,
1391 2981 1521 3067 quando
1544 2980 1593 3044 fas
1617 3001 1682 3044 non
1706 2989 1777 3046 erat
1801 3005 1953 3048 sermone
1977 2992 2099 3064 nostro,
2149 3009 2153 3022 ·

442 3088 547 3172 qualis
572 3094 660 3152 esset
683 3094 789 3168 natus,
813 3085 958 3160 ostendi;
990 3087 1067 3170 quia
1095 3085 1255 3150 bonorum
1285 3107 1415 3171 semper
1438 3085 1627 3149 meritorum
1651 3086 1744 3148 labes
1774 3093 1824 3150 est
1847 3076 1970 3153 habere
1993 3091 2099 3153 lucem

444 3193 611 3276 sanguinis
633 3198 668 3255 et
690 3198 784 3254 nocte
807 3191 1000 3254 rusticitatis
1031 3190 1163 3269 includi,
1193 3190 1285 3276 prodi
1315 3197 1523 3256 stemmatum
1551 3191 1685 3255 vocibus
1709 3199 1742 3256 et
1765 3193 1930 3278 imperitia
1955 3195 2101 3261 fuscante

410 3295 638 3360 bdelitisoere.
686 3315 798 3358 aurum
822 3295 902 3358 nibil
927 3301 987 3374 est,
1020 3295 1082 3356 nisi
1111 3315 1210 3358 manu
1242 3303 1446 3382 conponatur
1476 3293 1610 3359 artificis
1634 3301 1667 3358 et
1691 3296 1778 3360 fulvo
1802 3299 1942 3382 pretium
1966 3302 2099 3363 metallo

443 3400 520 3462 lima
543 3398 726 3460 fabricante
750 3398 914 3482 iungatur.
960 3403 1110 3460 cessante
1134 3398 1294 3462 industria
1316 3400 1437 3484 exigua
1460 3404 1511 3461 est
1534 3398 1667 3462 claritas
1691 3421 1776 3484 quae
1792 3403 1920 3464 venerit
1936 3423 1954 3465 a
1972 3413 2099 3469 natura.

444 3501 615 3578 fabrilibus
650 3481 751 3564 debet
786 3499 900 3564 studiis
935 3499 1020 3584 quod
1055 3500 1087 3562 in
1126 3506 1222 3585 partu
1257 3523 1316 3564 suc
1351 3510 1438 3565 terra
1475 3500 1636 3565 laudatur.
1688 3503 1829 3566 fornacis
1864 3505 2024 3570 beneficio
2060 3509 2100 3572 de
2149 3518 2171 3557 2⁵

444 3606 615 3668 latentium
639 3604 761 3668 fetibus
791 3625 947 3668 venarum
979 3603 1065 3688 quod
1094 3604 1125 3666 in
1156 3603 1249 3667 solidi
1282 3605 1399 3668 transit
1427 3606 1572 3691 speciem
1601 3606 1688 3671 ferro
1719 3607 1904 3671 dominatur
1935 3617 1968 3673 et
1997 3612 2100 3675 effera

412 3708 609 3771 'lhominum
635 3708 734 3771 corda
757 3706 928 3770 domitrice
952 3705 1136 3770 adfectione
1162 3707 1323 3792 captivat.
1369 3708 1498 3788 victum,
1528 3710 1588 3772 nisi
1620 3718 1862 3790 exercerentur,
1894 3719 1987 3798 terga
2011 3737 2098 3779 mor-

442 3811 562 3875 talibus
592 3831 657 3874 non
686 3811 892 3896 praeberent.
945 3811 1023 3872 artis
1053 3816 1123 3884 est,
1159 3811 1244 3894 quod
1283 3812 1439 3895 liquidum
1472 3814 1570 3877 maris
1608 3814 1806 3878 elementum
1838 3815 1935 3880 homo
1962 3840 2097 3883 securus

442 3912 634 3996 ingreditur,
658 3919 691 3975 et
712 3933 812 3997 parvo
829 3913 1015 3976 discrimine
1038 3935 1097 3998 per
1120 3914 1252 3998 ingenia
1274 3915 1337 3977 iter
1359 3916 1474 3979 mortis
1499 3923 1669 4001 exuperat.
1700 3918 1856 4001 magistra
1879 3899 2096 4003 agricolarum

442 4017 632 4102 simplicitas
656 4017 781 4079 telluris
805 4017 921 4080 faeiem
946 4016 1021 4079 dum
1047 4017 1187 4080 brachiis
1211 4017 1390 4103 distinguit,
1414 4021 1524 4083 vineta
1548 4021 1703 4106 conponit
1723 4027 1757 4083 et
1777 4021 1818 4085 de
1834 4025 1927 4107 prole
1946 4026 2097 4091 arborum
2146 4039 2169 4076 ω

442 4120 618 4204 liquorem,
660 4139 723 4203 que
757 4120 845 4182 salus
876 4119 1052 4195 nutriatur,
1087 4129 1270 4205 extorquet.
1316 4123 1427 4186 multis
1461 4123 1691 4189 manifestatur
1723 4125 1867 4206 indiciis,
1905 4139 2097 4215 operantum

411 4223 614 4307 8diligentia
637 4230 693 4286 aut
717 4222 841 4286 infundi
873 4223 958 4308 quod
988 4223 1080 4308 origo
1110 4245 1174 4288 non
1204 4227 1316 4289 tribuit
1343 4235 1399 4290 aut
1429 4227 1515 4311 quod
1547 4226 1633 4290 bona
1661 4228 1774 4293 tribuit
1804 4232 1967 4298 custodiri.
2014 4241 2047 4298 et
2070 4237 2097 4299 si

443 4327 517 4390 talis
541 4332 591 4390 est
614 4346 721 4389 rerum
746 4327 898 4390 universa
922 4327 1079 4402 condicio,
1104 4335 1236 4412 quanto.
1266 4329 1381 4392 doctor
1404 4329 1632 4410 eruditissime,
1661 4334 1846 4397 sollicitudo
1877 4311 2007 4399 tuaest
2030 4339 2096 4402 ele·

443 4429 549 4494 vanda
572 4429 756 4514 praeconio,
780 4450 840 4512 per
862 4429 953 4491 cuius
976 4429 1146 4493 ‹lexteram
1171 4431 1306 4494 libertas
1331 4433 1393 4494 iam
1415 4433 1543 4518 iamque
1565 4437 1690 4498 ruitura
1707 4439 1893 4501 relevatur?
1921 4442 2097 4524 permotus

441 4535 589 4618 peritiam
621 4537 677 4594 aut
708 4532 922 4594 instituuntur
952 4534 1083 4596 novella
1114 4541 1171 4596 aut
1203 4540 1375 4598 servantur
1404 4534 1523 4599 decora
1556 4540 1732 4602 maiomm‘?
1771 4561 1847 4604 vere
1883 4542 1998 4616 fateor,
2035 4546 2095 4608 nisi
2146 4559 2168 4596 ε’)

413 4637 552 4715 9θεεθε,
590 4637 679 4699 breui
714 4637 941 4699 succumberet
977 4637 1130 4720 quioquid
1166 4646 1325 4701 monstra-t
1361 4640 1537 4723 ingenium.
1589 4642 1645 4705 sed
1681 4643 1756 4726 quid
1787 4643 1913 4727 obligor
1944 4649 2095 4712 maximis

443 4741 497 4824 qui
522 4740 684 4803 sustinere
707 4761 809 4824 parva
832 4760 895 4802 non
928 4741 1032 4817 valeo,
1064 4750 1097 4803 et
1126 4743 1315 4824 generalem
1343 4744 1426 4808 facio
1457 4747 1634 4828 gratiarum
1662 4747 1852 4810 relationem
1881 4752 1934 4833 qui
1959 4753 2015 4814 vix
2039 4775 2096 4838 pro

546 5065 647 5132 [XCIV]
682 5064 851 5118 discentiam
864 5068 889 5118 Β
1007 5066 1201 5136 dar-rogantina
1217 5071 1242 5120 V
1311 5074 1410 5125 uelatur
1423 5074 1448 5124 Β
1562 5073 1676 5144 baliud]
1695 5085 1725 5128 nt
1743 5077 1797 5129 liud
1810 5075 1854 5127 Βιι
1975 5081 2096 5150 Ssuper-

441 5156 519 5206 tluuis
535 5154 580 5204 VL
694 5153 711 5204 9
728 5156 865 5207 exhinetur
880 5156 923 5206 Ba
1041 5154 1069 5206 ll
1090 5166 1198 5223 usurpet
1210 5158 1235 5208 Β
1307 5162 1398 5225 grania
1410 5159 1489 5224 ΒΟΡ,
1505 5163 1579 5228 graui
1596 5163 1671 5214 VLT
1742 5179 1835 5215 causas
1856 5167 1947 5218 animis
1970 5166 2015 5231 (-
2028 5186 2059 5220 us
2072 5169 2096 5234 l)

440 5241 614 5307 expenderent
633 5238 678 5304 (-
692 5249 730 5291 rat
742 5241 768 5304 b)
788 5242 823 5292 Ob
957 5239 988 5292 12
1006 5243 1201 5294 adclamantium
1219 5243 1263 5294 l'L
1395 5247 1425 5298 tl
1444 5264 1544 5300 sunrma
1565 5249 1591 5312 (a
1607 5251 1636 5300 io
1648 5249 1694 5312 lit.)
1712 5250 1738 5301 B
1873 5251 1905 5302 15
1922 5255 2062 5321 approbare
2078 5254 2102 5304 Γ

441 5328 600 5378 mediocritas
618 5325 683 5378 wc*
802 5327 835 5380 16
852 5331 959 5381 infantia
970 5330 1004 5393 Β,
1021 5348 1069 5381 our.
1083 5331 1159 5381 celeri
1276 5329 1306 5382 i'l
1325 5335 1481 5399 perduxitB
1598 5334 1631 5386 18
1648 5337 1726 5389 limen
1743 5335 1779 5403 (m
1790 5338 1818 5388 in
1832 5339 1879 5400 la)
1892 5339 1918 5388 B
1992 5343 2097 5393 intraret

440 5421 503 5464 tunc
520 5430 579 5464 cum
597 5413 714 5464 Vtro?
824 5413 857 5465 21
876 5412 952 5481 esset]
970 5415 1063 5466 esaeB
1133 5424 1172 5467 est
1189 5434 1289 5484 semper
1302 5419 1336 5468 ΟΒ
1448 5419 1482 5472 22
1499 5417 1695 5474 stimmatumB
1768 5425 1892 5492 imperitia
1910 5443 1941 5474 aa
1957 5427 2097 5494 imperante

441 5516 507 5549 corr.
521 5497 564 5548 132
703 5497 737 5550 24
755 5509 870 5552 cassame
883 5501 908 5552 B
1045 5501 1079 5552 26
1097 5504 1191 5554 fetibus
1204 5503 1241 5566 B,
1263 5506 1362 5556 fecibus
1380 5509 1455 5558 ceteri
1549 5510 1692 5572 transitB,
1714 5512 1792 5562 traxit
1809 5513 1885 5562 aava·
1981 5515 2098 5565 domatur

442 5585 530 5636 Sebott
547 5595 570 5635 et
586 5586 682 5636 Harlel
798 5584 830 5637 27
850 5590 951 5654 captiua
968 5589 1047 5641 Slrrra.
1126 5599 1197 5657 terga
1215 5609 1263 5641 cru.
1278 5593 1356 5643 Sirra.
1472 5594 1506 5645 2ss
1524 5598 1673 5648 elimentum
1686 5597 1711 5647 Β
1825 5597 1859 5648 29
1876 5601 2059 5666 agricultarum
2073 5601 2098 5650 B

441 5671 470 5722 31
493 5674 653 5738 operantium
668 5675 682 5722 b
792 5671 826 5723 34
844 5674 949 5726 libertas
967 5695 1014 5727 om.
1029 5677 1053 5725 Β
1059 5696 1066 5737 ,·
1084 5677 1156 5728 lrnud
1173 5679 1223 5727 acio
1242 5697 1277 5728 aa
1295 5681 1406 5730 conicias
1424 5682 1522 5732 ruitura
1540 5684 1696 5749 relevantur,
1714 5685 1759 5734 sed
1774 5687 1811 5750 cf.
1819 5703 1848 5750 p.
1863 5689 1916 5749 113,
1930 5693 1961 5737 19
