4596 6450
450 393 509 452 140
918 387 1000 441 exin
1021 387 1143 448 (EPlS'I'.
1161 387 1186 444 4,
1207 387 1257 447 12),
1277 383 1372 436 CXLII
1392 381 1514 448 (EPIS'P.
1533 382 1558 435 4.
1579 383 1630 448 13).

447 583 551 645 genus
582 562 720 646 inquiro.
766 558 838 623 vide
869 559 945 645 quid
977 560 1098 623 faciant
1130 579 1248 623 serena
1278 556 1479 640 diligentiae.
1525 556 1618 640 quasi
1641 561 1745 618 totum
1767 553 1848 617 mihi
1871 574 1915 618 ex
1939 557 2099 620 sententia

416 665 593 740 2fluxerit,
617 665 662 728 ita
686 663 825 749 simplici
848 684 983 729 munere
1007 664 1157 748 placatus
1181 669 1290 724 errata
1314 660 1471 724 concessi.
1518 658 1620 722 habes
1643 657 1729 721 unde
1751 658 1797 743 pii
1821 658 1942 722 amoris
1965 657 2100 724 forrnam

447 770 553 853 possis
577 768 751 833 adsumere
775 775 809 832 et
832 768 919 831 circa
942 768 1118 831 amicitiam
1142 766 1344 830 constantiae
1369 763 1522 849 exempla
1544 762 1696 827 mutuari.
1734 783 1786 826 me
1810 761 1838 825 si
1861 762 2017 846 sequeris,
2041 784 2100 827 nec

447 874 541 957 plura
571 880 602 936 te
631 893 649 935 a
679 873 906 937 coniunctione
939 879 1075 958 peccata
1107 870 1279 934 retrahunt
1312 877 1344 932 et
1375 889 1474 932 unum
1509 866 1719 931 benefactum
1753 864 1873 929 sodalis
1907 866 1955 929 tui
1989 866 2101 951 culpas

447 975 594 1039 absolvit.
639 996 692 1039 me
721 976 858 1056 silentii,
893 975 1003 1056 frater,
1032 995 1084 1037 me
1115 972 1288 1037 oblivionis
1317 972 1476 1035 incessis?
1521 970 1578 1034 ubi
1606 975 1675 1032 erat
1704 969 1767 1033 iste
1799 971 1942 1048 animus,
1976 970 2103 1056 quando
2163 997 2173 1031 n

447 1100 508 1144 nee
536 1080 743 1164 promulgata
774 1079 944 1164 conloquia
971 1099 1120 1142 meruero
1152 1097 1345 1163 responsum
1369 1097 1428 1140 nec
1452 1074 1494 1139 ad
1516 1074 1580 1137 stili
1604 1073 1827 1159 imperandam
1851 1073 2103 1140 sollicitudinem

446 1184 601 1268 praevius
631 1183 818 1248 existebas?
864 1184 920 1248 ubi
951 1183 1013 1246 fuit
1043 1184 1074 1245 in
1103 1181 1304 1245 abstinentia
1332 1180 1528 1244 tabellarum
1560 1199 1623 1242 non
1654 1179 1739 1242 circa
1770 1199 1884 1243 omnes
1913 1179 1947 1242 in
1971 1177 2105 1264 Liguria

416 1286 632 1351 doustodital
685 1288 794 1352 multis
827 1310 846 1352 a
879 1286 1042 1350 desiderio
1078 1295 1132 1350 tuo
1167 1284 1455 1371 peregrinantibus
1489 1285 1520 1346 in
1556 1282 1679 1346 solacio
1715 1281 1835 1346 doloris
1869 1282 1935 1346 mei
1968 1284 2104 1369 paginas

447 1390 634 1455 exhibendo
658 1391 793 1456 etmihi
817 1392 1072 1455 taciturnitatem
1098 1389 1296 1454 continuasti
1320 1393 1353 1451 et
1376 1387 1441 1451 illis
1457 1386 1639 1473 praebuisti
1656 1392 1770 1449 contra
1786 1394 1863 1450 vota
1882 1386 2103 1472 conloquium:

446 1493 523 1578 quia
547 1501 597 1559 est
621 1495 685 1559 ista
708 1494 923 1559 humanarum
948 1516 1058 1560 rerum
1082 1495 1177 1574 ratio,
1206 1502 1243 1557 ut
1271 1515 1329 1578 pro
1360 1515 1479 1578 magna
1509 1492 1703 1577 cognatione
1727 1511 1786 1576 par
1807 1490 1951 1555 studium
1976 1513 2105 1578 semper·
2154 1512 2177 1548 1⁰

446 1599 581 1662 existat.
622 1599 714 1663 cuius
739 1598 860 1662 ordinis
884 1599 1054 1663 immemor
1069 1598 1201 1662 voluisti
1225 1599 1349 1662 sociare
1372 1596 1535 1682 quaedam
1558 1596 1711 1682 imperita
1734 1615 1806 1657 curn
1830 1595 1959 1670 litteris,
1983 1603 2103 1680 putans

446 1701 534 1764 coire
558 1723 656 1787 posse
683 1704 714 1766 in
739 1702 892 1766 affectum
916 1709 983 1766 toto
1009 1702 1091 1766 calle
1115 1700 1279 1768 distantia.
1317 1700 1393 1786 quid
1417 1701 1577 1786 promovit
1594 1697 1696 1763 suada
1712 1697 1814 1763 oratio
1831 1705 1888 1762 tua
1904 1699 2104 1763 elucubratis

450 1804 646 1868 concinnata
669 1805 884 1882 sermonibus,
908 1804 1038 1892 quando
1062 1805 1221 1868 bonarum
1245 1805 1361 1869 artium
1385 1804 1515 1867 nescios
1539 1802 1727 1888 appellabat
1747 1808 1877 1867 amante
1893 1803 2104 1889 posthabito?

416 1905 509 1970 dsed
526 1906 600 1970 hinc
616 1908 680 1972 alia
705 1933 712 1983 ;
736 1908 812 1972 nolo
835 1929 1030 1972 excessuum
1054 1909 1294 1973 multitudinem
1318 1909 1476 1994 relegere,
1501 1909 1556 1993 qui
1579 1908 1671 1973 brevi
1694 1907 1918 1972 satisfactione
1942 1906 2105 1972 delenitus

448 2030 529 2076 sum.
580 2033 655 2076 nam
685 2013 845 2097 parcitate
875 2013 908 2075 in
937 2011 1130 2098 eloquendis
1160 2013 1224 2077 illis
1256 2033 1334 2076 usus
1366 2011 1509 2088 fueram,
1543 2012 1605 2076 nisi
1638 2032 1736 2076 nosse
1760 2032 1818 2074 vos
1846 2010 2033 2092 crederem,
2061 2011 2103 2074 de
2154 2028 2176 2065 (ὁ

449 2114 584 2179 offensis
607 2113 687 2178 illud
711 2136 881 2180 remanere
906 2113 990 2199 quod
1016 2117 1147 2200 tegitur,
1177 2122 1210 2181 et
1232 2115 1317 2200 quod
1340 2116 1373 2179 in
1398 2136 1510 2179 vocem
1534 2117 1675 2202 erumpit
1697 2116 1852 2180 amoveri.
1897 2113 2027 2181 domine
2050 2118 2105 2196 mi,

449 2238 574 2303 precor,
611 2225 646 2282 ut
678 2219 814 2304 posthac
849 2218 889 2282 ad
923 2240 963 2284 ea
997 2240 1081 2303 quae
1112 2220 1198 2283 male
1233 2219 1356 2284 habere
1391 2218 1530 2283 didicisti
1565 2241 1630 2284 non
1665 2227 1829 2305 tamquam
1864 2221 2105 2285 emendationis

449 2327 654 2409 contemptor
680 2321 845 2408 adspires:
879 2322 937 2387 sed
965 2323 1081 2387 crebro
1109 2323 1187 2387 mihi
1210 2323 1324 2387 dulces
1349 2324 1485 2408 paginas
1509 2323 1629 2410 dirige,
1657 2331 1694 2387 ut
1717 2330 1845 2388 crescat
1869 2323 1927 2388 dos
1952 2324 2104 2398 facundo,

449 2424 525 2488 dum
550 2431 659 2490 servat
683 2434 890 2492 sacramenta
914 2427 1118 2493 concordiae.

1081 2751 1212 2820 exul
1236 2753 1345 2840 (misr.
1363 2761 1393 2836 4,
1413 2756 1478 2840 13).

932 2948 1167 3022 ENNODIVS
1196 2949 1501 3024 CONSTANTIO
1528 2949 1571 3022 V.
1600 2949 1626 3022 Ι.
2158 2979 2181 3017 a

419 3109 431 3167 ¹
570 3093 695 3188 Servat
717 3123 908 3209 magnitudo
933 3133 988 3188 tua
1012 3124 1098 3188 circa
1121 3125 1245 3188 amicos
1270 3134 1303 3190 et
1326 3129 1466 3190 cultores
1488 3129 1638 3214 proprios
1670 3128 1766 3210 illud,
1796 3127 1882 3214 quod
1911 3129 1973 3193 sibi
2004 3129 2108 3212 iungit

448 3227 489 3291 ad
516 3228 664 3311 gloriam.
709 3225 785 3290 dum
815 3229 901 3290 enim
931 3249 989 3291 nos
1019 3229 1176 3292 memoria
1204 3229 1319 3314 dignos
1344 3230 1478 3310 ducitis,
1512 3253 1568 3294 vos
1590 3232 1749 3317 probatis.
1794 3254 1868 3297 nam
1893 3233 1948 3296 diu
1974 3234 2005 3296 iu
2031 3255 2108 3296 con-

449 3332 644 3395 solationem
669 3332 790 3415 scripta
814 3332 996 3416 suscipiens
1021 3331 1190 3396 absentiae
1215 3341 1345 3398 vestrae
1373 3333 1491 3398 damna
1521 3335 1659 3421 suspiro.
1711 3337 1908 3400 certificem
1935 3338 2107 3400 scientiam

449 3434 544 3499 bonis
585 3435 783 3500 caelestibus
823 3436 1020 3498 institutam!
1073 3458 1113 3500 ne
1148 3437 1247 3500 liccat
1282 3439 1403 3525 aliquid
1438 3439 1584 3524 prolixae
1621 3441 1875 3523 sequestrationi
1910 3440 1951 3503 de
1987 3441 2107 3503 affectu

451 3538 649 3624 decerpere,
679 3544 927 3624 praesentantes
952 3561 1078 3603 sacram
1101 3541 1277 3624 imaginem
1302 3543 1427 3606 litteras
1457 3543 1681 3628 promulgatis.
1726 3544 1817 3606 novit
1839 3544 1920 3608 deus
1944 3543 2109 3607 discussor
2158 3575 2179 3612 as

452 3663 608 3706 sensuum
632 3663 683 3705 mc
709 3642 859 3706 culminis
883 3644 982 3706 vestri
1006 3643 1234 3708 recordatione
1257 3645 1417 3709 macerari
1445 3653 1478 3708 et
1507 3646 1631 3710 nullum
1663 3647 1810 3710 invenire
1841 3647 1881 3710 de
1911 3648 2025 3733 optimi
2049 3647 2109 3710 riri

419 3745 714 3832 2peregrinatione
749 3745 942 3812 subsidium.
995 3745 1095 3810 reddo
1130 3752 1240 3811 tamon
1275 3749 1444 3833 epistolari
1479 3770 1557 3813 cura
1593 3750 1798 3813 salutationis
1832 3750 2042 3835 obsequium,
2078 3757 2110 3813 et

451 3847 632 3933 dignationi
661 3855 791 3914 vestrae
827 3851 951 3934 gratias
986 3852 1132 3915 referens
1166 3852 1299 3916 fratrem
1335 3873 1464 3937 quoque
1499 3874 1607 3916 meum
1638 3853 1817 3919 Iohannem
1853 3876 1912 3940 per
1941 3875 2001 3918 vos
2029 3854 2109 3918 mihi

450 3952 635 4017 restitutum
672 3973 744 4017 osse
781 3953 945 4019 confiteor.
999 3954 1089 4018 cuius
1120 3955 1279 4020 hactenus
1314 3956 1347 4019 in
1379 3955 1543 4021 oblivione
1579 3958 1644 4020 mei
1672 3958 1835 4022 silentium
1871 3958 1947 4042 quid
1978 3967 2110 4043 gereret

451 4079 516 4121 non
539 4056 685 4134 tacebat,
710 4057 738 4120 is
762 4077 848 4121 nuno
872 4064 981 4122 vestro
1005 4059 1083 4122 mihi
1107 4061 1302 4124 reformatus
1325 4060 1445 4125 affecta
1469 4061 1510 4124 ad
1533 4060 1715 4124 abiuratam
1740 4062 1804 4124 stili
1828 4083 1939 4125 curam
1963 4062 2106 4126 revertit.
2157 4091 2180 4128 a

451 4182 530 4245 rogo
560 4165 669 4224 tamen
692 4181 763 4228 vos,
795 4167 830 4223 ut
853 4161 1023 4224 maturetis
1048 4163 1187 4227 reditum
1212 4169 1282 4242 aut,
1313 4164 1340 4226 si
1369 4165 1449 4228 felix
1479 4185 1569 4227 mora
1593 4163 1729 4243 detinet,
1763 4164 1972 4229 dilectionem
2003 4169 2108 4230 mani-

450 4264 579 4328 festetis
603 4263 765 4349 adloquio.

554 4520 650 4574 astes
662 4522 702 4572 13¹
810 4524 827 4574 3
845 4543 975 4577 assumere
992 4527 1015 4576 V
1115 4525 1132 4576 ἴ)
1149 4527 1261 4578 absoluit
1276 4545 1351 4593 prop.
1365 4525 1468 4591 flarlel,
1485 4528 1602 4581 absoluat
1621 4531 1681 4581 libri
1792 4526 1806 4578 l
1826 4531 1851 4580 in
1869 4531 2027 4583 abstinentia
2046 4531 2109 4591 (scil.

452 4612 496 4661 ubi
514 4611 565 4660 fuit
583 4611 631 4660 iste
649 4611 769 4675 animus),
789 4613 970 4664 inabstinentia
982 4614 1060 4666 Siras.
1080 4616 1106 4664 iu
1124 4615 1191 4665 notis
1209 4622 1231 4664 el
1244 4615 1340 4664 Ila-rtcl
1410 4614 1515 4680 liguriae
1530 4615 1553 4664 ll
1656 4617 1673 4668 8
1691 4619 1828 4670 costialitor
1841 4617 1885 4667 Β(ι
1956 4619 2009 4668 desi
2026 4619 2109 4678 inlesi·

451 4697 559 4748 dorioB
617 4699 821 4764 peregrinatibus
834 4697 875 4748 B¹
970 4699 1002 4750 12
1020 4702 1147 4767 promouit
1160 4701 1248 4764 Sina,
1266 4709 1399 4767 premonet
1417 4702 1476 4750 libri
1565 4702 1596 4752 13
1614 4705 1716 4756 nescius
1730 4705 1755 4754 Β
1843 4702 1871 4756 ll
1892 4705 2006 4771 relegere
2024 4704 2111 4764 Siras,

451 4785 559 4850 religare
577 4785 674 4835 codices
725 4785 798 4836 breui
817 4785 855 4849 (re
873 4787 900 4836 ia
919 4787 966 4848 lit.)
979 4787 1004 4836 B
1064 4789 1190 4839 delenitus
1203 4787 1236 4850 B,
1253 4787 1375 4839 delinitus
1393 4788 1467 4840 celari
1560 4788 1591 4839 lli
1610 4788 1656 4856 rui]
1675 4793 1737 4842 milri
1750 4791 1776 4841 Β
1783 4791 1825 4842 1Ἔ
1921 4790 1952 4840 17
1972 4793 2066 4843 habere
2080 4791 2111 4852 Β,

451 4870 539 4921 haberi
558 4871 634 4920 ceteri
740 4871 772 4922 18
790 4881 931 4924 coritomtcr
944 4872 981 4934 Β,
1076 4873 1106 4924 111
1125 4875 1274 4924 concordiae
1292 4874 1386 4926 fiuitB

555 4973 671 5042 [CXLII]
712 4973 744 5026 21
765 4985 811 5028 tua
827 4987 874 5029 tua
897 4979 953 5042 (alt.
972 4977 1074 5035 sals
1167 4979 1278 5030 cultores
1289 4978 1338 5042 Ba,
1361 4980 1505 5031 saeculares
1522 4981 1598 5030 ceteri
1736 4979 1771 5032 22
1789 4999 1835 5032 nos
1853 4999 1902 5031 om.
1916 4981 1942 5032 Β
2035 4984 2110 5034 duce·

451 5063 484 5112 tis
499 5059 640 5126 VLT10P,
658 5062 791 5113 docetisB
872 5063 1043 5130 probatosB¹
1122 5066 1323 5116 consulationem
1338 5065 1364 5114 B
1480 5063 1513 5116 23
1531 5065 1662 5118 scribtsB
1742 5065 1881 5132 absentias]
1900 5069 2110 5121 ssabstiuentiae

452 5148 529 5214 (eres.
548 5149 590 5212 sul
608 5149 633 5198 Β
770 5147 805 5200 25
829 5152 990 5218 prouulgatis
1007 5149 1047 5202 Β1
1179 5149 1214 5200 ‘26
1238 5169 1356 5202 scnsoum
1374 5151 1419 5200 Βιι
1552 5150 1585 5202 ‘27
1603 5153 1738 5218 epistolare
1755 5153 1780 5202 Β
1912 5153 1948 5206 28
1969 5157 2111 5224 dignationi

452 5237 560 5298 (nationi
577 5236 605 5286 ia
624 5235 672 5298 lit.)
685 5236 710 5285 Β
778 5238 873 5303 gratias
885 5235 919 5299 B,
936 5239 1043 5303 gratiam
1061 5236 1136 5287 ceteri
1239 5235 1273 5286 29
1291 5238 1421 5289 obliuione
1435 5238 1537 5301 Ηανεεὶ,
1555 5240 1711 5291 obliuionem
1724 5240 1784 5290 libsr'
1887 5239 2112 5300 31muiuritss13

451 5319 485 5373 32
502 5323 615 5388 alloquio
632 5321 660 5386 V,
677 5323 799 5388 adloquio
818 5324 875 5374 finit
886 5323 912 5373 B
