4538 6436
812 394 939 449 cxxxv
956 395 1059 464 (nior.
1079 397 1115 463 a).
1731 403 1791 464 113

139 567 327 632 mordeatur
362 567 518 654 ambiguo
552 591 612 632 nec
646 571 909 656 peregrinantem
944 571 1092 634 notitiam
1123 571 1282 656 magister
1317 573 1453 637 inertiae
1483 592 1613 637 maeror
1648 571 1793 656 adfligat.

139 669 254 756 quodsi
282 675 338 734 aut
370 671 462 756 pigro
491 678 620 758 torpore
655 673 829 738 hebetatus
859 674 986 738 animus
1023 673 1161 738 dormiat
1194 680 1250 738 aut
1283 676 1422 741 diversis
1456 676 1620 740 excitatus
1653 676 1793 740 stimulis
1828 678 1847 738 3

139 795 199 859 per
221 772 315 837 devia
336 773 545 854 distrahatur,
577 778 684 840 nescit
707 776 749 841 ad
771 777 973 863 propositum
999 799 1091 841 suum
1117 783 1202 841 totus
1227 799 1407 858 occurrere,
1432 779 1524 842 cuiue
1548 780 1695 842 membra
1720 800 1794 864 pru·

140 876 271 942 dentiae
295 877 414 942 lanista
437 880 617 944 animarum
643 902 720 945 cura
742 881 909 966 discerpit.
940 881 1092 946 inefficax
1110 903 1241 967 semper
1257 887 1308 946 est
1323 887 1357 944 et
1371 903 1392 945 a
1405 882 1500 945 molis
1518 902 1596 946 suae
1613 881 1794 946 valitudine

71 1025 75 1034 ·
139 981 335 1046 dissociatus
367 981 560 1062 ostenditur,
595 984 650 1069 qui
681 1005 746 1047 non
774 991 882 1069 potest
913 992 1054 1070 quantus
1079 992 1130 1049 est
1152 1005 1217 1049 una
1246 992 1442 1066 tractatuum
1472 985 1575 1048 forma
1602 993 1795 1051 monstrare.

139 1091 191 1149 est
219 1092 328 1150 tamen
356 1085 433 1151 boni
464 1086 606 1152 doctoris
635 1086 822 1173 expendere
851 1087 975 1173 origine
1005 1089 1169 1174 serpentis
1196 1087 1302 1167 rivuli,
1333 1087 1387 1172 qui
1416 1087 1585 1173 scalpente
1614 1087 1656 1153 ad
1687 1089 1792 1174 ipsum
1829 1091 1847 1149 1

137 1195 259 1252 terram
283 1210 393 1274 ungue
417 1188 616 1275 perducitur,
641 1190 718 1276 quid
742 1192 784 1255 sit
807 1193 877 1256 eius
900 1192 932 1256 in
956 1214 1054 1256 unum
1080 1192 1237 1256 collectus
1260 1193 1384 1271 alveus,
1409 1190 1484 1277 quid
1508 1191 1551 1255 sit
1570 1191 1627 1256 ubi
1650 1193 1797 1257 nascitur

138 1291 324 1370 aestimare,
348 1299 382 1357 et
404 1293 489 1356 vires
510 1294 651 1358 fluminis
672 1315 735 1358 non
752 1293 792 1359 de
812 1296 872 1374 bis,
897 1316 981 1380 quae
998 1297 1137 1380 accepit,
1162 1295 1219 1359 scd
1236 1295 1277 1359 de
1294 1295 1370 1372 illis,
1393 1315 1476 1380 quae
1493 1295 1598 1382 potuit
1614 1295 1795 1382 accepisse,

140 1394 306 1478 colligere.
351 1416 516 1481 quorsum,
540 1398 736 1462 venerabilis
760 1399 927 1483 magister,
951 1399 1112 1464 libertatis
1137 1398 1247 1477 index,
1270 1399 1347 1462 boni
1371 1398 1595 1463 testimonium
1613 1399 1793 1484 sanguinis,
1829 1399 1848 1457 5

138 1498 344 1582 ingeniorum
372 1499 459 1580 lima,
497 1499 674 1565 fabricator
701 1523 868 1582 sensnum,
901 1503 983 1568 haec
1011 1502 1113 1567 verba
1141 1503 1378 1588 praemiserim,
1410 1501 1437 1564 si
1468 1501 1629 1587 requiras:
1666 1523 1795 1567 meme

139 1601 270 1665 locutus
294 1623 378 1682 sum,
401 1601 517 1684 fateor,
542 1625 594 1668 me
617 1604 751 1688 digessi,
774 1626 870 1690 quem
894 1605 980 1670 inter
1001 1606 1150 1671 inscitiae
1169 1605 1359 1670 dormientis
1375 1603 1545 1669 infantiam
1562 1605 1795 1690 occupationes

138 1705 247 1768 variae
272 1711 305 1769 et
328 1706 460 1771 tristitia
482 1707 573 1772 fortis
597 1708 768 1794 inperitiae
798 1715 904 1774 mater
932 1708 1106 1794 obpressit,
1136 1710 1187 1773 cui
1216 1730 1282 1772 non
1312 1709 1407 1772 datur
1438 1707 1528 1773 duris
1561 1707 1688 1772 solvere
1711 1707 1796 1772 colla

138 1807 317 1889 laboribus,
340 1814 377 1873 ut
399 1808 579 1874 studiorum
603 1812 725 1897 lupatis
748 1834 806 1876 ore
827 1813 1034 1878 decorentur.
1075 1833 1168 1878 meus
1192 1834 1298 1878 sermo
1323 1812 1410 1898 quod
1434 1811 1551 1876 scaber
1573 1817 1625 1876 est
1649 1818 1682 1875 et
1705 1811 1795 1875 nullo

140 1912 375 1999 splendescens
405 1913 557 1978 dictionis
586 1916 719 1990 adtritu,
750 1917 994 2002 intellegentiae
1024 1924 1074 1981 est
1103 1924 1136 1981 et
1162 1916 1320 1995 exercitii,
1350 1916 1437 1999 quod
1466 1914 1609 1980 dedisco.
1654 1920 1686 1978 tc
1709 1915 1795 1978 inter
1829 1918 1849 1978 6

74 2058 78 2068 -
139 2017 283 2102 palestra
305 2023 363 2081 tua
385 2019 561 2104 originaria
582 2020 713 2105 linguae
741 2021 850 2106 palma
879 2020 1042 2100 sollicitet,
1071 2027 1102 2084 tc
1127 2021 1213 2084 inter
1237 2021 1334 2096 cives,
1361 2019 1426 2083 mci
1453 2019 1624 2098 inmemor,
1653 2017 1796 2103 superba

60 3073 86 3114 25

139 2118 244 2184 Delus
267 2120 469 2204 adnumerat,
499 2129 534 2186 tu
558 2121 693 2189 Castalii
722 2123 861 2210 gurgitis
892 2125 1000 2189 lautus
1029 2145 1202 2210 possessor
1228 2121 1368 2187 incedis:
1400 2130 1434 2186 at
1462 2144 1524 2207 ego
1546 2121 1603 2186 vix
1626 2121 1795 2186 arentibus

139 2223 235 2288 labiis
265 2225 444 2292 stillantem
468 2233 593 2312 guttam
615 2227 750 2292 marcidi
771 2228 906 2315 liquoris
929 2227 1075 2292 infundo.
1120 2233 1152 2291 te
1176 2226 1293 2291 sudore
1317 2225 1469 2290 continuo
1492 2225 1582 2290 nulla
1604 2225 1796 2290 diversitate

138 2327 368 2414 interpellante
397 2335 511 2416 utpote
538 2332 688 2396 colonum
717 2353 811 2396 suum
844 2331 1010 2396 doctrinae
1034 2331 1151 2395 messis
1174 2330 1367 2415 amplificet:
1400 2329 1536 2393 etmihi
1560 2329 1618 2393 rix
1640 2327 1680 2392 de
1704 2349 1796 2412 mag-

140 2451 253 2495 norum
281 2432 408 2498 horreis
438 2427 566 2521 pauper
591 2435 686 2500 faseli
715 2456 793 2501 esca
821 2436 1008 2521 porrigitur.
1054 2441 1088 2498 tu
1111 2434 1144 2498 in
1167 2433 1442 2497 sustentationem
1465 2432 1611 2498 ruiturae
1634 2432 1797 2497 libertatis

141 2534 220 2600 felix
247 2535 386 2602 dextera
407 2538 609 2623 subrogaris:
640 2560 692 2604 me
716 2539 878 2605 ecclesiae
901 2540 1040 2624 angulus
1068 2538 1166 2602 ctiam
1196 2536 1282 2600 bona
1313 2542 1514 2601 metuentem
1546 2535 1670 2600 saeculi
1700 2555 1795 2623 prae-

141 2640 244 2704 sentis
273 2625 419 2707 includit.
464 2639 558 2728 quid,
589 2662 685 2728 rogo,
719 2643 824 2707 visum
855 2649 906 2707 est
935 2641 1057 2707 dudum
1087 2641 1207 2726 insigni
1242 2640 1450 2726 eloquentiae
1481 2645 1556 2704 tuae
1585 2639 1618 2703 in
1649 2661 1700 2704 me
1730 2644 1796 2703 tem
1832 2640 1850 2700 7

138 2741 236 2828 longe
271 2746 413 2831 positum
445 2746 567 2811 oculos
590 2745 776 2812 destinare?
813 2747 947 2812 fuerunt
977 2746 1083 2830 magis
1116 2745 1183 2826 alii,
1215 2765 1297 2830 quos
1324 2742 1475 2808 dictionis
1502 2749 1578 2807 tuae
1607 2747 1799 2807 ornamenta

139 2855 370 2933 conponerent,
402 2849 520 2934 quibus
548 2850 724 2916 verborum
753 2851 878 2916 falerae
907 2871 967 2935 per
988 2849 1137 2915 Latiares
1161 2848 1343 2934 elegantias
1373 2846 1556 2932 adquisitae
1580 2846 1740 2911 victurum
1764 2851 1798 2910 et

137 2948 224 3035 apud
254 2957 405 3036 posteros
434 2974 552 3018 nomen
579 2954 745 3019 offerrent.
791 2975 843 3018 me
876 2954 976 3018 tacito
1006 2953 1110 3018 teneri
1139 2958 1263 3017 tantum
1294 2951 1447 3016 convenit
1478 2950 1599 3015 affeetu
1628 2949 1724 3014 dictis
1747 2950 1797 3014 in-

140 3073 253 3138 parem
277 3060 311 3120 et
334 3055 451 3120 officiis
474 3063 725 3143 sequestratum.
763 3056 840 3142 quid
864 3057 1009 3142 erigeres
1033 3057 1168 3136 animos,
1199 3077 1280 3141 quos
1309 3055 1393 3119 alter
1421 3054 1485 3119 iam
1509 3053 1570 3119 sibi
1598 3053 1686 3119 vitae
1716 3052 1796 3118 ordo
1830 3055 1850 3115 8

140 3155 350 3222 subdiderat?
388 3159 466 3245 quid
494 3160 536 3225 ad
565 3167 598 3226 te
626 3182 800 3226 revocares
827 3182 886 3247 per
915 3162 1014 3246 longa
1041 3160 1196 3225 itinenrm
1224 3153 1596 3224 intervalla‘distantem
1619 3157 1797 3236 hominem,

139 3260 226 3346 apud
248 3283 345 3348 quem
369 3263 453 3327 sieut
475 3263 569 3329 nefas
592 3271 729 3330 estnon
753 3265 911 3330 meruisse
934 3263 1071 3344 laudari,
1094 3265 1140 3327 ita
1160 3263 1282 3327 crimen
1298 3261 1400 3326 fuisse
1423 3260 1614 3326 laudatum?
1637 3266 1695 3326 aa
1709 3265 1795 3338 sunt,

138 3369 205 3444 tua,
226 3384 267 3428 ne
289 3365 413 3444 dubita,
437 3371 493 3430 aut
516 3387 640 3448 eorum,
664 3369 691 3432 si
714 3374 823 3433 tamen
847 3368 987 3433 inveniri
1011 3372 1166 3454 poterunt
1188 3366 1242 3452 qui
1267 3371 1431 3430 secuntur.

247 3467 300 3532 Ad
331 3468 615 3535 adulescentulum
643 3477 764 3552 tamen,
797 3493 891 3557 quem
922 3471 1107 3558 praesentis
1137 3468 1204 3534 diei
1234 3468 1403 3534 auditoriis
1433 3469 1497 3533 tuis
1529 3465 1676 3552 auspicia
1704 3467 1796 3533 dedi·
1832 3469 1853 3530 9

140 3578 264 3652 cerunt,
298 3593 370 3637 cum
395 3594 459 3660 quo
482 3571 561 3638 mihi
589 3575 684 3661 parili
711 3575 849 3640 infantie
879 3574 1041 3654 convenit,
1072 3574 1099 3638 si
1128 3571 1223 3638 venia
1253 3592 1304 3636 me
1334 3570 1473 3653 donatis,
1503 3572 1605 3637 verba
1632 3576 1798 3636 converto.

141 3674 236 3739 cuius
267 3676 444 3763 primordia
472 3678 620 3764 quamvis
651 3679 844 3744 infabricato
874 3698 1023 3743 sermone
1053 3675 1283 3754 conmendem,
1318 3674 1462 3761 imperiis
1494 3674 1615 3739 amoris
1647 3693 1798 3739 excusor.

144 3777 341 3866 subiugum
365 3781 523 3846 mittimur
545 3780 729 3848 dilectionis
757 3782 957 3849 necessitate
986 3781 1151 3846 constricti
1175 3787 1218 3862 et,
1246 3778 1324 3844 dum
1353 3779 1437 3844 caris
1466 3777 1694 3865 prospicimus,
1722 3775 1799 3863 quid

141 3903 202 3946 nos
225 3883 342 3949 deceat
363 3906 428 3950 non
451 3886 608 3952 videmus.
653 3887 739 3952 hunc
762 3887 839 3952 licet
861 3893 1000 3974 paterna
1021 3885 1191 3950 debuisset
1213 3883 1318 3948 oratio
1340 3883 1505 3969 prosequi,
1528 3902 1594 3946 non
1614 3887 1665 3946 cst
1688 3887 1798 3946 tamen

140 3993 275 4072 epatre
298 3988 406 4053 aliens
429 4009 526 4074 quarn
550 3991 691 4076 porrigo.
738 3990 851 4057 debuit
873 3991 943 4072 tibi,
975 3995 1094 4071 macte,
1123 3995 1157 4054 et
1185 4009 1260 4053 mea
1290 3987 1471 4052 orationem
1499 3984 1673 4072 professio.
1717 3984 1798 4048 felix
1814 3983 1852 4044 10

141 4090 229 4155 istud
251 4091 392 4157 nominis
415 4092 502 4179 apud
522 4093 637 4159 doctos
652 4095 847 4180 auspicium!
884 4093 1035 4158 ditandus
1059 4090 1217 4157 scientiae
1241 4088 1390 4175 frugibus
1412 4089 1560 4154 laborem
1583 4089 1668 4153 cirea
1690 4085 1799 4152 studia

141 4195 364 4259 necessarium
388 4196 548 4282 promittit
570 4202 604 4262 et
626 4199 768 4264 nomine.
813 4197 910 4277 finde,
933 4197 1129 4263 adulescens
1147 4195 1294 4282 egregie,
1316 4193 1485 4280 pinguium
1508 4193 1605 4258 dorsa
1626 4198 1798 4273 terrarum,

141 4297 277 4383 inprime
307 4298 439 4364 dentem
471 4301 611 4365 vomeris
642 4302 773 4367 novella
800 4301 907 4367 adhuc
934 4299 1051 4366 incude
1082 4299 1266 4378 formatum,
1304 4317 1424 4362 exerce
1454 4297 1487 4361 in
1515 4295 1697 4360 studiorum
1728 4296 1798 4359 eolo

142 4401 295 4488 quicquid
326 4403 483 4489 optimum
516 4405 670 4470 convenit
700 4412 871 4472 aratorem.
919 4405 946 4470 si
974 4409 1166 4470 exerutatus
1196 4401 1329 4490 penitus
1353 4399 1453 4465 fueris
1475 4400 1647 4466 latentium
1671 4405 1801 4465 secreta
1815 4397 1851 4460 11

187 4786 192 4792 ,
247 4731 260 4782 1
280 4733 425 4784 mordenter
437 4733 462 4782 Β
541 4733 643 4800 affligat
659 4730 684 4781 V
806 4733 824 4785 ‘2
841 4751 921 4801 pegro
933 4731 974 4783 B¹
1057 4734 1176 4785 dinamus
1191 4730 1236 4782 VL
1357 4729 1374 4782 3
1392 4729 1540 4798 prodentise
1552 4728 1598 4782 Ba
1718 4729 1735 4778 s
1753 4730 1801 4781 ori·

141 4821 228 4886 ginem
246 4818 330 4882 BTc,
351 4820 510 4886 originenem
528 4820 595 4886 (cap.
608 4820 677 4882 nem)
694 4817 719 4868 V
813 4821 889 4872 rinoli
903 4820 928 4871 B
1025 4821 1108 4887 ipsam
1121 4819 1199 4871 Sirra.
1341 4815 1356 4867 7
1374 4816 1491 4868 oollictue
1503 4813 1544 4866 B¹
1643 4823 1765 4868 nascetur
1776 4815 1802 4866 B

141 4903 158 4956 8
175 4906 312 4957 aestimare
325 4905 413 4970 Sirra,
429 4907 553 4958 extimare
565 4905 599 4968 B,
616 4906 763 4958 existimem
775 4907 850 4958 ceteri
953 4905 969 4956 9
987 4922 1112 4971 quorsum
1130 4905 1179 4968 Vss,
1196 4921 1301 4956 cursum
1311 4902 1336 4953 Β
1398 4903 1469 4954 indis
1483 4901 1509 4952 Β
1613 4901 1644 4952 11
1664 4903 1765 4970 degessi
1777 4901 1803 4952 Β

142 4992 318 5060 occupationis
333 4992 442 5056 codices,
466 4993 564 5044 mad.
582 4990 623 5042 T?
633 5002 657 5044 ct
669 4993 748 5045 sem.
871 4991 903 5044 14
920 4994 1009 5046 attritu
1029 4992 1053 5042 V
1133 4993 1229 5042 didisco
1246 4989 1272 5040 B
1394 4987 1427 5040 15
1444 4988 1553 5056 palistra
1565 4987 1590 5038 B
1713 4987 1744 5039 16
1762 4985 1801 5054 at]

141 5079 174 5130 ad
186 5076 237 5142 131,
254 5088 281 5130 et
292 5077 371 5130 Sirra.
478 5075 509 5129 17
527 5079 613 5130 licoris
626 5079 651 5130 B
714 5080 871 5132 aduersitate
883 5080 979 5132 Horret
991 5097 1068 5145 prop.
1177 5074 1208 5128 18
1226 5084 1318 5143 utpute
1330 5076 1357 5126 B
1416 5073 1453 5141 st]
1472 5077 1506 5127 ad
1518 5074 1543 5125 B
1648 5071 1680 5124 19
1699 5075 1764 5126 fesili
1777 5073 1803 5124 Β

142 5161 177 5216 20
193 5164 305 5231 angelus
318 5163 343 5214 Β
474 5163 506 5215 21
526 5165 621 5232 insigni
639 5166 817 5231 seloquentiae
830 5166 863 5228 B,
886 5165 999 5232 insignia
1017 5164 1178 5229 eloquentiae
1195 5163 1271 5214 ceteri
1363 5179 1403 5214 me
1422 5159 1485 5228 mm]
1505 5178 1588 5213 meam
1606 5159 1672 5226 (saep.
1686 5161 1731 5211 lia.
1745 5159 1765 5221 t)
1777 5160 1803 5211 Β

142 5247 176 5301 ‘22
193 5251 285 5302 oculus
298 5249 338 5301 Β1
399 5251 522 5303 uacum
535 5251 560 5302 B
657 5249 691 5302 23
709 5250 817 5318 faleras]
837 5253 925 5304 fallere
938 5251 963 5301 B
1024 5251 1122 5302 latiaris
1135 5249 1242 5310 codices,
1259 5248 1357 5300 ennead
1374 5246 1416 5298 Τ2
1427 5257 1450 5299 et
1463 5247 1541 5300 Sirra.
1640 5245 1674 5298 25
1691 5248 1803 5315 erigeres

143 5337 247 5402 Hartel,
264 5338 376 5404 aregaris
389 5336 421 5400 Β,
439 5338 544 5404 erigeris
561 5336 677 5402 Vwe',
695 5339 773 5406 erigis
790 5337 838 5401 Ta,
850 5341 915 5405 fort.
935 5339 1032 5404 erigere
1051 5327 1219 5402 (aett'visum
1238 5335 1287 5395 est)
1368 5332 1443 5401 quos]
1462 5335 1530 5400 quod
1542 5335 1568 5386 B
1689 5333 1724 5386 26
1742 5335 1802 5386 sub·

143 5425 247 5477 dederat
261 5424 288 5474 B
391 5441 527 5476 reuocaree
542 5423 650 5488 Hortet,
673 5427 803 5477 reuocatis
822 5425 892 5488 libri,
915 5439 1036 5476 revocare
1047 5425 1116 5491 fort.
1222 5422 1341 5474 itinerum
1362 5423 1393 5484 C,
1417 5422 1543 5473 itenerum
1563 5421 1599 5484 Β,
1624 5423 1717 5473 iterum
1733 5420 1808 5472 VLT

143 5510 177 5564 28
194 5519 316 5579 poterunt
327 5510 360 5574 B,
381 5517 522 5578 potuerunt
537 5508 637 5574 VLYO,
660 5513 791 5577 potuerint
807 5511 885 5563 Sirra.
966 5518 1111 5576 sequuntur
1127 5510 1150 5560 V
1273 5505 1307 5559 29
1326 5509 1360 5560 ad
1377 5525 1426 5560 om,
1439 5508 1465 5559 B
1545 5508 1761 5560 adoliscentulum
1778 5507 1804 5558 Β

143 5595 178 5650 30
194 5598 302 5650 donates
313 5597 339 5648 B
465 5594 499 5648 34
516 5597 658 5649 orationem
675 5599 799 5664 professio
817 5606 844 5650 et
861 5614 919 5650 mea
934 5596 978 5647 VL
984 5596 1030 5649 Tc
1151 5595 1186 5647 35
1203 5597 1294 5648 doctus
1306 5595 1332 5646 Β
1416 5594 1537 5646 ditandus
1549 5594 1582 5659 Β,
1601 5594 1707 5647 ι111ιιιᾱο
1728 5593 1805 5659 VLU,

143 5683 261 5737 ditandos
278 5683 303 5734 Τ
401 5680 436 5734 36
453 5683 597 5735 adolisoens
608 5682 635 5732 B
737 5681 772 5735 37
789 5686 903 5752 inpreme
915 5683 940 5734 B
1043 5681 1078 5734 38
1094 5689 1246 5734 excrutatus
1260 5681 1293 5745 B,
1310 5687 1442 5733 scrutatus
1459 5681 1534 5733 ceteri

246 5809 386 5868 Essemus.
1563 5803 1596 5858 lo
