4612 6442
749 390 769 443 Ι.
797 389 844 445 DII
862 387 950 444 VITA
968 387 1017 444 ET
1036 389 1197 448 SCRIPTIS
1216 393 1364 450 ENNODI.
1816 401 1887 458 XIII
1950 417 1957 433 ·

228 576 309 650 sunt,
331 567 412 632 inter
433 587 468 632 se
489 565 604 630 collata
625 565 852 630 examinaveris
875 572 907 628 et
929 563 969 629 ad
991 564 1119 630 Ennodi
1141 566 1282 632 libellum
1307 567 1486 636 adhibueris
1509 571 1784 654 considerandum,
1806 574 1886 640 hanc

228 696 330 738 rerum
351 671 503 737 rationem
525 692 594 736 esse
616 670 675 734 tibi
697 668 917 756 persuadebis:

331 776 431 840 Panlo
453 781 528 862 post
548 772 666 860 pascha
688 773 762 837 anni
784 775 857 852 502,
878 771 964 858 quod
986 794 1023 837 eo
1046 795 1128 837 anno
1151 774 1340 841 celebratum
1362 786 1411 843 est
1431 778 1560 847 XVIII
1580 781 1654 846 Kal.
1675 781 1761 862 Mai,
1782 782 1885 848 Theo-

227 879 349 944 dericus
383 878 548 965 episcopos
574 899 612 940 ex
647 875 791 940 omnibus
822 875 934 940 Italiae
967 876 1138 962 provinciis
1172 877 1306 943 Romam
1334 881 1500 947 convenire
1526 884 1631 966 iussit,
1665 895 1700 950 ιιι
1726 885 1765 950 de
1793 884 1885 972 Sym-

228 983 339 1048 macho
362 1005 446 1070 papa
461 989 589 1069 pmpter
601 978 789 1045 adulterium
805 983 846 1066 (p.
861 982 949 1058 51,8.
972 983 1059 1060 58,9.
1081 983 1192 1063 saal)
1214 991 1244 1046 et
1265 982 1349 1048 bona
1370 987 1518 1051 ecclesiae
1540 987 1693 1076 dissipata
1716 1001 1756 1076 (p.
1773 993 1884 1070 58‚26)

227 1097 373 1152 accusato
395 1084 575 1152 iudicarent
609 1084 664 1150 sed
687 1107 758 1149 oum
779 1083 826 1148 illi
848 1092 1065 1150 cunctarentur
1086 1093 1180 1172 atque
1201 1088 1288 1174 prius
1311 1112 1367 1176 per
1381 1091 1546 1179 episcopos
1562 1094 1710 1180 Liguriae
1732 1094 1884 1159 Aemiliae

227 1190 449 1269 Venetiarum,
479 1191 594 1276 quibus
622 1190 681 1254 iter
707 1211 764 1275 per
785 1187 970 1254 Ravennam
996 1187 1172 1254 faciendum
1201 1200 1279 1272 erat,
1308 1215 1412 1278 regem
1434 1195 1675 1283 interpellarent,
1704 1219 1767 1283 qua
1788 1219 1884 1262 causa

154 1345 158 1351 .
225 1316 327 1383 quove
342 1296 408 1360 iure
423 1293 591 1359 concilium
606 1301 811 1358 convocasset
825 1297 865 1379 (p.
878 1295 928 1371 50,
937 1295 988 1358 28.
1004 1294 1128 1371 51,25),
1151 1293 1290 1380 synodus
1306 1295 1361 1360 vix
1376 1307 1447 1362 ante
1462 1322 1601 1364 mensem
1614 1299 1733 1366 Iulium
1748 1301 1882 1366 Romam

225 1400 379 1465 convenit
424 1397 491 1463 dies
518 1419 582 1484 quo
605 1398 741 1485 primum
769 1394 1034 1476 deliberaverunt,
1063 1397 1096 1460 in
1124 1399 1202 1463 actis
1225 1398 1390 1466 indicatus'
1407 1425 1470 1468 non
1493 1413 1549 1469 est.
1593 1405 1666 1470 huic
1688 1403 1810 1491 synodo
1832 1405 1881 1469 vel

224 1504 356 1569 sessioni
383 1504 416 1568 in
445 1502 576 1568 basilica
605 1500 680 1565 Iulii
709 1499 836 1566 habitae
864 1499 1071 1586 Symmachus
1101 1523 1185 1588 papa
1213 1504 1281 1590 ipse
1310 1505 1458 1570 interfuit
1502 1509 1556 1594 qui
1586 1531 1657 1573 cum
1684 1508 1894 1596 postulassets

224 1617 259 1672 ut
281 1617 446 1693 antequam
469 1603 508 1668 de
534 1603 717 1668 criminibus
744 1611 899 1688 ageretur,
929 1603 1073 1668 visitator
1094 1626 1113 1668 a
1134 1603 1328 1670 Theoderico
1354 1608 1503 1674 ecclesiae
1525 1610 1686 1677 Romanae
1707 1613 1881 1699 praefectis

224 1709 386 1776 decederet
407 1717 454 1797 (p.
472 1710 591 1789 cula)
614 1717 646 1771 et
667 1707 735 1794 ipse
758 1707 789 1771 in
819 1707 973 1792 integrum
996 1708 1221 1789 restitueretur,
1248 1710 1386 1798 episcopi
1410 1723 1598 1779 autemnon
1622 1714 1770 1781 auderent
1791 1715 1882 1802 quid-

223 1839 317 1903 quam
340 1837 398 1880 suo
420 1813 560 1901 periculo
582 1821 726 1892 statuere,
748 1813 841 1898 legati
864 1811 905 1878 ad
927 1835 1030 1898 regern
1053 1814 1140 1878 missi
1164 1823 1247 1879 sunt
1291 1815 1346 1880 sed
1369 1840 1439 1883 cum
1463 1819 1525 1906 ipsi
1547 1843 1566 1885 a
1588 1819 1777 1906 Symmacho
1798 1843 1881 1907 papa

223 1919 384 1985 voluntate
406 1916 531 1982 alienati
553 1923 658 1980 essent
680 1921 720 2001 (p.
736 1917 861 1996 sala),
882 1937 962 2001 qnae
984 1917 1116 2004 petitum
1140 1918 1229 1983 missi
1252 1930 1352 2000 erant,
1374 1943 1437 1986 non
1460 1923 1713 2010 impetraverunt
1757 1924 1891 1989 interim

223 2024 344 2088 Romae
366 2044 429 2087 non
452 2021 555 2086 solmn
575 2019 679 2085 verbis
703 2017 759 2083 sed
781 2019 875 2082 etiam
898 2018 1012 2104 gladiis
1036 2021 1148 2084 acriter
1169 2022 1249 2086 inter
1270 2025 1371 2111 papae
1393 2035 1424 2089 et
1446 2027 1612 2115 antipapae
1634 2037 1738 2115 partes
1761 2049 1881 2114 pugna-

222 2131 324 2195 batur.
361 2149 457 2214 quare
472 2126 562 2191 multi
584 2123 723 2211 episcopi
746 2124 809 2188 iam
831 2133 898 2186 tum
922 2147 1026 2188 morae
1048 2127 1182 2211 pertaesi
1204 2127 1313 2192 urbem
1335 2130 1547 2214 perturbatam
1562 2132 1750 2218 reliquerant
1772 2134 1833 2214 (50,
1841 2135 1881 2214 5),

223 2233 315 2298 ceteri
339 2255 358 2298 a
379 2255 452 2319 rege
473 2231 644 2317 petierunt,
667 2239 702 2292 ιιι
724 2227 880 2314 synodum
902 2227 1088 2294 Ravennam
1110 2231 1298 2296 transferret.
1342 2230 1376 2296 id
1398 2233 1610 2299 Theodericus
1633 2234 1752 2299 acerbis
1776 2235 1880 2300 verbis

222 2337 413 2424 improbavit
434 2345 466 2400 et
488 2333 659 2399 secundum
682 2341 879 2397 conventum*
892 2331 967 2397 Kal.
990 2331 1074 2419 Sept.
1097 2335 1258 2399 constituit
1280 2336 1425 2423 (epistula
1448 2337 1501 2404 VI
1524 2337 1573 2404 Id.
1595 2340 1679 2424 Aug.
1701 2338 1794 2419 data).

323 2440 414 2506 Haec
440 2437 577 2506 secunda
604 2436 743 2524 synodus
770 2436 845 2501 Kal.
868 2437 952 2523 Sept
981 2437 1013 2501 in
1042 2437 1172 2502 basilica
1194 2437 1392 2504 Hierusalem
1422 2439 1596 2507 Sessoriani
1627 2441 1737 2528 palatii
1772 2441 1880 2506 habita

221 2543 358 2609 decrevit
389 2544 543 2623 libellum,
575 2565 667 2629 quem
700 2549 895 2607 accusatores
929 2550 1131 2627 paraverant,
1158 2541 1391 2627 suscipiendum
1425 2567 1502 2609 esse.
1547 2554 1656 2610 contra
1685 2567 1778 2632 quem
1812 2566 1880 2610 sese

221 2647 403 2715 defensurus
428 2646 634 2734 Symmachus
657 2668 741 2733 papa
762 2646 794 2710 in
818 2646 902 2710 viam
926 2668 959 2710 se
982 2645 1085 2724 dedit,
1112 2645 1168 2710 sed
1196 2669 1215 2710 a
1243 2647 1343 2712 turbis
1372 2646 1622 2715 adversariorum
1649 2672 1818 2738 oppressus
1846 2650 1878 2713 in

220 2761 329 2840 saepta
350 2753 434 2818 beati
456 2751 541 2816 Petri
566 2773 599 2815 se
621 2751 737 2837 recepit
759 2758 852 2834 atque
874 2750 914 2814 ab
937 2749 1093 2837 episcopis
1116 2771 1154 2812 ex
1177 2749 1235 2814 hac
1256 2751 1394 2817 secunda
1416 2753 1537 2838 synodo
1560 2762 1669 2840 qnater
1690 2753 1879 2833 admonitus,

220 2865 255 2920 nt
276 2854 317 2921 ad
339 2855 490 2920 iudicium
513 2878 605 2920 suum
628 2855 756 2932 venIret,
778 2875 817 2918 ex
840 2853 972 2919 basilica
993 2854 1078 2917 Petri
1102 2851 1227 2939 prodire
1249 2864 1428 2920 constanter
1450 2857 1607 2922 recrrsavit
1629 2863 1669 2944 (p.
1685 2861 1735 2936 57,
1748 2859 1808 2936 24).

312 2959 432 3032 ,Tertia
454 2957 593 3045 synodus
616 2957 726 3022 medio
741 2957 805 3022 fere
832 2979 938 3022 mense
961 2956 1138 3044 Septembri
1165 2969 1336 3024 convocata
1363 2961 1394 3024 in
1419 2961 1654 3047 papammulto
1682 2961 1782 3026 lenius
1805 2983 1879 3026 con·

220 3065 330 3144 suluit,
359 3065 434 3150 quia
460 3064 545 3128 illam
578 3063 764 3128 Theoderici
792 3085 933 3128 sevemm
961 3063 1128 3149 epistulam
1158 3064 1253 3129 altera
1276 3064 1377 3128 multo
1405 3065 1511 3129 mitior
1533 3063 1588 3132 VI
1610 3065 1684 3131 Kal.
1708 3064 1793 3151 Sept
1814 3063 1879 3130 Ra-

218 3191 337 3234 vennae
360 3167 447 3248 data,
474 3167 609 3232 Romam
631 3190 705 3253 ergo
732 3175 807 3254 post
833 3166 1000 3231 secundam
1029 3165 1183 3253 synodum
1206 3167 1338 3254 perlata,
1365 3177 1474 3232 secuta
1494 3178 1550 3232 est
1593 3190 1677 3254 papa
1699 3168 1801 3233 denuo
1823 3163 1879 3254 per

217 3273 336 3359 legatos
359 3273 473 3338 citatus
496 3281 553 3351 est,
575 3270 631 3337 sed
653 3293 762 3336 rursus
785 3271 896 3336 abnuit
917 3270 966 3335 his
990 3271 1108 3335 verbis:
1135 3271 1287 3352 ,Primum
1309 3270 1349 3336 ad
1372 3280 1559 3336 conventum
1582 3281 1729 3352 vestrum,
1750 3270 1878 3359 quando

216 3376 336 3442 Romae
358 3375 499 3456 venistis,
521 3376 588 3440 sine
604 3375 709 3462 aliqua
723 3374 918 3440 dubitatione
937 3375 1104 3461 properavi
1126 3384 1158 3439 et
1180 3376 1345 3462 privilegia
1367 3398 1435 3440 mea
1450 3375 1605 3440 voluntati
1627 3376 1729 3462 regiae
1744 3375 1876 3441 submisi

216 3490 246 3546 et
269 3481 486 3545 auctoritatem
509 3479 631 3566 synodo
654 3478 741 3560 dedi,
769 3481 851 3545 siout
872 3479 966 3545 habet
986 3480 1195 3544 ecclesiastica
1216 3479 1398 3566 disciplina,
1420 3479 1674 3544 restaurationem
1697 3480 1878 3566 regulariter

217 3587 356 3673 poposci.
401 3583 457 3648 sed
479 3585 584 3649 nullus
611 3584 687 3648 mihi
715 3584 847 3649 avobis
870 3584 1001 3649 effectus
1027 3593 1084 3648 est.
1129 3582 1241 3648 deinde
1268 3607 1338 3648 cum
1367 3584 1566 3649 convenirem
1594 3606 1665 3648 oum
1693 3584 1775 3649 clero
1798 3606 1877 3664 meo,

217 3689 381 3755 curdeliter
403 3687 597 3753 demactatus
620 3711 699 3754 sum.
731 3688 864 3753 ulterius
887 3712 936 3753 me
958 3698 1063 3753 vestro
1086 3688 1221 3753 examini
1244 3711 1306 3754 non
1330 3687 1505 3752 committo:
1528 3688 1559 3751 in
1582 3695 1736 3772 potestate
1756 3687 1807 3752 dei
1828 3695 1878 3754 est

217 3804 248 3859 et
269 3793 387 3860 domini
404 3793 495 3878 regis,
516 3792 593 3880 quid
616 3793 655 3858 de
676 3816 727 3858 me
746 3793 895 3858 deliberet
910 3791 1071 3857 ordinare!
1085 3833 1126 3839 —
1141 3792 1224 3856 Tum
1246 3792 1386 3878 episcopi
1408 3791 1489 3856 hanc
1511 3791 1695 3856 sententiam
1718 3791 1759 3855 ad
1773 3791 1876 3856 Theo-

217 3897 355 3963 dericum
376 3896 577 3961 rettulerunt:
605 3896 706 3977 ,nobis
733 3895 818 3983 quod
841 3897 999 3982 possimus
1022 3896 1122 3961 facere
1144 3918 1208 3961 non
1230 3895 1391 3975 remansit,
1421 3917 1479 3959 nec
1500 3895 1635 3960 invitum
1657 3893 1698 3959 ad
1720 3894 1876 3982 discepta-

216 4003 331 4067 tionem
359 4011 498 4066 nostram
527 3999 692 4066 adducere.
707 4007 894 4089 possumns‘,
922 4001 1106 4088 suppliciter
1133 3998 1297 4078 addentes,
1324 3999 1394 4080 ,iam
1419 3998 1537 4063 diutius
1559 4007 1737 4064 nostrorum
1760 4007 1875 4064 mortes

216 4116 247 4170 et
273 4106 411 4193 pericula
439 4105 566 4192 propria
593 4105 714 4170 Rornae
741 4106 806 4192 pati
835 4128 897 4170 non
925 4127 1094 4192 possumus
1124 4101 1581 4188 (ctEnnod.op.IIv.13).
1632 4101 1688 4167 sed
1714 4101 1875 4168 concedite

215 4210 305 4275 nobis
328 4209 526 4295 optatissimo
548 4217 713 4295 praecepto
736 4219 849 4289 vestro,
871 4216 907 4273 ut
929 4207 970 4272 ad
992 4208 1138 4272 ecclesias
1161 4216 1283 4272 nostras
1306 4206 1398 4270 liceat
1420 4227 1478 4270 nos
1500 4206 1631 4272 reverti‘.
1647 4245 1688 4253 -—
1704 4205 1773 4270 Rex
1795 4206 1873 4271 iram

215 4315 269 4378 vix
296 4313 444 4380 cohibens
474 4311 659 4392 moderatis,
689 4322 792 4378 tamen
822 4313 973 4400 gravibus
1001 4312 1105 4377 verbis
1133 4311 1294 4398 rescripsit
1321 4310 1391 4392 (sub
1413 4308 1464 4373 die
1486 4308 1560 4375 Kal.
1584 4309 1740 4392 Octobr.):
1766 4332 1875 4390 ,neca

214 4417 304 4483 nobis
327 4419 423 4484 vestri
447 4425 644 4504 exspectetur
664 4416 766 4482 forma
787 4416 904 4496 iudicii,
926 4415 980 4481 sed
1005 4438 1063 4481 vos
1086 4415 1219 4502 qualiter
1240 4414 1336 4478 vultis
1360 4411 1510 4478 ordinate.
1551 4412 1619 4477 sive
1641 4413 1785 4478 discussa
1807 4414 1874 4480 sive

214 4523 390 4588 indiscussa
412 4545 508 4588 causa
528 4523 665 4609 proferte
687 4522 886 4602 sententiam,
909 4521 947 4586 de
970 4544 1032 4608 qua
1054 4521 1130 4586 estis
1153 4520 1303 4585 rationem
1326 4518 1435 4584 divino
1457 4515 1574 4581 iudicio
1594 4516 1762 4594 reddituri,
1784 4516 1875 4582 dum-

213 4626 322 4708 modo,
350 4629 432 4693 sicut
463 4649 556 4714 saepe
584 4625 738 4707 diximus,
766 4626 826 4692 hoc
854 4625 1038 4692 deliberatio
1060 4635 1164 4692 vestra
1186 4623 1367 4711 provideat,
1401 4632 1437 4686 ut
1458 4643 1520 4708 pax
1549 4622 1671 4690 senatui
1693 4623 1874 4709 populoque

212 4729 356 4796 Romano
378 4732 527 4822 submota
549 4732 634 4796 omni
657 4732 839 4798 confirsione
861 4729 1019 4795 reddatur
1040 4729 1183 4811 (Thiell.
1199 4752 1224 4793 c.
1247 4752 1277 4815 p.
1293 4723 1484 4804 676-4679).

315 4837 438 4915 Quarta
467 4835 606 4922 synodus
638 4835 674 4900 X
702 4835 777 4902 Kal.
798 4835 882 4901 Nov.
910 4834 1019 4900 habita
1047 4833 1167 4899 Romae
1196 4831 1380 4915 (Palmaria)
1408 4853 1446 4894 ex
1473 4829 1621 4894 facultate
1652 4852 1672 4894 a
1697 4852 1769 4916 rege
1799 4829 1874 4896 data

213 4937 434 5025 Symmachum
465 4941 603 5006 absolvit
609 4965 618 5020 ;
647 4939 818 5006 adversarii
847 4949 884 5004 ut
911 4940 943 5003 in
970 4939 1103 5024 gratiam
1130 4960 1200 5002 cum
1228 4959 1312 5024 papa
1333 4934 1470 5000 redirent
1492 4942 1740 5014 commonentur,
1768 4935 1875 5021 paeni-

211 5045 351 5110 tentibus
381 5045 473 5110 venia
499 5045 710 5132 promittitur,
737 5045 905 5110 renitentes
934 5043 1061 5108 statutis
1091 5042 1250 5107 canonicis
1279 5048 1440 5106 terrentur.
1469 5058 1510 5088 -2
1540 5038 1627 5104 Huic
1655 5037 1776 5124 syuodo
1801 5046 1874 5123 post

210 5171 326 5233 paucos
349 5149 416 5214 dies
440 5148 716 5232 (Vmidum.)
739 5149 849 5237 quinta
872 5147 1019 5213 adiuncta
1034 5157 1093 5227 est,
1114 5147 1165 5211 cui
1186 5145 1322 5233 praefirit
1337 5144 1544 5230 Symmachus
1559 5165 1642 5230 papa
1658 5143 1691 5206 iu
1706 5142 1874 5228 pristinum

210 5260 325 5318 statum
348 5254 519 5319 restitutus.
564 5263 658 5340 atque
685 5255 762 5320 haec
782 5253 898 5349 ⁸habita
926 5262 974 5318 est
1004 5253 1036 5316 in
1066 5251 1196 5316 basilica
1218 5249 1302 5315 beati
1324 5249 1427 5329 Petri,
1453 5247 1539 5335 quod
1567 5270 1628 5312 non
1658 5268 1733 5310 casu
1754 5245 1873 5310 factum

209 5366 266 5422 est.
309 5381 380 5423 cum
402 5359 485 5423 enim
508 5367 600 5422 antea
621 5357 762 5444 episcopi
785 5357 817 5421 in
840 5357 918 5422 alias
949 5355 1094 5422 basilicas
1122 5378 1155 5420 se
1177 5353 1468 5440 congregavissent,
1496 5353 1569 5438 quia
1590 5351 1704 5415 Petrus
1727 5350 1873 5416 visitator

209 5460 369 5528 basilicam
392 5462 478 5528 Petri
510 5464 625 5528 intrare
646 5463 749 5528 noluit
771 5468 816 5549 (p.
832 5466 883 5542 60,
895 5465 946 5529 28.
969 5465 1020 5542 61,
1034 5462 1088 5542 12)
1095 5509 1104 5540 ,
1130 5467 1196 5524 tum
1228 5459 1413 5524 auctoritate
1440 5455 1689 5522 adversariorum
1718 5454 1873 5518 infirmata

209 5565 260 5631 vel
282 5567 408 5634 sublata
434 5591 517 5657 papa
545 5569 710 5658 episcopos
738 5567 779 5634 ad
806 5590 840 5632 se
866 5567 1045 5648 arcessivit,
1072 5575 1104 5630 et
1132 5565 1286 5655 episcopi,
1315 5563 1369 5650 qui
1400 5571 1491 5627 antea-
1516 5581 1618 5648 papae
1644 5568 1871 5646 praeceperant,

208 5666 291 5736 dicto
313 5670 380 5738 eius
402 5669 566 5738 audientes
589 5682 673 5738 sunt.
