4538 6436
422 373 462 438 38
916 367 1032 422 xxxix
1052 367 1173 434 (aaran.
1192 369 1217 430 a,
1235 369 1271 435 a),
1290 367 1337 422 xn
1357 367 1479 436 (arrsr.
1499 368 1524 430 a,
1544 367 1578 434 r).

420 543 591 630 pervenire
620 541 768 627 perfecti.
813 541 886 604 volo
920 561 994 606 esse
1020 543 1215 627 paginarum
1244 543 1394 627 praevius
1424 541 1614 618 destinator,
1645 546 1681 603 ut
1711 539 1892 603 Galliarum
1920 537 2008 601 bona
2036 535 2078 602 ad

419 647 551 711 Italiam
573 647 714 729 migrent
737 644 807 708 sine
831 645 898 708 ullo
922 644 1046 711 formae
1071 668 1150 712 snae
1174 647 1330 711 translata
1359 645 1541 732 dispendio.
1587 667 1629 709 an
1658 644 1794 709 forsitan
1823 643 1962 729 putabas
1986 649 2019 706 te
2044 642 2076 706 in

421 770 625 836 quocumque
649 748 712 812 loci
735 746 932 828 delitiscere,
957 770 1053 833 quem
1077 751 1234 820 scientiae
1262 751 1319 814 lux
1347 752 1445 836 longe
1471 751 1650 837 positorum
1679 747 1884 812 monstrabat
1906 747 2077 833 aspectui?

389 856 455 921 fet
478 854 540 918 nisi
562 874 615 918 me
639 853 671 916 in
694 850 847 917 laudibus
870 854 935 918 tuis
959 853 1139 918 domestica
1168 853 1299 938 quidem
1331 855 1456 934 relatio,
1486 853 1543 919 sed
1571 874 1631 938 per
1659 851 1845 937 inperitiam
1873 851 1923 915 sui
1952 870 2079 935 pauper

421 954 576 1042 angustet
600 964 632 1022 et
655 956 855 1043 amplissima
877 956 1066 1021 meritorum
1090 962 1219 1020 tuorum
1249 957 1424 1042 praeconia
1451 953 1600 1021 relatoris
1624 960 1708 1019 artet
1731 953 1876 1018 exilitas:
1908 953 2078 1039 utriusque
2144 968 2155 1002 ³

420 1060 652 1147 bybliothecae
674 1059 785 1136 fibula,
818 1059 1030 1146 perfectionis
1053 1080 1096 1124 ex
1124 1061 1255 1145 gemino
1287 1061 1389 1126 latere
1420 1058 1581 1124 venientis
1609 1064 1719 1145 partes
1748 1058 1907 1122 maximas
1937 1079 2078 1123 momor-

421 1164 505 1244 disti,
521 1163 725 1251 proourando
738 1171 774 1227 ut
785 1164 842 1228 tali
859 1163 1026 1248 ingenium
1043 1168 1134 1227 tuum
1151 1165 1322 1230 saturitate
1338 1165 1570 1251 pinguisceret.
1605 1168 1699 1227 taceo
1718 1182 1846 1226 summa
1857 1161 1892 1225 in
1904 1163 2078 1228 ecclesiam

422 1269 574 1335 caelestis
607 1269 772 1333 conlatum
802 1266 955 1332 beneficii
989 1274 1022 1332 et
1054 1266 1183 1331 dotibus
1217 1269 1286 1332 sine
1322 1268 1464 1333 humano
1498 1267 1659 1333 adiutorio
1693 1266 1843 1353 supernis
1873 1265 2080 1333 instructum.

420 1380 510 1439 recte
535 1371 620 1437 enim
643 1371 705 1436 hoc
728 1372 917 1436 aestimatur
940 1372 1051 1436 venire
1076 1370 1115 1435 de
1139 1372 1275 1457 superis,
1299 1371 1386 1457 quod
1406 1373 1490 1436 inter
1505 1370 1651 1434 homines
1667 1370 1756 1434 nullo
1773 1374 1898 1434 constat
1913 1371 2077 1456 exemplo.

390 1473 480 1543 3sed
504 1478 587 1542 haec
609 1477 724 1541 melius
753 1476 911 1539 secuturis
941 1475 1008 1540 vita
1036 1475 1152 1540 comite
1180 1497 1297 1540 censeo
1324 1475 1522 1541 reservanda
1548 1472 1758 1560 temporibus.
1804 1473 1845 1538 ad
1868 1473 1947 1538 illud
1970 1475 2078 1556 venio,

420 1583 452 1645 in
485 1602 548 1667 quo
576 1601 629 1644 me
664 1579 921 1644 seiunctissimus
956 1579 1147 1645 instruxisti.
1192 1586 1347 1664 quantum
1378 1578 1492 1645 habuit
1527 1579 1749 1665 praesentium
1780 1579 1944 1664 portitoris
1973 1580 2078 1643 sancti

421 1684 539 1749 Felicis
563 1683 713 1764 adsertio,
738 1684 770 1747 in
794 1683 941 1769 epistulis
965 1683 1046 1747 meis
1071 1684 1140 1746 siue
1164 1703 1242 1746 eura
1264 1681 1395 1747 dictatis
1419 1682 1601 1747 Romanam
1624 1681 1857 1767 aequalitatem
1881 1687 1913 1744 ct
1935 1680 2078 1747 Latiaris

421 1786 528 1852 undae
552 1769 669 1853 venam
691 1788 842 1852 alumnus
865 1783 1017 1850 Rhodani
1040 1787 1264 1872 perquirebas.
1302 1787 1457 1851 sollicitus
1481 1786 1576 1852 credo
1600 1793 1761 1850 scrutator
1784 1791 1817 1848 et
1840 1783 1977 1870 diligens
2001 1784 2079 1870 quid

389 1892 500 1957 llima
522 1892 642 1978 poliret
664 1891 798 1972 invenit,
825 1890 902 1954 dum
924 1911 984 1976 per
1005 1889 1199 1955 infabricata
1221 1890 1323 1955 rerba
1345 1889 1550 1956 discurreret.
1594 1890 1757 1954 nescimus
1782 1910 1846 1975 qua
1867 1888 1945 1973 quid
1967 1895 2079 1955 mente

422 1995 519 2060 homo
543 1996 660 2080 legerit
682 1994 767 2081 quod
790 1994 851 2059 hae
874 1993 996 2080 profert
1018 1993 1253 2059 deliberatione
1278 1995 1496 2061 senteutiam?
1519 1994 1662 2059 maxime
1686 2015 1758 2059 cum
1781 1993 1936 2079 scriptum
1960 1994 2001 2058 sit
2099 2060 2100 2063 ,

286 2110 400 2206 “ilffigss-
780 2116 849 2202 ipse
871 2135 990 2201 parens
1014 2107 1134 2196 ratum,
1158 2117 1309 2202 princeps
1331 2115 1511 2198 Heliconis,
1535 2115 1698 2180 Homerus

291 2217 398 2265 ‘⁷⁴)¹³⁸·
849 2216 965 2283 iudicis
989 2220 1119 2305 excepit
1141 2219 1208 2285 tela
1230 2241 1345 2286 severe
1367 2226 1474 2285 notae.

423 2359 500 2424 ergo
525 2339 586 2404 etsi
609 2339 779 2426 indigenas
803 2346 836 2404 et
859 2339 945 2403 inter
967 2338 1148 2404 studiorum
1171 2361 1301 2404 suorum
1324 2341 1470 2425 palestra
1498 2344 1646 2404 versatos
1668 2338 1761 2403 fulcit
1783 2338 1940 2418 latinitas,
1963 2338 2081 2404 mirum

423 2442 520 2522 dictu,
550 2444 636 2527 quod
661 2451 749 2509 amat
779 2451 964 2511 extraneos.
1011 2445 1168 2530 periclum
1197 2445 1305 2509 facere
1335 2443 1376 2508 de
1409 2443 1614 2528 eloquentiae
1644 2463 1765 2528 pompa
1794 2463 1858 2506 non
1885 2442 1991 2506 debeo
2019 2463 2080 2506 nec

389 2552 595 2632 5praeeumo
629 2547 770 2633 qualiter
804 2549 875 2633 quis
908 2548 1018 2612 valeat
1052 2548 1209 2632 experiri,
1245 2567 1317 2612 eum
1349 2547 1589 2633 professionem
1622 2565 1730 2609 meam
1763 2546 1902 2630 simplici
1938 2545 2081 2610 sufficiat
2133 2563 2138 2574 ·

423 2650 554 2716 studere
579 2650 756 2717 doetrinae.
802 2653 829 2714 si
862 2673 914 2714 me
942 2657 1052 2714 tamon
1081 2650 1243 2737 quondam
1271 2649 1450 2714 studiorum
1479 2649 1662 2713 liberalium
1695 2649 1800 2714 adhuc
1829 2651 1974 2714 novitate
1998 2671 2081 2736 gau-

422 2753 555 2818 dentem
578 2755 692 2840 aliquis
715 2754 773 2818 tali
796 2754 895 2819 dente
920 2755 1093 2840 tetigisset,
1116 2775 1283 2840 parassem
1305 2753 1358 2818 vel
1381 2753 1466 2838 quod
1490 2751 1531 2818 ad
1554 2754 1800 2819 excusationem
1823 2761 1913 2820 esset
1927 2753 2081 2821 idoneum

390 2857 474 2920 6ch
503 2857 589 2942 quod
616 2878 681 2921 non
709 2856 849 2942 puderet
878 2857 1052 2922 obiectum.
1098 2878 1184 2921 nunc
1215 2858 1298 2936 vale,
1333 2857 1376 2920 mi
1406 2855 1545 2932 domine,
1577 2861 1609 2920 et
1640 2858 1726 2922 cirea
1755 2879 1807 2922 me
1837 2858 2081 2923 ecclesiasticae

426 2962 529 3046 magis
562 2960 754 3046 disciplinae
784 2981 903 3026 exerce
934 2961 1103 3027 fautorem.
1148 2962 1254 3026 scribe
1284 2960 1337 3025 vel
1366 2959 1500 3038 manda,
1534 2959 1779 3024 Melchisedech
1811 2967 1966 3047 parentes
1999 2983 2079 3047 quos

424 3066 591 3146 habuerit,
626 3065 891 3151 explanationem
922 3085 1032 3144 arcae,
1067 3065 1321 3128 circumcisionis
1351 3069 1513 3130 secretum
1542 3070 1588 3150 et
1603 3084 1687 3149 qnae
1717 3063 1887 3149 profeticis
1915 3066 2080 3151 mysteriis
2147 3076 2157 3110 ·‘·

423 3169 642 3235 includuntur.
687 3170 748 3232 ista
778 3190 860 3255 quae
890 3173 966 3232 suut
1001 3169 1218 3233 saecularium
1252 3167 1419 3232 schemata
1449 3173 1651 3253 respuantur,
1687 3166 1818 3233 caducis
1847 3170 1974 3234 intenta
2002 3191 2079 3256 per-

424 3275 641 3346 suasionibus,
666 3273 753 3338 telao
777 3273 894 3336 similia
917 3272 1135 3357 Penelopeae.

1095 3561 1158 3629 XIr
1181 3561 1290 3647 (aaran.
1315 3567 1344 3642 2,
1371 3562 1414 3648 7).

1012 3756 1248 3832 ENNODIVS
1275 3757 1489 3834 FIRMINO.

392 3914 404 3971 l

535 3903 671 4020 Exiget
694 3933 770 3998 licet
792 3954 884 3998 amor
906 3935 991 4019 quod
1016 3957 1079 4000 non
1109 3943 1218 4022 potest
1246 3937 1382 4022 implere
1405 3935 1564 4023 perfectio
1590 3943 1623 4000 et
1646 3937 1788 4022 inpetrat
1805 3937 1936 4017 caritas,
1960 3943 1997 4001 nt
2019 3959 2080 4026 per

421 4038 586 4122 loquellae
610 4037 780 4103 audaciam
804 4061 888 4124 quae
911 4062 1028 4106 ornare
1052 4047 1182 4128 poterat
1205 4048 1319 4128 pereat
1343 4062 1418 4127 spes
1443 4040 1581 4122 tacendi,
1611 4042 1752 4106 maxime
1777 4062 1849 4105 cum
1873 4043 1914 4105 sit
1938 4040 2077 4122 dicendi,
2132 4083 2136 4096 -

276 4138 458 4244 {¹34J1313s·ut
486 4141 610 4205 Tullius
638 4141 748 4222 refert,
779 4144 838 4207 nisi
872 4163 944 4208 cum
977 4147 1162 4210 necessaria
1190 4146 1284 4209 nimis
1312 4146 1423 4230 inepta
1451 4144 1613 4210 condicio:
1652 4143 1709 4208 sod
1738 4144 1822 4207 inter
1855 4145 2078 4210 narrationum

421 4245 489 4309 vias
514 4251 548 4310 et
571 4245 690 4310 itinera
716 4247 895 4332 aperienda
924 4249 1009 4314 falce
1039 4248 1207 4313 doctrinae
1237 4250 1342 4313 teneri
1370 4250 1499 4313 nescius
1530 4250 1646 4312 virium
1675 4247 1933 4314 consideratione
1962 4256 2079 4334 regnat

390 4347 579 4414 2adfeetus.
625 4350 821 4435 inperatoris
845 4351 915 4414 loco
939 4351 1122 4416 dominatur
1144 4352 1245 4415 semel
1269 4352 1494 4438 penetralibus
1517 4352 1622 4416 cordis
1644 4352 1746 4415 infixa
1767 4351 1909 4432 dilectio,
1941 4352 2078 4418 eredens

697 4509 840 4516 *⁴*-

524 4624 730 4680 3dilitiscireB
851 4625 1001 4696 bauguatit
1019 4626 1064 4679 B1
1134 4629 1249 4680 relatoris
1264 4627 1303 4692 B,
1326 4630 1458 4695 perlatoris
1476 4630 1550 4680 ceteri
1670 4627 1882 4697 bbybliotlrecae
1901 4627 1929 4696 (y
1947 4630 1975 4682 in
1994 4627 2083 4695 22¹th

421 4709 559 4780 partiaB¹
663 4710 876 4783 lpinguesceret
894 4715 918 4763 V
983 4732 1082 4768 summa
1100 4715 1128 4766 in
1144 4715 1244 4780 scripsi,
1261 4733 1387 4768 summam
1405 4715 1465 4766 libri
1533 4715 1666 4766 ecclesiam
1679 4713 1714 4779 Β,
1733 4733 1781 4768 om.
1800 4717 1875 4770 court
1984 4712 2078 4767 Soon-

421 4799 501 4852 latum
524 4800 616 4868 scripsi
637 4819 690 4852 aaa
711 4801 764 4853 rinc
786 4801 953 4864 dubitatione,
976 4803 1103 4854 conlatam
1122 4802 1182 4853 libri
1322 4799 1356 4851 10
1379 4802 1426 4854 bae
1450 4819 1506 4868 rap.
1526 4803 1571 4852 lia.
1590 4818 1604 4852 c
1622 4801 1650 4866 V,
1672 4803 1719 4854 hac
1731 4802 1756 4853 L
1895 4799 1928 4853 1⁶2
1950 4801 2039 4855 felices
2052 4800 2079 4853 Β

423 4883 456 4936 13
473 4887 562 4940 rodani
583 4888 681 4940 codices
796 4885 829 4938 14
846 4889 983 4940 infnbiceta
1000 4887 1049 4939 Ba
1135 4907 1186 4955 qua
1209 4890 1271 4956 quid
1292 4888 1347 4952 ΤΒ,
1369 4890 1430 4954 quia
1451 4889 1512 4954 qnid
1528 4883 1682 4950 VLT10P,
1707 4890 1767 4954 quia
1789 4889 1851 4955 qnid
1874 4903 1925 4954 qua
1941 4883 1984 4939 Bb
2008 4897 2075 4940 recte

416 4973 481 5037 sort.
495 4975 599 5039 etquod
610 4973 747 5026 delendo-m
836 4971 869 5024 15
886 4975 1098 5026 diliberationeB
1150 4975 1309 5027 scribtuan
1396 4973 1428 5024 16
1440 4971 1576 5038 Homerus]
1590 4991 1695 5026 umerus
1708 4973 1736 5025 B
1819 4973 1850 5025 17
1866 4972 1977 5042 excepit]
1991 4976 2076 5042 excipi

422 5056 516 5123 (trop.
535 5057 637 5124 scr.)B
742 5057 774 5110 18
792 5077 853 5126 orgo
872 5058 952 5112 Ire-ret.
970 5061 1040 5113 raiae
1059 5061 1096 5112 cd
1113 5061 1210 5127 Synrm.
1227 5081 1253 5127 p.
1270 5065 1331 5124 246,
1349 5078 1410 5128 rogo
1429 5059 1489 5111 libri
1556 5061 1683 5126 indigenis
1701 5059 1798 5112 Horret
1866 5059 2079 5125 uersatusBVl,

422 5145 530 5196 uerutis
548 5145 726 5198 ternaria
811 5146 886 5198 fulcit
908 5147 1012 5211 scripsi,
1036 5148 1113 5215 fulgit
1129 5147 1190 5211 BV,
1213 5149 1273 5199 fulit
1290 5148 1326 5210 L,
1350 5149 1433 5215 fulget
1448 5148 1494 5197 rel.
1627 5144 1660 5196 19
1678 5148 1748 5213 quod
1760 5143 1824 5211 BC,
1845 5147 1967 5214 sliquodll
1985 5146 2038 5212 (uel
2057 5150 2079 5200 si

422 5246 491 5282 man.
510 5235 526 5281 2
543 5249 600 5298 sup.
619 5232 675 5293 tra.)
695 5231 723 5296 V,
744 5233 787 5284 uel
804 5234 826 5284 ai
845 5232 876 5296 L,
898 5234 967 5300 quod
985 5235 1007 5285 si
1025 5235 1052 5296 T,
1073 5235 1135 5300 quid
1148 5232 1188 5284 Pu
1313 5232 1348 5285 20
1365 5234 1555 5300 professiomem
1569 5230 1616 5284 Β1
1739 5232 1772 5284 21
1791 5231 1916 5302 novitate]
1941 5236 2074 5289 nobilitate

423 5313 501 5366 Sir-m.
629 5316 663 5370 24
688 5321 812 5372 fautorem
831 5316 914 5380 13171,
942 5322 1056 5372 fauorem
1074 5318 1180 5384 V2L'r,
1207 5323 1321 5374 fauorem
1344 5317 1392 5372 ΟΡ
1475 5319 1576 5386 manda]
1605 5321 1723 5372 mandata
1745 5319 1786 5369 Vl
1869 5322 2036 5375 melcisodech
2053 5321 2079 5372 Β

422 5398 456 5451 25
473 5401 610 5540 ατοΙιαθΊξ
726 5403 760 5457 26
777 5411 903 5458 scnemata
916 5404 943 5456 Β
1065 5405 1099 5458 27
1118 5408 1275 5475 Penelopeae
1293 5408 1392 5473 compsi,
1411 5408 1575 5474 ponaelopaei
1589 5405 1625 5470 Β,
1642 5409 1813 5474 poenaelopae
1829 5407 1857 5472 V,
1875 5409 2031 5475 poenelopno
2045 5407 2078 5471 L,

423 5489 546 5556 penelope
610 5487 636 5540 P

528 5596 595 5667 [XL]
631 5598 665 5652 28
683 5599 806 5669 firmino]
826 5620 851 5652 m
869 5619 925 5669 cap.
938 5601 965 5654 B
1056 5603 1091 5656 30
1109 5605 1225 5672 loquelae
1241 5604 1266 5654 V
1347 5601 1381 5654 32
1399 5606 1494 5656 itenera
1508 5603 1534 5654 Β
1587 5607 1702 5658 doctrina
1719 5616 1744 5658 et
1763 5623 1838 5658 euers
1851 5604 1880 5658 Β
1886 5615 1900 5644 ‘¹
1988 5603 2076 5657 3311-

423 5689 504 5739 feotus
521 5687 544 5736 V
610 5689 752 5741 dominator
766 5687 793 5740 Β
863 5691 1064 5756 penetrabilibus
1083 5691 1127 5742 VL
