4538 6436
863 403 922 456 nm
941 404 1063 472 (aeter.
1083 407 1107 469 a,
1130 407 1179 472 ra).
1812 407 1846 467 tt

195 570 350 656 triumphi
374 571 496 637 honore
520 575 704 658 gratuleris.
743 597 808 640 non
833 583 892 656 est,
916 585 952 642 ut
975 577 1078 658 video,
1103 579 1202 642 effeta
1219 579 1365 662 Liguria:
1391 577 1595 641 nobilitatem
1619 576 1767 663 pariendi
1792 599 1852 658 nec

195 674 228 738 iu
257 681 440 761 temporum
471 679 681 743 extremitate
713 678 872 766 deposuit
918 680 1085 746 inimicum
1114 682 1202 746 vitiis
1232 679 1337 746 adhuc
1366 687 1399 745 et
1427 681 1460 745 in
1490 681 1654 747 cineribus
1678 681 1780 745 nutrit
1802 681 1851 745 in-

196 777 358 860 cendium,
381 780 414 844 in
437 781 528 846 ouius
552 781 670 844 favillis
693 782 792 846 ultrix
815 783 987 849 criminum
1011 787 1142 850 flamma
1165 805 1228 851 non
1252 784 1389 850 moritur
1408 806 1468 849 nec
1485 785 1588 850 hostis
1605 804 1751 850 errorum
1767 784 1852 869 ignis

197 883 351 968 operitur.
389 905 486 969 quam
503 883 595 950 timui
611 907 652 950 ue
669 879 759 950 velut
775 887 938 952 exhausta
960 897 1115 964 cessaret,
1139 888 1215 954 dum
1239 889 1402 974 epistulae
1420 894 1550 953 vestrae
1574 888 1714 954 frontem
1738 887 1857 952 alicnis
1887 889 1907 948 2

196 984 356 1052 fuscatam
379 989 566 1074 praestigiis
596 989 754 1054 sollicitus
782 992 956 1058 trutinator
984 994 1182 1079 aspicerem,
1216 1013 1306 1057 more
1336 993 1481 1079 parentis
1513 992 1666 1072 adtoniti,
1697 993 1752 1077 qui
1782 1013 1855 1058 cum

197 1111 308 1156 aarum
336 1091 456 1177 pignus
485 1090 526 1156 ad
551 1092 640 1158 belle
670 1095 879 1172 transmittit,
910 1117 970 1160 nec
994 1097 1034 1160 de
1066 1097 1239 1182 explorata
1269 1118 1343 1161 esse
1367 1097 1490 1182 patitur
1512 1095 1630 1160 virtute
1653 1094 1856 1160 manifestus.

196 1194 237 1260 ad
260 1195 463 1262 incrementa
486 1195 740 1262 sollicitudinum
763 1191 944 1286 triumphos
968 1201 1014 1264 fili
1035 1207 1186 1264 numerat
1208 1221 1273 1264 non
1296 1202 1431 1287 quietis:
1461 1201 1534 1285 plus
1559 1205 1717 1285 expertae
1734 1201 1851 1264 metuit

196 1298 358 1378 felicitati,
387 1300 439 1364 cui
465 1298 673 1366 formidinem
701 1302 865 1368 ministrat
892 1305 1037 1386 affectio,
1070 1305 1147 1390 quia
1176 1305 1291 1388 ignara
1320 1303 1479 1368 cautionis
1511 1310 1561 1369 est
1590 1324 1683 1369 meus
1707 1304 1856 1368 instituta

197 1402 339 1468 victoriis
363 1409 397 1468 et
419 1402 453 1467 iu
476 1405 548 1468 acie
571 1425 661 1468 amer
691 1405 797 1470 laudis
828 1407 941 1472 salutis
971 1407 1103 1472 oblivio.
1148 1408 1255 1492 tropei
1286 1415 1402 1492 gustus
1432 1406 1576 1471 abdicari
1603 1408 1742 1493 imperat
1771 1407 1854 1473 lucis
1889 1405 1908 1466 3

198 1506 361 1572 affectum.
408 1527 505 1593 sapor
528 1508 616 1574 vitae
640 1508 712 1573 illos
741 1514 868 1574 tantum
894 1509 1055 1595 possidet,
1087 1511 1142 1596 qui
1165 1509 1206 1576 de
1236 1509 1439 1574 conflictibus
1463 1511 1626 1576 venientia
1653 1509 1739 1575 bona
1767 1511 1858 1575 nulla

197 1607 389 1676 didieemut.
428 1631 561 1697 semper
576 1610 617 1676 ad
633 1611 771 1696 gloriam
788 1612 943 1697 iungitur,
967 1612 1054 1697 quod
1070 1612 1110 1676 de
1133 1613 1367 1677 incolumitatis
1390 1613 1542 1700 propriae
1565 1635 1644 1679 eura
1666 1613 1862 1680 decesserit:

197 1712 255 1778 sed
284 1713 364 1778 mihi
396 1713 692 1800 inpraesentiarum
723 1714 1004 1801 supersedendum
1035 1723 1085 1780 est
1113 1715 1297 1781 huiusmodi
1320 1717 1509 1802 scriptione.
1555 1739 1620 1782 non
1644 1725 1720 1782 sunt
1747 1707 2002 1812 militissllssmpfl·

197 1817 299 1881 nostri
321 1817 396 1903 plus
420 1816 641 1904 praedicanda
664 1839 761 1904 quam
791 1819 975 1885 adserenda
1003 1821 1192 1885 certamina.
1237 1820 1294 1884 ubi
1324 1820 1439 1886 iaculis
1470 1842 1552 1908 opus
1582 1828 1650 1900 est,
1681 1821 1782 1887 verba
1810 1821 1856 1885 nil

199 1921 382 1988 conferunt.
426 1922 505 1988 licet
528 1923 755 2008 promulgasse
778 1924 975 1989 senteutiam
998 1945 1104 1988 meam
1127 1924 1242 2005 fuerit,
1275 1923 1351 1988 dum
1374 1931 1517 1990 vestram
1540 1924 1710 2011 praedico,
1742 1924 1857 1992 etheo
1891 1921 1911 1980 4

200 2025 242 2088 sit
263 2024 463 2111 respondere
486 2024 574 2112 quod
598 2047 756 2112 responsa
780 2027 925 2102 laudare,
949 2025 1003 2092 dei
1027 2033 1138 2092 tamen
1161 2049 1258 2113 opem
1281 2033 1434 2113 precatus
1451 2029 1650 2094 obsecutura
1664 2028 1741 2095 fidei
1757 2029 1858 2094 verba

198 2128 377 2215 subiuugo,
408 2129 449 2195 ad
478 2130 570 2196 illum
600 2138 793 2196 convertens
823 2132 889 2197 stili
918 2133 984 2196 mei
1013 2133 1152 2206 cultum,
1186 2132 1254 2216 qui,
1289 2132 1440 2217 quotiens
1468 2132 1640 2198 scribenda
1667 2137 1718 2198 est
1744 2133 1859 2197 infelix

198 2233 304 2298 curvis
322 2239 410 2298 terra
425 2234 622 2314 vomeribus,
646 2255 682 2299 se
700 2234 830 2300 famulis
848 2235 916 2300 suis
932 2237 1079 2320 germina
1103 2236 1308 2300 conlaturum
1331 2236 1492 2320 promittit
1515 2257 1598 2317 esse,
1622 2257 1705 2323 quae
1728 2236 1859 2309 iaciant,

198 2335 351 2402 dicendo:
389 2340 465 2403 ‘nou
494 2339 643 2424 cogitetis
671 2338 750 2424 quid
777 2339 973 2424 loquamini;
1001 2345 1096 2425 pater
1124 2339 1211 2403 enim
1235 2345 1345 2404 vester
1368 2339 1496 2424 estqui
1520 2339 1719 2425 loquiturin
1742 2336 1856 2404 vobis’.
1898 2333 1977 2438 ξξζῖξξζ

199 2441 269 2526 ipse
293 2461 370 2526 ergo
393 2440 435 2506 ad
459 2440 670 2508 sanciendam
694 2443 844 2529 promissi
859 2444 1032 2508 veritatem
1048 2443 1158 2508 veniat
1173 2449 1207 2506 et
1227 2444 1298 2528 ipse
1321 2443 1387 2507 oris
1410 2443 1476 2507 mei
1498 2441 1665 2508 labantem
1689 2442 1858 2507 confirmet
1892 2444 1911 2503 5

119 2565 131 2600 ·.
200 2542 384 2624 infantiam,
416 2553 452 2611 ut
480 2546 709 2612 elucidationis
739 2552 871 2612 nostrae
897 2546 1102 2611 concinnatio
1127 2567 1192 2610 non
1215 2546 1394 2610 inhumana
1415 2545 1574 2611 videatur.
1620 2545 1678 2611 sed
1701 2544 1779 2629 quid
1803 2544 1858 2610 diu

198 2646 388 2733 replicanda
423 2647 684 2735 circumloquor?
737 2670 838 2713 unum
868 2670 968 2734 rogo,
1003 2656 1038 2714 ut
1061 2671 1120 2735 pro
1153 2649 1285 2714 modulo
1316 2671 1390 2714 meo
1421 2649 1581 2736 rescripta
1612 2654 1767 2714 taxentur
1797 2669 1859 2714 nec

199 2757 330 2837 putetur
359 2757 416 2816 aut
446 2751 512 2837 legi
542 2759 599 2817 aut
629 2752 815 2818 defensioni
844 2753 960 2820 deesse
995 2753 1081 2839 quod
1112 2754 1235 2820 nescio.
1280 2775 1376 2838 ergo,
1409 2759 1445 2817 ut
1475 2753 1652 2838 scriptione
1680 2752 1858 2832 testamini,
1893 2753 1912 2813 e

199 2855 351 2920 inventus
383 2861 435 2920 est
462 2855 575 2937 homo,
609 2857 662 2942 qui
693 2878 806 2922 servos
831 2856 966 2936 Christi,
999 2855 1272 2944 quemadmodum
1296 2858 1368 2944 ipse
1391 2857 1542 2942 promisit
1566 2877 1639 2920 esse
1663 2854 1859 2936 faciendum,

201 2959 261 3025 sub
285 2960 347 3025 bae
371 2961 545 3027 occasione
569 2962 738 3042 cribraret,
762 2962 918 3029 adserens
934 2961 975 3026 de
993 2962 1120 3027 arbitrii
1138 2962 1290 3027 libertate
1314 2961 1438 3026 homiui
1462 2961 1495 3050 in
1517 2981 1583 3025 uua
1606 2965 1732 3024 tantum
1755 2967 1858 3046 parte,

122 3079 134 3116 ε’
199 3084 283 3150 quae
307 3062 452 3130 deterior
474 3071 535 3138 est,
559 3065 704 3150 eligendi
727 3065 837 3131 datam
861 3087 936 3132 esse
959 3066 1151 3131 licentiam?
1197 3065 1461 3130 oscismaticam
1484 3064 1753 3150 propositionem,
1776 3083 1860 3147 quae
1896 3062 1913 3122 7

199 3167 291 3232 iuxta
313 3169 539 3255 apocalypsim
562 3170 701 3256 scriptas
725 3170 826 3236 habet
849 3171 882 3234 in
906 3171 1013 3236 fronte
1029 3170 1245 3236 blasfemias!
1285 3189 1368 3254 quae
1392 3168 1456 3233 ista
1478 3167 1615 3233 libertas
1633 3174 1694 3248 est,
1720 3168 1747 3232 si
1763 3166 1861 3242 valet,

200 3269 379 3350 edisserat,
409 3272 466 3337 ubi
488 3272 550 3338 hee
574 3272 670 3338 datur
693 3275 799 3338 solum
822 3275 907 3340 velle
932 3273 1019 3358 quod
1042 3274 1173 3359 puniat,
1197 3280 1254 3338 aut
1276 3293 1377 3358 quare
1401 3273 1598 3337 electionem
1620 3271 1783 3348 nominet,
1806 3268 1862 3333 ubi

200 3397 298 3441 unam
322 3381 448 3441 tantum
472 3383 597 3464 partem
620 3376 743 3442 adserit
772 3378 876 3442 fuisse
906 3383 1121 3442 concessam?
1167 3377 1253 3463 quod
1282 3377 1309 3440 si
1339 3376 1477 3440 veritate
1512 3374 1722 3454 subsisteret,
1754 3375 1862 3438 locum

201 3477 310 3544 divina
332 3478 452 3545 iudicia
475 3501 540 3544 uon
562 3480 733 3546 haberent.
771 3479 848 3565 quid
872 3481 959 3546 euim
983 3479 1061 3545 boni
1085 3501 1103 3543 a
1125 3479 1218 3545 nobis
1241 3481 1322 3544 deus
1346 3485 1458 3544 noster
1482 3484 1571 3544 recte
1594 3483 1777 3563 quaereret,
1800 3475 1857 3561 qui
1870 3471 1925 3564 ¹2⁶3
1937 3468 2014 3576 pipat.

203 3584 426 3671 adpetentiam
453 3586 524 3650 eius
552 3585 593 3650 de
622 3586 790 3650 uoluntate
820 3585 1051 3650 subtraxerat?
1097 3585 1155 3651 sed
1185 3587 1277 3648 iuxta
1304 3583 1506 3669 apostolum:
1537 3578 1704 3667 ‘numquid
1733 3580 1862 3664 iniquus
1897 3535 1918 3641 3

202 3687 307 3754 deus?
341 3686 450 3753 absit’.
494 3688 581 3754 iuter
603 3689 751 3754 homiues
775 3709 795 3752 a
818 3689 899 3754 recti
922 3688 1090 3753 discordat
1117 3690 1253 3766 affeetu,
1286 3687 1341 3770 qui
1365 3707 1385 3750 a
1409 3684 1566 3750 subiectis
1590 3682 1695 3768 exigit
1717 3680 1804 3768 quod
1826 3682 1967 3746 iusum-s,
1984 3697 2015 3739 1⁴-

201 3798 367 3881 potestate
391 3813 457 3857 nou
480 3793 609 3858 tribuit:
641 3792 703 3856 hoc
733 3792 860 3858 dedeo
892 3813 956 3877 qua
985 3791 1186 3856 conscientia
1218 3789 1377 3855 sentiatur
1406 3789 1579 3855 advertite.
1623 3788 1680 3852 ubi
1703 3793 1755 3852 est
1781 3783 1862 3850 illud

201 3896 343 3984 apostoli
374 3895 545 3962 clamantis
578 3903 610 3962 et
638 3918 697 3982 pro
732 3895 858 3960 arbitrii
893 3896 1047 3961 libertate
1079 3895 1246 3960 testantis:
1283 3895 1379 3958 ‘velle
1411 3891 1542 3957 adiacet
1571 3892 1666 3972 mihi,
1703 3890 1969 3976 perficeremur,
1985 3891 2016 3946 rs.

203 4006 313 4065 autem
337 4021 402 4064 nou
425 3998 589 4066 iuvenio’t
634 3999 712 4084 quid
735 4006 786 4064 est
809 3998 899 4064 aliud
922 4000 985 4065 nisi
1008 3999 1135 4064 dicere:
1172 3999 1248 4062 novi
1272 3996 1424 4062 dextrum
1454 3997 1517 4061 iter
1544 3996 1684 4080 eligere,
1717 3992 1776 4059 aed
1799 3993 1864 4057 uisi
1897 3995 1917 4056 9

203 4103 441 4189 ingredientem
466 4102 585 4168 iuverit
608 4103 714 4188 gratia
737 4123 893 4188 superna,
923 4103 1078 4166 lassabo?
1123 4122 1219 4166 nemo
1243 4100 1388 4180 dubitat,
1417 4121 1513 4165 neme
1538 4099 1748 4178 condemnat,
1776 4094 1863 4182 quod

203 4214 335 4273 auctore
366 4207 488 4292 gratie,
520 4213 724 4293 protestante
755 4213 789 4270 et
817 4206 904 4292 ipso,
937 4207 1112 4290 aequitatis
1142 4204 1330 4269 hominibus
1362 4204 1453 4268 callis
1477 4203 1632 4288 aperitur.
1677 4200 1746 4266 dux
1775 4200 1862 4264 euim
1878 4200 1917 4260 10

203 4310 360 4375 bonomm
391 4317 424 4375 et
452 4331 646 4396 praecessor
673 4315 722 4374 est
751 4309 874 4394 gratia,
908 4309 1037 4395 quaudo
1068 4308 1206 4372 caelitus
1240 4307 1413 4393 multiplici
1444 4305 1486 4370 ad
1515 4306 1662 4391 requiem
1689 4304 1865 4369 invitemur

202 4415 344 4494 hortatu,
367 4413 497 4500 quando
520 4413 616 4479 uobis
639 4414 771 4479 dieitur:
806 4415 936 4492 ‘venite
960 4413 1016 4490 lili,
1039 4411 1150 4477 audite
1173 4409 1248 4476 me'.
1294 4411 1426 4490 ‘venite
1456 4408 1633 4490 benedieti,
1657 4408 1759 4495 patris
1783 4406 1859 4486 mei,
1898 4400 1979 4504 {55¹3

205 4518 371 4604 possidete
395 4526 545 4604 paratum
568 4517 660 4582 vobis
684 4517 843 4604 regnum’.
887 4516 954 4580 ‘ubi
978 4538 1040 4602 ego
1066 4537 1147 4594 sum,
1172 4514 1218 4578 ibi
1242 4514 1304 4578 erit
1328 4519 1361 4577 et
1383 4512 1534 4576 minister
1556 4508 1670 4575 meus’.
1717 4508 1776 4574 sed
1798 4507 1863 4572 uisi
1899 4504 1979 4610 iffi

204 4624 324 4689 talibus
355 4623 486 4688 monitis
517 4629 550 4687 et
579 4623 732 4686 voluntas
762 4627 875 4686 uestra
904 4641 987 4705 quae
1015 4621 1118 4684 libera
1147 4625 1199 4684 est
1226 4624 1259 4683 et
1289 4616 1382 4680 labor
1409 4620 1557 4701 praestet
1579 4613 1789 4699 obsequium,
1821 4608 1917 4676 sd10l·
1931 4614 1963 4660 e,
1977 4615 2010 4655 ²⁶·

207 4727 390 4814 periculum
424 4733 458 4792 et
491 4726 677 4812 gehennam
713 4745 779 4790 neu
814 4725 953 4810 imperio
989 4725 1113 4808 aliquo,
1156 4720 1215 4786 sed
1248 4724 1366 4806 sponte
1399 4717 1613 4784 devolvimur.
1664 4717 1774 4804 itaque
1809 4718 1915 4781 autll

309 5023 323 5075 1
342 5025 409 5076 effe·
419 5032 445 5076 ta
461 5023 485 5074 V
585 5022 602 5074 5
619 5023 757 5076 trocbrator
768 5021 794 5070 Β
863 5021 964 5073 attoniti
981 5020 1004 5068 V
1106 5018 1122 5068 e
1141 5019 1291 5069 ruanilestus
1303 5016 1337 5079 B,
1354 5031 1462 5067 securam
1474 5016 1549 5066 ceteri
1652 5010 1668 5064 'f
1685 5009 1866 5078 triumphusB

205 5111 241 5162 fili
253 5112 287 5175 B,
304 5112 351 5163 filii
370 5111 446 5163 ceteri
527 5117 647 5178 expertae
657 5109 694 5173 B,
712 5115 817 5176 exparte
833 5107 859 5172 (a
870 5107 898 5158 ia
910 5124 924 5158 e
936 5123 1003 5158 corr.
1017 5114 1040 5156 et
1051 5123 1067 5156 a
1079 5122 1135 5170 rap.
1148 5120 1162 5156 e
1175 5121 1224 5154 aer.
1237 5119 1268 5152 m.
1286 5100 1309 5164 1)
1324 5101 1353 5162 V,
1370 5109 1474 5168 experta
1487 5100 1585 5151 eTeP
1703 5095 1720 5148 9
1738 5098 1819 5164 tropei
1831 5094 1866 5160 B,

205 5197 303 5264 trophei
315 5206 359 5250 eet.
460 5196 493 5250 10
509 5197 623 5265 possedit
633 5195 658 5247 Β
757 5194 791 5246 12
808 5195 980 5248 scribticneB
1080 5191 1112 5244 14
1129 5209 1212 5244 aream
1224 5191 1376 5242 sententiam
1387 5189 1466 5241 Sirm⁴
1574 5187 1605 5239 lb'
1618 5188 1662 5254 qui
1674 5186 1707 5250 B,
1724 5203 1775 5253 quo
1787 5185 1863 5237 celeri

205 5369 376 5424 scribtioueB
470 5366 504 5421 23
519 5369 646 5424 seruusB
747 5369 782 5421 24
794 5370 904 5421 en'baret
916 5369 957 5419 Va
1048 5365 1083 5418 25
1095 5366 1264 5418 scismaticum
1278 5365 1335 5429 (alt.
1348 5381 1363 5416 a
1374 5364 1402 5414 ia
1415 5361 1463 5427 lit.)
1474 5361 1500 5413 B
1591 5359 1625 5412 26
1636 5360 1801 5428 apocalypsin
1814 5357 1867 5422 Vt,

205 5458 274 5524 apud
285 5458 416 5525 calypsem
425 5457 452 5507 B
512 5458 620 5510 scribtae
629 5457 654 5508 B
715 5457 887 5524 blasphemias
900 5455 925 5505 V
1025 5453 1060 5506 38
1072 5453 1217 5506 subsisterit
1226 5451 1251 5501 Β
1355 5447 1391 5501 30
1403 5449 1573 5516 appetentiam
1585 5446 1610 5495 V
1710 5443 1742 5496 31
1762 5445 1784 5496 si
1801 5445 1868 5496 iuter

207 5543 302 5596 Hartel
367 5541 493 5609 homiues]
514 5543 633 5595 bunranis
644 5543 697 5607 Ba,
719 5545 830 5595 hominis
841 5543 884 5594 13⁶
944 5544 1031 5609 exiget
1042 5542 1067 5592 B
1170 5536 1205 5590 32
1223 5539 1283 5590 illut
1294 5537 1340 5587 Ba
1444 5531 1479 5586 33
1497 5535 1589 5586 ediscit
1600 5533 1625 5583 B
1729 5530 1763 5583 34
1781 5537 1867 5584 autem

206 5647 253 5680 om.
269 5630 303 5681 cb
389 5628 424 5681 35
441 5631 556 5682 lassabor
570 5628 651 5680 Tere
737 5628 772 5681 36
789 5638 878 5682 autore
890 5629 915 5678 Β
966 5631 1063 5697 gratiae
1075 5628 1133 5680 ePc
1187 5631 1343 5693 protestante
1356 5623 1389 5686 B,
1407 5629 1537 5690 prestante
1555 5619 1630 5672 ceteri
1681 5615 1746 5684 ipso]
1759 5617 1813 5684 ipse
1824 5615 1870 5668 ΟΡ

206 5723 229 5770 et
241 5715 319 5772 Sirm.
431 5713 466 5772 38
484 5717 521 5768 tili
534 5714 568 5784 Β,
589 5715 637 5767 filii
654 5717 729 5770 ceteri
797 5723 881 5786 patres
893 5713 963 5765 BV²
1073 5711 1107 5765 39
1124 5709 1243 5780 regnum]
1258 5711 1382 5780 gaudium
1396 5708 1431 5761 Ob
1543 5703 1576 5758 41
1595 5703 1753 5756 diuoluiauur
1764 5701 1872 5753 BVLT
