4538 6436
787 398 961 454 LIBELLVS
981 399 1051 452 Pil-O
1071 399 1226 454 SYNODO.
1789 405 1830 466 63

175 569 336 650 oneravit,
360 571 401 636 ad
425 572 607 636 abiuratam
631 571 735 636 redite
758 570 973 636 concordiam.
1014 574 1068 659 pio
1085 594 1141 636 vos
1160 573 1242 648 sinu,
1267 573 1350 636 sicut
1365 573 1480 640 habuit
1496 575 1667 654 hacteuus,
1690 573 1832 639 ccclesia

175 679 279 739 mater
313 675 462 763 accipiat.
514 696 690 760 numquam
724 681 775 739 est
803 695 875 738 sera
908 677 1078 741 correctio.
1128 677 1189 740 scit
1204 735 1205 738 ,
1221 676 1277 740 diu
1312 684 1490 762 expectare
1523 676 1685 743 inmodico
1720 676 1849 744 labore·

177 776 356 861 quaesitos:
391 779 496 844 nescit
530 799 590 864 pro
626 776 745 843 vilibus
780 778 951 863 despicere
986 801 1104 864 magno
1138 780 1243 866 pretio
1279 787 1481 866 conparatos.
1534 781 1644 846 multis
1677 779 1831 866 gradibus

175 899 325 944 recursus
341 887 390 945 est
408 879 622 946 adsalutem:
646 887 776 967 praeter
791 880 1020 967 desperantem
1037 882 1143 946 nullus
1160 882 1360 947 excluditur:
1384 884 1508 950 fructus
1524 884 1641 949 veniae
1665 884 1831 970 proximus

106 1035 111 1046 ,
176 989 227 1048 ost
259 1003 409 1051 coronae.
453 984 555 1051 nolite
586 984 818 1070 Symmachum
851 1009 970 1076 papam
1002 991 1160 1076 pressuris
1189 991 1305 1055 vestris
1335 991 1460 1058 iuvare:
1495 991 1522 1055 si
1550 1011 1626 1056 reus
1656 995 1720 1070 est,
1752 989 1831 1054 mihi
1846 987 1905 1048 104

175 1084 312 1164 credite,
348 1107 422 1152 curn
452 1088 633 1154 cessaverit
663 1089 826 1158 humanae
858 1093 1101 1178 inpugnationis
1136 1093 1368 1173 ministerium,
1402 1095 1546 1160 divinum
1576 1114 1654 1158 mox
1686 1092 1832 1158 succedit

174 1189 354 1256 arbitrium.
398 1211 507 1256 nonne
530 1192 563 1257 in
584 1191 839 1278 splendidissimi
862 1197 1036 1280 cognitoris
1059 1196 1154 1261 lance
1185 1194 1355 1282 praedicto
1387 1205 1444 1263 aut
1473 1219 1581 1284 poena
1607 1195 1746 1264 debetur
1776 1203 1832 1262 aut
1945 1225 1947 1230 ’

173 1293 375 1378 praemium?
420 1295 623 1380 syllogismos
647 1316 667 1360 a
694 1318 746 1361 me
778 1319 965 1364 sermonum
994 1306 1027 1363 et
1055 1299 1223 1364 schemata
1251 1321 1315 1365 non
1345 1302 1519 1386 quaeratis.
1564 1301 1696 1387 antiquo
1723 1298 1830 1365 adhuc

175 1402 248 1461 utor
269 1403 340 1463 rete
363 1404 435 1484 post
458 1398 624 1464 homiuem
647 1407 681 1466 et
707 1400 840 1466 inrisam
864 1424 884 1468 a
906 1401 1108 1489 sapientibus
1140 1403 1263 1468 saeculi
1293 1405 1479 1470 cumbulam
1510 1426 1575 1470 non
1603 1403 1730 1490 reliqui.
1775 1402 1831 1468 illa

96 1528 124 1570 ro
178 1521 230 1566 mc
245 1521 305 1587 per
319 1500 432 1567 mundi
448 1502 533 1568 freta
549 1509 723 1570 sustentat.
762 1505 844 1570 ditat
859 1505 1031 1592 probatum
1054 1507 1088 1570 in
1111 1507 1262 1592 captione
1286 1507 1452 1573 hominum
1476 1514 1557 1590 rete,
1580 1507 1665 1594 quod
1687 1506 1830 1572 cernitis.

78 1628 102 1671 r·
117 1623 157 1663 ur
175 1602 295 1670 Redite
326 1627 423 1691 ergo,
456 1608 533 1691 quia
559 1607 638 1693 fuga
660 1629 717 1672 vos
743 1629 804 1673 nec
834 1606 910 1672 dum
939 1609 1056 1672 essetis
1085 1615 1233 1694 agrestes
1263 1611 1390 1695 cripuit.
1436 1612 1556 1676 currite
1583 1609 1625 1675 ad
1655 1610 1758 1691 ovile,
1788 1628 1830 1674 ne
1845 1606 1905 1670 105

176 1707 325 1793 luporum
342 1730 400 1775 vos
424 1711 597 1797 exponatis
619 1711 754 1793 insidiis,
777 1733 819 1777 ne
842 1733 901 1799 per
924 1734 1048 1778 moram
1071 1714 1228 1778 amittatis
1244 1714 1383 1799 gratiam
1399 1721 1514 1801 sponte
1531 1717 1729 1791 venientum
1754 1713 1830 1799 quia

176 1817 397 1898 contemptam
419 1814 647 1881 invitationem
669 1816 824 1902 gehenna
846 1815 1068 1902 subsequitur.
1104 1837 1166 1901 ego
1191 1817 1217 1881 si
1240 1816 1318 1903 quid
1341 1816 1523 1884 dulcedinis
1545 1825 1582 1884 ut
1604 1824 1699 1904 pater
1722 1816 1829 1898 debui,

175 1915 302 2002 siquid
326 1915 537 1984 districtionis
553 1926 589 1984 ut
609 1920 795 1987 adtributus
812 1941 832 1986 a
847 1919 909 1986 deo
932 1921 1090 2006 magister
1113 1921 1246 2007 inplevi.
1283 1922 1452 2007 providete
1476 1943 1517 1987 ne
1540 1919 1660 1986 diutius
1683 1920 1828 2007 qualem-
1845 1915 1906 1977 106

95 2046 121 2084 rs
175 2039 313 2105 cumque
345 2022 448 2086 crucis
478 2043 573 2088 meae
608 2024 765 2109 angulum
800 2046 874 2090 rara
904 2025 1077 2090 levitarum
1114 2047 1235 2090 corona
1266 2024 1459 2104 circumdet,
1494 2047 1535 2090 ne
1563 2024 1706 2091 dolenda
1734 2026 1832 2091 etiam

175 2125 342 2191 extraneis
365 2125 399 2191 iu
422 2126 556 2213 longum
579 2128 718 2194 solitudo
747 2128 940 2212 dominetur,
970 2152 1011 2196 ne
1040 2130 1136 2195 labor
1165 2130 1252 2196 uteri
1279 2131 1344 2194 mei
1373 2129 1554 2194 sterilitatis
1576 2129 1648 2196 vice
1678 2128 1832 2194 hostilem

174 2228 360 2312 peperisset
391 2229 549 2297 familiam
578 2237 611 2298 et
640 2254 816 2300 numerosa
845 2235 955 2322 proles
985 2256 1045 2322 per
1074 2234 1222 2299 sinistros
1253 2240 1345 2298 actus
1378 2232 1645 2299 infecunditatem
1676 2232 1832 2320 parientis

175 2330 336 2399 ostendat.
381 2355 487 2420 pauca
508 2342 584 2400 sunt
612 2357 696 2423 quae
723 2338 869 2420 adserui,
903 2339 961 2406 sed
990 2345 1113 2424 quanta
1140 2360 1183 2402 ex
1210 2336 1260 2402 his
1282 2335 1449 2423 pendeant
1471 2336 1652 2403 aestimate.
1698 2336 1829 2416 ‘venite
1867 2325 1950 2428 {2³2³ss

175 2434 236 2516 lili,
267 2435 378 2504 audite
410 2459 475 2502 me:
512 2439 661 2507 timorem
697 2442 819 2509 domini
850 2444 945 2509 docui
975 2442 1052 2509 voa'
1102 2443 1242 2508 Romam
1271 2443 1439 2529 respicite,
1473 2463 1571 2528 quam
1599 2440 1642 2507 ab
1670 2440 1831 2506 idolorum
1847 2434 1906 2498 107

94 2563 123 2602 sc
177 2541 336 2607 servitute
360 2542 432 2608 sine
454 2545 536 2624 auri,
561 2545 631 2610 eine
655 2548 784 2632 argenti
806 2549 913 2634 pretio
937 2548 1076 2614 liberam
1099 2547 1266 2632 sanguinis
1284 2546 1405 2612 Ohristi
1421 2547 1499 2612 fecit
1515 2546 1642 2625 effusio,
1666 2545 1718 2609 cui
1735 2543 1833 2608 etiam

175 2664 282 2709 meam
316 2645 436 2711 servuli
467 2647 518 2712 sui
551 2655 689 2714 mertem
719 2651 813 2716 iussit
846 2650 996 2737 inpendi,
1031 2673 1115 2736 quae
1147 2670 1206 2737 per
1234 2650 1337 2714 multa
1368 2655 1518 2735 tempora
1545 2647 1681 2713 famosis
1711 2646 1833 2710 cultum

175 2746 318 2814 delubris
335 2749 496 2832 exhibuit,
520 2772 604 2837 quae
622 2753 676 2818 diu
695 2762 852 2820 venerata
868 2763 918 2820 est
934 2756 967 2818 in
983 2755 1182 2840 imaginibus
1198 2756 1394 2818 daemonum
1417 2773 1514 2839 quem
1537 2751 1708 2817 laborante
1732 2770 1833 2814 censu

179 2851 343 2918 indiderat
364 2876 481 2921 manus
504 2858 662 2943 magistra
684 2865 851 2939 terrorem,
877 2878 961 2948 quae
984 2859 1133 2944 suspexit
1155 2862 1355 2942 potestatem
1377 2855 1546 2920 numinum
1569 2860 1712 2940 emptam
1727 2852 1832 2938 pretio

179 2957 401 3038 metallorum,
434 2960 489 3024 cui
520 2961 728 3028 sublimiores
757 2962 834 3028 deos
862 2964 991 3050 peperit
1019 2953 1234 3032 exercitatior
1257 2982 1373 3026 manus
1401 2959 1532 3024 artificis
1562 2965 1596 3024 et
1618 2957 1832 3034 divinitatem,

89 3080 120 3120 ’Β
176 3081 273 3146 quam
301 3061 400 3127 homo
428 3083 488 3148 per
506 3049 675 3130 ¹fabricam
706 3068 857 3148 contulit,
889 3067 976 3154 apud
1005 3067 1154 3132 homines
1182 3065 1236 3130 dei
1265 3064 1381 3130 habuit
1409 3063 1515 3130 forma
1541 3063 1709 3128 maiorem.
1756 3055 1908 3126 ecce108

175 3165 240 3229 iam
268 3164 397 3230 Christo
425 3168 566 3254 propitio
595 3169 636 3234 ad
666 3191 768 3235 novas
802 3171 952 3236 fornaces
986 3171 1159 3235 simulacra
1189 3169 1373 3242 redierunt;
1408 3189 1485 3233 ecce
1516 3167 1582 3232 iam
1611 3166 1652 3231 de
1680 3164 1830 3230 obsoleta

75 3305 100 3346 ρ.
114 3295 156 3336 us
175 3269 410 3355 superstitione
437 3292 516 3337 usus
544 3279 654 3339 vester
682 3274 823 3361 accipiat
851 3275 937 3361 quod
965 3277 1117 3354 laetetur,
1149 3274 1226 3340 dum
1255 3272 1295 3338 de
1320 3273 1424 3338 veteri
1447 3278 1580 3337 tonante
1604 3291 1688 3336 nova
1710 3269 1826 3334 merito

175 3372 310 3438 vaseula
326 3381 575 3460 praeparantur.
614 3375 691 3462 quid
706 3377 792 3443 hauc
815 3378 996 3444 adnitimini
1019 3378 1256 3464 interrumpere
1280 3377 1443 3462 quietern?
1480 3373 1557 3462 quid
1579 3373 1711 3440 laedere
1734 3360 1982 3476 vonis¹·“1¹{¹·„}'‚⁰l,⁵f⁸

175 3476 409 3543 intentionibus
432 3478 648 3544 felicitatem?
687 3482 933 3546 excusationem
958 3503 1023 3546 non
1046 3481 1146 3546 habet
1169 3480 1259 3544 furor
1282 3480 1355 3560 iste,
1380 3480 1406 3543 si
1423 3477 1566 3544 creditis.
1605 3499 1670 3543 non
1692 3479 1829 3542 interest
1849 3465 1943 3520 ΜΒ·
1957 3471 1978 3512 ²¹

91 3603 121 3642 sc
176 3582 296 3668 quibus
324 3581 497 3648 itineribus
527 3582 569 3649 ad
596 3583 707 3649 mundi
739 3586 920 3670 principem
952 3591 1062 3650 currat
1084 3585 1138 3670 qui
1162 3607 1182 3648 a
1204 3589 1316 3648 sancta
1339 3583 1464 3646 unitate
1488 3580 1650 3648 desciscit.
1694 3580 1833 3666 pingues

174 3686 298 3752 hostias
314 3687 387 3753 litat
403 3686 535 3752 diabolo
551 3689 607 3773 qui
623 3689 795 3753 contristat
810 3689 995 3755 ecclesiam.
1031 3708 1131 3752 vanas
1147 3709 1226 3773 ergo
1241 3685 1412 3774 repudiate
1429 3686 1627 3751 tendiculas:
1651 3685 1833 3770 simplicem
1848 3678 1909 3741 109

174 3790 276 3856 habet
299 3789 523 3858 defensionem
545 3791 635 3877 pacis
659 3793 815 3857 affectus:
850 3792 945 3858 nimis
974 3801 1119 3856 armatus
1150 3797 1214 3871 est,
1245 3791 1299 3877 qui
1328 3790 1384 3854 illa
1412 3811 1495 3875 quae
1526 3788 1731 3855 adversarius
1755 3807 1833 3852 oon-

174 3892 307 3960 cordiae
330 3893 494 3960 ministrat
521 3896 589 3960 tela
618 3896 834 3982 contempnit:
867 3896 987 3960 sufficit
1015 3902 1130 3960 contra
1159 3895 1268 3959 omnia
1296 3893 1404 3960 iacula
1434 3893 1613 3979 iurgiorum
1641 3890 1717 3957 fidei
1746 3889 1835 3956 nuda

175 3999 349 4085 oppositio.
388 3998 464 4084 quid
479 3999 590 4064 Eulali
613 4007 646 4066 et
660 4000 803 4067 Bonifati
827 4006 986 4086 tempora,
1010 4000 1087 4064 dum
1110 4000 1269 4064 malorum
1294 3980 1453 4063 solacium
1477 3996 1645 4082 quaeritis,
1668 3995 1834 4060 revocatis

176 4102 211 4166 in
225 4102 394 4168 medium?
431 4103 509 4189 quid
532 4104 742 4170 incrementis
765 4125 963 4170 excessuum
985 4104 1204 4190 praesentatis
1222 4109 1352 4168 vetusta
1375 4101 1528 4187 contagia
1551 4106 1584 4166 et
1607 4121 1666 4186 per
1688 4099 1833 4185 iniquam

173 4205 377 4272 voluntatem
407 4207 569 4272 senectuti
598 4209 631 4272 in
667 4208 853 4295 operiendis
887 4208 1017 4274 delictis
1050 4207 1156 4272 facitis
1187 4208 1231 4271 nil
1264 4207 1390 4271 licere?
1435 4205 1502 4270 alia
1535 4211 1611 4270 tunc
1643 4203 1704 4270 fuit
1734 4195 1909 4270 causall0

173 4308 374 4391 discordiae,
411 4317 445 4375 et
473 4310 535 4375 nisi
567 4311 729 4376 narrando
761 4333 898 4398 cogerer
930 4312 1093 4376 sustinere
1124 4316 1306 4391 transacta,
1343 4309 1552 4374 ostenderem
1583 4307 1676 4373 vobis
1707 4295 1987 4402 nullum¹⁸ig¹p⁸lg¹²4¹f³⁵

173 4415 306 4480 evenire
331 4415 488 4479 solacium
511 4414 552 4480 de
585 4417 820 4502 conparatione
848 4417 1023 4494 factorum,
1042 4415 1130 4501 quia
1157 4417 1245 4496 illos,
1274 4434 1356 4499 quos
1386 4412 1428 4477 ad
1457 4412 1645 4500 pontificale
1667 4410 1832 4496 fastigium

176 4517 351 4583 intentioni
374 4519 557 4604 obsequens
579 4519 690 4585 fervor
713 4525 880 4596 evexerat,
904 4526 1061 4605 utrosque
1085 4519 1230 4607 reppuli,
1255 4519 1340 4583 hunc
1364 4518 1468 4602 clegi:
1493 4514 1633 4603 quiade
1657 4515 1722 4580 illis
1745 4521 1831 4580 teste

177 4621 270 4686 exitu
292 4641 389 4686 nemo
412 4621 492 4686 mihi
515 4622 653 4708 placuit,
684 4623 725 4688 de
748 4623 819 4688 istis
847 4632 960 4690 contra
987 4624 1119 4708 regulas
1150 4625 1307 4688 nitentem
1337 4621 1510 4708 profugum
1534 4620 1612 4699 feci,
1642 4624 1832 4706 provectum

175 4724 323 4809 legitime
346 4724 468 4789 mundo
492 4726 693 4811 inpugnante
718 4728 857 4792 servavi.
897 4726 990 4792 scitis
1006 4726 1069 4790 ista
1092 4745 1152 4791 neo
1175 4745 1261 4790 nova
1284 4729 1370 4803 sunt,
1392 4722 1480 4808 quia,
1503 4720 1657 4786 dumille
1680 4719 1832 4801 truditur,

175 4889 303 4896 ————-
531 4891 588 4898 --.

281 5019 295 5070 1
316 5021 432 5072 oneravit
449 5020 554 5085 scripsi,
575 5021 692 5072 onerabit
704 5021 740 5084 B,
762 5021 884 5073 onerabat
900 5023 975 5073 ceteri
1056 5021 1149 5072 eclesia
1164 5019 1189 5070 Β
1310 5017 1328 5070 3
1346 5019 1478 5086 quaesitus
1491 5016 1625 5081 BVNJS,
1649 5017 1770 5084 quaesitis
1783 5015 1837 5066 ΒΤ

172 5108 299 5175 dispicere
309 5105 359 5158 BA
464 5103 482 5157 4
494 5107 662 5173 disparentem
672 5107 698 5156 Β
792 5103 818 5159 ’8
835 5115 946 5160 scemata
958 5107 983 5158 Β
1091 5105 1108 5157 9
1126 5113 1179 5158 rete
1191 5103 1295 5168 131710,
1313 5106 1360 5158 reti
1372 5106 1418 5156 rel.
1484 5111 1544 5156 utor
1561 5101 1625 5171 rete]
1644 5111 1673 5154 ut
1684 5103 1770 5154 horret
1782 5100 1834 5152 ΑΒ

174 5192 211 5247 10
228 5195 338 5247 comites
355 5193 381 5245 Β
508 5191 540 5245 13
557 5193 694 5245 dulcidinis
711 5193 736 5244 Β
857 5191 890 5245 14
907 5195 1046 5247 attributus
1066 5193 1091 5244 V
1209 5190 1241 5241 lb
1259 5192 1415 5244 leuuitarum
1432 5188 1473 5240 Β1
1596 5185 1628 5239 16
1646 5189 1791 5240 sterelitatis
1809 5188 1834 5239 B

173 5279 209 5334 l'l
227 5283 355 5351 peperisse
373 5281 452 5334 Siros.
550 5281 627 5347 prolis
644 5280 669 5331 Β
764 5288 834 5334 actos
849 5281 875 5332 B
972 5281 1093 5349 parientis
1111 5281 1148 5344 Β,
1171 5279 1284 5347 parentis
1305 5277 1380 5330 ceteri
1520 5273 1552 5328 19
1574 5276 1611 5326 fili
1628 5274 1664 5339 Β,
1689 5275 1736 5326 dlii
1758 5274 1834 5327 ceteri

171 5367 211 5422 20
227 5369 334 5422 liberam
351 5385 407 5436 sup.
426 5369 471 5422 lic.
485 5367 510 5418 B
612 5365 647 5420 23
664 5376 756 5420 emtam
769 5367 794 5418 Β
898 5365 933 5418 24
950 5367 1106 5420 sublimioris
1117 5366 1144 5416 B
1211 5366 1275 5418 deus
1289 5364 1314 5415 B
1416 5360 1450 5414 27
1468 5363 1576 5431 accipiat
1588 5361 1625 5429 B,
1649 5363 1743 5430 accipit
1759 5362 1835 5413 ceteri

172 5455 210 5508 28
226 5455 376 5508 adnitemini
390 5455 414 5506 B
487 5451 596 5521 laedere]
615 5453 699 5506 ledere
712 5453 737 5504 B
756 5463 790 5518 (et
806 5453 904 5506 Isidori
921 5454 977 5506 cod.
996 5453 1081 5504 Paris.
1095 5452 1198 5504 38521.
1211 5450 1254 5515 a),
1276 5450 1364 5502 ludere
1382 5450 1457 5500 ceteri
1571 5447 1607 5500 30
1624 5449 1737 5502 disciscit
1748 5446 1834 5511 BVL,

172 5542 302 5593 discordat
315 5540 366 5591 ΑΒ
495 5539 528 5590 31
547 5540 650 5592 diabulo
663 5539 688 5590 Β
775 5541 883 5593 ccclesia
895 5539 920 5590 Β
925 5537 935 5575 ¹
1065 5537 1099 5590 34
1117 5540 1194 5592 eulali
1212 5538 1248 5602 Β,
1265 5537 1352 5589 eulalii
1371 5536 1446 5587 ceteri
1531 5535 1639 5588 bonifati
1652 5534 1689 5598 B,
1713 5534 1834 5586 bonifacii

171 5628 250 5682 ceteri
326 5635 477 5680 reuocantes
488 5626 514 5678 B
634 5624 667 5680 38
686 5625 825 5698 fastigium]
844 5627 974 5680 fmtidium
987 5624 1151 5678 aluam
1268 5621 1302 5674 39
1319 5623 1460 5674 intentione
1478 5619 1545 5671 Van
1667 5617 1700 5672 41
1719 5621 1796 5672 scitas
1808 5619 1834 5670 B

173 5709 234 5786 uec]
253 5713 332 5768 nond
