4566 6532
443 321 505 384 318
870 315 992 372 CDlsVll
1010 315 1135 384 (EPIST.
1151 318 1177 382 9,
1194 318 1249 385 29),
1267 316 1403 373 GDLVIII
1422 265 1548 384 (uulsa
1563 317 1589 380 9,
1606 317 1661 384 30).

440 491 542 557 vestri
565 491 717 556 celeriter
738 490 1015 576 subplemeutum,
1043 495 1081 554 ut
1108 491 1247 572 litteras,
1277 492 1391 576 quales
1418 512 1477 578 per
1504 489 1677 554 sublimem
1707 489 1810 554 virum
1835 483 2112 570 Tranquillinum

442 616 513 658 snm
536 601 699 681 precatus,
722 595 890 679 accipiam.
930 594 980 658 his
1001 601 1112 658 tamen
1136 595 1235 659 aliam
1257 596 1352 659 vobis
1372 593 1551 660 miserendi
1564 595 1650 658 viam
1664 593 1750 658 bena
1767 613 1899 657 morum
1916 597 2111 654 vestrorum

410 701 594 764 tconscius
608 700 784 766 exhibebo.
823 697 970 764 (lamella
992 720 1112 786 parens
1132 721 1207 764 mea
1221 701 1306 764 intra
1323 698 1448 764 Gallias
1471 706 1505 763 θῖ
1519 698 1686 763 viduitatis
1708 698 1865 762 miseriae
1889 701 1927 760 et
1950 694 2110 780 geminae

441 803 506 867 iam
530 803 729 889 captivitatis
751 802 968 867 subcubuisse
990 803 1095 868 fertur
1116 803 1341 868 incommodis.
1379 823 1475 868 nemo
1492 808 1552 880 est,
1577 803 1632 888 qui
1648 808 1714 865 tam
1730 800 1937 888 multiplices
1953 796 2108 862 necessi-

440 913 525 970 tates
555 912 687 992 praeter
716 906 941 971 celsitudinem
976 912 1120 971 vestram
1151 908 1256 994 possit
1287 915 1447 972 avertere.
1493 908 1625 992 generis
1657 907 1722 970 mai
1755 913 1916 990 patronus
1947 900 2039 988 quod
2074 902 2107 963 iu

440 1009 539 1075 ltalia
567 1011 681 1096 positis
710 1011 884 1097 praestitit,
914 1031 979 1074 non
1003 1015 1104 1095 neget
1130 1011 1164 1075 in
1195 1010 1315 1090 Gallia,
1342 1016 1379 1075 ut
1408 1012 1461 1074 vcl
1492 1011 1532 1074 dc
1561 1009 1728 1074 casellulis
1758 1011 1863 1096 ipsius
1895 1006 2107 1072 ordinatione

408 1113 551 1177 tvestra
573 1111 649 1176 dum
673 1111 715 1178 ab
738 1114 786 1178 eis
809 1113 879 1178 fisci
903 1134 1004 1178 onera
1025 1113 1224 1194 deriventur,
1247 1114 1289 1178 ad
1307 1114 1475 1202 praefatae
1500 1114 1656 1178 alimenta
1672 1113 1847 1178 sufficiant.
1887 1110 2026 1174 domine
2049 1109 2105 1186 mi,

441 1215 648 1281 salutationis
665 1217 800 1282 servitia
822 1215 1013 1302 dependens
1037 1239 1128 1302 rogo,
1151 1223 1188 1281 ut
1210 1220 1402 1303 portitorem
1424 1218 1647 1306 praesentium
1671 1217 1837 1282 homiuem
1855 1237 1981 1294 meum,
2006 1234 2103 1300 quem

440 1319 588 1384 adhaec
622 1319 836 1404 exsequenda
867 1319 1041 1400 destinavi,
1074 1321 1137 1386 deo
1168 1321 1263 1386 vobis
1296 1322 1477 1407 inspirante
1509 1321 1552 1386 ad
1579 1342 1632 1386 mc
1664 1341 1738 1384 cum
1768 1321 1892 1386 effectu
1923 1319 2103 1384 eminentia

441 1429 552 1488 vestra
572 1423 686 1488 iubeat
708 1444 905 1490 commeare.
946 1424 1103 1510 numquid
1125 1424 1274 1490 dubitare
1297 1424 1339 1489 de
1362 1426 1635 1512 postulationibus
1660 1425 1729 1488 suis
1752 1444 1829 1489 eum
1853 1423 2023 1501 convenit,
2047 1421 2101 1505 qui
2150 1450 2172 1487 a

442 1547 478 1592 se
501 1527 591 1592 novit
614 1528 714 1592 ctiam
735 1526 802 1608 illa,
825 1548 910 1612 quac
933 1548 999 1592 non
1022 1534 1230 1615 poposcerat,
1253 1529 1461 1615 inpetrasset

1048 1833 1229 1904 totvm
1251 1837 1363 1924 (uersu
1379 1842 1409 1914 9,
1427 1837 1493 1923 30).

1036 2015 1086 2090 ΙΝ
1116 2014 1310 2090 CHRISTI
1343 2014 1499 2090 SIGNO.

411 2159 425 2219 ¹
550 2145 692 2241 Natura
715 2195 824 2240 rcrnm
847 2180 907 2252 est,
939 2182 976 2238 ut
999 2176 1099 2240 edam
1129 2175 1267 2240 idonens
1296 2196 1354 2240 ore
1384 2175 1437 2240 vel
1466 2181 1597 2260 pectore
1627 2175 1732 2261 possit
1759 2173 1799 2238 de
1828 2175 2101 2260 praesumptione

438 2278 574 2366 culpari,
605 2279 682 2365 quia
711 2278 818 2343 omnis
850 2278 1025 2343 verborum
1053 2279 1268 2343 commoditas
1296 2279 1489 2343 humilitatis
1517 2279 1675 2342 terminos
1709 2299 1843 2363 egressa
1877 2278 2037 2358 calcatur,
2069 2282 2102 2341 et

438 2383 524 2446 sicut
546 2381 700 2448 habenda
723 2389 799 2446 sunt
822 2402 906 2468 quae
930 2381 1109 2467 exiguntur
1131 2384 1164 2446 in
1188 2385 1305 2469 pretio,
1338 2383 1384 2446 ita
1412 2382 1541 2467 ingesta
1568 2382 1733 2447 viliscunt.
1779 2382 2004 2468 inportunitas
2028 2401 2100 2445 cum

437 2486 598 2552 facundos
622 2487 786 2574 opinionis
815 2487 987 2550 nobilitate
1020 2485 1183 2572 dispoliet,
1214 2486 1378 2551 dedecore
1405 2487 1506 2550 vestit
1535 2484 1694 2552 indoctos.
1738 2485 1797 2550 sed
1827 2486 1892 2551 bac
1922 2507 1976 2550 me
1999 2485 2099 2548 ratio-

438 2589 602 2655 cinatione
626 2595 788 2668 sustento,
812 2589 888 2674 quia
904 2595 957 2654 est
971 2588 1102 2674 quidem
1118 2589 1227 2654 audax
1243 2589 1301 2654 sed
1318 2590 1468 2670 amabile,
1492 2591 1662 2676 praevium
1678 2591 1884 2676 praestitisse
1902 2609 2101 2668 sermonem,

442 2700 476 2758 et
490 2694 576 2758 sicut
590 2693 731 2758 vicinum
747 2694 954 2774 temeritatis,
977 2694 1023 2756 ita
1046 2694 1231 2780 proximum
1252 2694 1432 2778 dilgentiaa
1448 2692 1491 2757 ad
1506 2694 1675 2758 caritatem
1692 2694 1862 2780 pertinens
1878 2695 1943 2760 iter
1958 2694 2100 2780 aperire.

410 2793 527 2862 linter
550 2797 764 2862 ecclesiarum
792 2797 942 2861 homines
970 2796 1129 2883 numquid
1158 2805 1271 2862 reatus
1300 2805 1361 2878 est,
1391 2799 1419 2862 si
1449 2798 1521 2884 pari
1548 2818 1660 2863 amore
1691 2796 1923 2864 contenderint
1952 2799 2102 2885 dispares

441 2899 624 2986 dignitate?
663 2907 721 2966 aut
749 2899 915 2965 excedunt
944 2901 1062 2966 modici
1090 2901 1221 2965 honoris
1256 2902 1443 2986 angustiam
1477 2901 1532 2986 qui
1565 2899 1754 2966 desiderant
1783 2902 1940 2988 suffragio
1973 2904 2101 2987 gratiae

442 3003 656 3068 summatibus
680 3003 871 3090 conparari?
902 3025 967 3068 non
997 3004 1098 3069 habet
1121 3005 1254 3091 superbi
1287 3006 1520 3070 conscientiam
1548 3005 1603 3089 qui
1630 3027 1665 3069 ee
1695 3013 1821 3070 tantum
1852 3008 1886 3071 in
1915 3007 2103 3072 affectionis

441 3109 559 3173 muniis
589 3129 654 3173 nou
684 3109 829 3173 metitur.
874 3129 1049 3195 praesumo
1080 3106 1201 3186 dicere,
1232 3107 1376 3172 directus
1405 3107 1610 3172 subditorum
1640 3130 1730 3175 error
1757 3115 1810 3174 est
1838 3111 1892 3194 qui
1925 3111 2104 3176 inhaere

410 3210 679 3299 3praecedentes
703 3212 883 3278 antevenit.
932 3233 1009 3277 ecce
1033 3213 1080 3276 sic
1102 3219 1214 3298 partes
1246 3233 1338 3276 meas
1369 3213 1463 3296 quasi
1490 3213 1693 3278 voluntariae
1723 3213 1931 3278 allocutionis
1959 3214 2105 3279 fuscatas

441 3314 527 3380 nube
550 3315 699 3401 purgavi.
740 3314 798 3380 sed
822 3313 895 3380 dico
920 3314 1005 3402 quod
1030 3314 1070 3379 ad
1093 3314 1320 3381 defensionem
1344 3321 1472 3401 spectat
1487 3317 1695 3383 uberrimam.
1719 3319 1820 3382 lilius
1835 3327 1948 3382 vester
1963 3319 2103 3383 domnus

441 3417 611 3484 Rodanius
635 3419 748 3504 exegit
770 3441 790 3483 a
812 3441 865 3484 me
888 3421 922 3484 iu
945 3442 1040 3486 usum
1063 3421 1129 3485 stili
1152 3421 1335 3506 praesentis
1361 3441 1544 3506 erumpere.
1583 3421 1689 3485 fateor
1703 3426 1814 3486 tamen
1838 3421 1872 3485 in
1893 3422 2005 3487 studio
2030 3445 2102 3487 meo

440 3520 542 3590 fuisse
565 3522 652 3607 quod
674 3524 780 3604 iussit,
809 3524 886 3609 quia
912 3525 968 3608 qui
996 3525 1159 3588 volentem
1182 3524 1330 3608 coegerit
1351 3545 1416 3588 nou
1440 3523 1577 3588 laborat.
1623 3523 1833 3611 deogratias
1857 3526 2009 3614 principe
2033 3528 2102 3590 loco

442 3633 476 3692 et
502 3631 572 3692 tota
600 3629 763 3715 epistulae
791 3628 1042 3693 concinnatione
1069 3629 1262 3708 reseramus,
1296 3629 1372 3712 quia
1401 3629 1434 3692 iu
1466 3629 1659 3693 societatem
1689 3629 1807 3716 capitia
1839 3631 1889 3693 sui
1922 3631 2101 3716 aliquando

410 3727 593 3796 4Romana
622 3730 769 3797 membra
799 3732 957 3796 coierunt.
1002 3732 1122 3796 iustum
1155 3739 1236 3812 erat,
1270 3737 1306 3795 ut
1341 3737 1374 3796 et
1408 3732 1525 3797 beatus
1553 3732 1672 3798 Petrus
1708 3734 1877 3818 apostolus
1915 3735 1989 3800 sedi
2024 3756 2102 3801 suae

442 3835 600 3901 ecclosias
624 3841 658 3901 et
682 3836 811 3900 sensuri
833 3835 979 3901 liberiori
1002 3857 1062 3922 per
1084 3837 1250 3900 dominum
1273 3843 1384 3922 partes
1408 3835 1537 3900 debitas
1554 3834 1757 3902 reformaret.
1797 3836 1917 3922 dignus
1933 3844 2101 3923 regnator,

440 3936 545 4022 digni,
587 3942 621 4004 in
658 3961 794 4026 quorum
831 3946 942 4004 aetate
975 3947 1124 4004 votorum
1157 3961 1284 4004 summa
1316 3940 1500 4024 contigerit.
1550 3961 1625 4004 narn
1662 3942 1727 4006 etei
1760 3943 1845 4005 itura
1873 3941 1914 4005 ad
1949 3949 2102 4028 posteros

440 4040 582 4108 felicitas
603 4051 808 4129 perseveret,
831 4042 993 4108 litandum
1015 4044 1081 4108 illis
1098 4051 1148 4108 est
1162 4041 1352 4108 laudatione
1368 4045 1555 4131 praecipua,
1579 4066 1599 4109 a
1621 4046 1741 4130 quibus
1757 4048 1897 4132 sumpsit
1917 4047 2103 4114 exordium.

441 4143 503 4212 deo
526 4145 705 4214 efficaciter
729 4148 950 4236 supplicastis,
971 4154 1010 4211 ut
1032 4148 1119 4212 illius
1143 4168 1201 4212 vos
1225 4147 1330 4212 virtus
1353 4155 1493 4226 erueret,
1517 4149 1609 4213 cuius
1631 4155 1741 4235 potest
1757 4172 1889 4216 servare
1914 4153 2103 4218 clementia.

441 4248 602 4317 didicistis
626 4251 698 4316 eius
721 4258 859 4316 eventus
881 4272 1071 4338 prosperos,
1099 4272 1195 4336 quem
1220 4251 1339 4316 videtis
1372 4259 1517 4316 secutam
1544 4251 1621 4317 dum
1649 4253 1784 4319 mandat
1805 4253 1895 4319 bclla
1918 4257 2103 4321 victoriam.

410 4356 558 4441 tparum
593 4363 754 4442 superest,
789 4361 826 4418 ut
857 4354 1143 4420 mansuetudinem
1174 4355 1293 4420 mentis
1324 4355 1411 4419 illius
1439 4356 1485 4418 ita
1517 4356 1714 4441 profundam
1745 4358 1897 4440 teneatis,
1933 4361 2030 4446 quasi
2060 4361 2104 4425 sit

442 4457 558 4544 ignara
586 4459 821 4546 procinctuum.
867 4458 929 4523 deo
955 4459 1119 4524 tribuente
1147 4480 1207 4524 nce
1235 4480 1301 4544 pax
1329 4459 1401 4523 eius
1427 4458 1552 4523 turbari
1578 4459 1685 4524 dubiis
1712 4468 1822 4548 potest
1850 4485 1913 4528 nec
1943 4463 2103 4529 fortitudo

544 4751 559 4804 l
572 4753 775 4820 subplimontum
784 4753 818 4818 Β,
829 4754 1037 4821 supplementum
1050 4751 1075 4802 V
1122 4752 1210 4804 literas
1219 4751 1245 4801 Β
1296 4753 1483 4818 tranquilinnm
1492 4752 1538 4803 Ba
1624 4752 1642 4804 2
1657 4757 1789 4822 praelatura
1799 4755 1825 4806 B
1829 4763 1845 4794 ⁰
1932 4755 1950 4808 3
1967 4759 2079 4811 Camilla
2089 4759 2103 4809 t

440 4837 558 4892 mbariae
575 4839 676 4907 scripsi,
700 4841 808 4894 maceria
819 4840 853 4905 Β,
880 4841 983 4892 maaria
999 4839 1074 4891 ceteri
1204 4835 1222 4888 4
1239 4838 1410 4905 snboupuisse
1429 4855 1456 4890 se
1474 4841 1556 4891 fertur
1566 4838 1593 4890 B
1689 4843 1856 4894 succubuisse
1872 4841 1897 4890 V
2023 4843 2042 4896 5
2060 4861 2103 4912 pa·

439 4925 564 4978 tronosB
571 4925 649 4990 VLT,
667 4926 781 4993 patronis
795 4925 847 4990 ΟΡ,
864 4944 910 4978 cra.
924 4926 1004 4978 Siros.
1116 4923 1133 4976 6
1149 4925 1266 4992 prestitot
1277 4924 1303 4975 Β
1377 4927 1449 4992 uegit
1460 4926 1486 4977 Β
1561 4929 1603 4980 uel
1615 4928 1649 4992 Β,
1667 4947 1715 4981 om.
1730 4931 1805 4982 ceteri
1921 4927 1937 4980 7
1956 4933 2105 4984 diriuantur

439 5011 537 5064 codices
605 5013 638 5064 ad
656 5012 795 5066 delendam
812 5029 866 5065 cuc
884 5031 972 5065 censeo
1049 5009 1093 5078 mi]
1111 5012 1173 5063 mihi
1186 5010 1264 5061 BVL
1370 5009 1387 5062 8
1404 5013 1551 5079 dependens
1563 5013 1590 5064 Β
1700 5014 1946 5070 amanuensem
1961 5019 1995 5082 Β,
2017 5037 2104 5072 meum

439 5098 560 5152 succum
577 5099 653 5151 ceteri
758 5095 792 5150 10
809 5099 1023 5165 postolationibus
1036 5099 1062 5150 B
1166 5095 1198 5149 11
1216 5095 1302 5166 etism]
1322 5099 1374 5151 stt

544 5197 695 5268 [CDLVIII]
733 5199 766 5253 12
789 5203 941 5268 Symmacho
964 5219 1047 5270 papae
1068 5202 1145 5253 inser.
1163 5200 1242 5252 Siras.
1366 5198 1399 5252 14
1421 5202 1547 5254 omncsB
1669 5203 1702 5256 15
1719 5206 1849 5258 uileaaunt
1866 5207 1892 5256 V
2017 5208 2053 5262 16
2071 5213 2106 5262 fa-

439 5286 541 5340 cundus
552 5287 579 5337 B
669 5287 789 5340 indoctus
801 5287 827 5339 B
920 5289 1092 5341 rationationa
1108 5287 1153 5338 VL
1280 5285 1313 5339 18
1332 5287 1501 5340 timeritatatis
1512 5287 1539 5339 B
1672 5287 1705 5339 19
1722 5299 1808 5343 rentur
1819 5291 1846 5343 B
1980 5292 2017 5346 23
2035 5313 2106 5363 prae

439 5372 553 5426 dmum
564 5372 589 5423 Β
703 5371 738 5424 24
756 5373 864 5442 spectat]
883 5381 1004 5442 expectat
1015 5374 1041 5425 Β
1156 5369 1433 5424 tortuosissimus.
1513 5375 1600 5441 exiget
1610 5374 1645 5438 B,
1662 5378 1747 5444 coegit
1759 5376 1838 5429 Siron.
1958 5377 1994 5432 26
2012 5383 2107 5433 uolnu-

438 5465 519 5512 tatem
543 5459 677 5526 quosgarit
693 5460 720 5511 Β
863 5456 897 5511 27
921 5461 1046 5527 epistulae
1066 5459 1124 5523 Vn,
1148 5460 1270 5526 epistolae
1287 5459 1313 5510 Β
1416 5461 1485 5524 Quia
1507 5459 1543 5526 in]
1570 5461 1630 5513 blac
1652 5462 1778 5529 ineptam
1803 5464 1899 5515 lincam
1927 5475 1956 5516 at
1979 5468 2008 5518 in
2028 5476 2109 5534 pos-tc

438 5562 507 5598 aona
522 5543 654 5598 VLTOPt
800 5546 835 5600 28
856 5548 994 5613 quoierunt
1010 5546 1037 5598 B
1180 5542 1216 5597 30
1238 5546 1310 5613 digni
1322 5545 1429 5610 Hortel,
1451 5547 1546 5614 dignus
1562 5547 1635 5611 libri,
1656 5548 1729 5615 digni
1747 5565 1794 5600 vos
1804 5551 1871 5617 sort.
1980 5552 2106 5621 quorum]

439 5649 491 5698 quo
508 5629 660 5684 cum'Stm.
750 5629 784 5684 31
802 5633 841 5684 1111
852 5632 931 5684 Sir-ns.
1022 5631 1056 5684 32
1073 5633 1244 5701 supplicantes
1256 5631 1282 5682 B
1373 5630 1407 5682 33
1425 5632 1559 5685 dcdicistes
1571 5633 1597 5684 Β
1648 5635 1711 5686 dum
1728 5637 1833 5688 mandat
1851 5645 1970 5690 saeuum
1988 5639 2112 5692 VLTUP
