4596 6450
889 303 1023 358 CCLVIII
1041 301 1163 370 (EPIST.
1181 303 1207 364 6,
1227 302 1262 368 1),
1280 299 1385 357 CCLIX
1405 298 1528 368 (EPIS'I'.
1546 299 1571 362 6,
1589 299 1626 366 2).

1050 609 1224 678 CCLVIII
1247 610 1354 695 (srrsr.
1372 612 1402 688 6,
1422 609 1465 692 1).

995 806 1233 881 ENNODIVS
1260 804 1517 879 PARTENIO.

403 967 413 1026 ¹
541 954 627 1049 Nisi
652 990 683 1048 te
708 983 852 1048 efflictim
879 981 1048 1067 diligerem
1072 987 1106 1046 et
1127 982 1174 1066 pii
1203 980 1323 1045 amoris
1351 980 1498 1046 soliditas
1523 980 1750 1046 indemutabili
1778 977 1887 1044 radice
1910 983 2087 1054 constaret,

429 1112 562 1178 possem
584 1087 775 1152 iuiuriarum
797 1086 910 1150 dolore
934 1089 1147 1170 provocatus,
1180 1083 1233 1149 sel
1256 1105 1329 1149 cum
1353 1083 1522 1172 pueriliter
1544 1084 1696 1149 irasceris
1720 1085 1772 1148 vel
1795 1103 1868 1148 cunr
1892 1082 2089 1167 adroganter

431 1193 614 1280 supplicas,
649 1191 844 1255 conmoveri.
890 1187 973 1252 nihil
1005 1189 1091 1252 enim
1120 1189 1267 1269 invenio,
1302 1187 1387 1272 quod
1421 1189 1464 1252 sit
1499 1188 1660 1253 fabricata
1687 1187 1870 1252 bumilitate
1901 1185 2087 1272 superbius.

430 1296 580 1384 praefero
605 1293 820 1360 contumelias
844 1291 974 1357 fucatae
998 1291 1113 1356 frontis
1137 1289 1320 1378 obsequiis:
1344 1293 1462 1357 transit
1485 1291 1738 1356 amaritudinem
1759 1289 1898 1355 dulcedo
1920 1290 2084 1354 simulata.
2153 1315 2165 1350 a

400 1394 496 1465 2n0n
519 1420 601 1484 opus
624 1403 674 1463 est
697 1395 993 1482 deprecationibus,
1018 1395 1045 1458 si
1069 1417 1152 1481 quae
1175 1401 1209 1460 te
1233 1404 1351 1460 catena
1374 1402 1483 1462 nectat
1506 1396 1684 1480 intellegis.
1728 1401 1867 1482 poseant
1889 1415 1947 1480 pro
1970 1415 2089 1459 exces-

430 1504 520 1569 sibus
544 1503 683 1580 veniam,
707 1501 825 1586 quibus
846 1507 898 1564 est
921 1499 1058 1565 liberum
1081 1521 1145 1563 non
1170 1521 1297 1585 parere.
1336 1501 1381 1564 ita
1402 1501 1542 1566 famulos
1566 1500 1660 1564 nobis
1683 1498 1793 1565 iudicii
1817 1499 1968 1564 caelestis
1993 1497 2088 1562 clari-

429 1606 507 1671 tudo
531 1606 717 1692 deputavit,
748 1611 784 1668 ut
812 1605 844 1669 in
869 1623 1073 1689 quacumque
1096 1624 1189 1667 mens
1213 1610 1306 1690 parte
1331 1603 1518 1684 deflexerit,
1548 1605 1677 1669 illorum
1701 1603 1883 1670 necessitas
1906 1602 2089 1666 inclinetur.

430 1711 486 1775 ille
510 1716 647 1796 expetat
669 1710 830 1788 clemens,
860 1707 916 1793 qui
939 1707 1137 1788 districtum,
1169 1708 1197 1770 si
1220 1709 1314 1787 velit,
1339 1708 1482 1772 refutare
1505 1709 1612 1794 possit
1636 1708 1819 1794 imperium.
1864 1705 1950 1771 haud
1975 1705 2087 1791 procul

400 1814 464 1877 3te
489 1813 529 1877 ab
553 1812 616 1878 boe
639 1813 753 1877 ordine
778 1812 911 1897 evagari
935 1816 1080 1898 potestas
1102 1809 1181 1873 mihi
1212 1810 1317 1874 adeo
1340 1809 1504 1876 adtributa
1528 1807 1682 1898 patietur.
1729 1818 1842 1896 optare
1866 1818 1899 1876 tc
1923 1809 2087 1884 convenit,
2144 1830 2170 1867 ro

430 1937 472 1980 ne
496 1915 795 1994 mansuetudinem,
826 1935 921 2000 quam
952 1914 984 1977 in
1016 1934 1068 1977 me
1093 1912 1278 1998 praedicas,
1308 1915 1499 1980 meritorum
1522 1924 1653 1980 tuorum
1677 1916 1897 1981 consideratio
1921 1915 2008 1978 iusta
2031 1911 2088 1976 de-

432 2026 584 2084 venustet
613 2026 646 2084 et
669 2020 799 2106 pietatis
823 2019 986 2083 tramitem
1016 2017 1185 2103 culparum
1208 2018 1382 2083 multitudo
1407 2018 1580 2106 depretiet.
1627 2021 1720 2100 lieet,
1752 2019 1785 2082 ni
1818 2019 1928 2098 lallor,
1959 2018 2088 2082 miscri-

432 2123 572 2189 corditer
603 2122 744 2187 vindicta
772 2123 946 2186 comitatur
974 2127 1137 2186 errantem
1173 2143 1232 2186 nec
1266 2122 1334 2187 ulla
1368 2131 1419 2189 est
1448 2124 1557 2210 potior
1583 2124 1758 2211 patientia,
1796 2123 1859 2188 nisi
1887 2142 1970 2208 quae
2000 2121 2090 2185 vitiis

431 2227 557 2292 aditum
580 2249 643 2292 non
667 2227 822 2306 recludit,
846 2249 865 2291 a
889 2233 921 2290 tc
944 2234 1054 2291 tamen
1077 2226 1221 2290 facessat
1244 2227 1426 2313 indignatio
1451 2233 1578 2306 nostra,
1603 2228 1679 2312 quio
1702 2226 1788 2311 quod
1811 2225 2001 2311 deliqueris,
2025 2246 2088 2289 non

400 2330 577 2395 dinclusus
599 2331 694 2396 dolor
718 2339 750 2394 et
773 2332 878 2416 gratia
900 2331 1034 2394 fallente
1060 2335 1210 2394 servatus
1234 2330 1292 2394 sed
1315 2331 1455 2396 verbera
1478 2331 1697 2415 castigabunt.
1735 2351 1821 2394 nunc
1845 2351 1909 2393 uno
1931 2328 2027 2393 modo
2050 2329 2085 2392 in
2140 2348 2165 2384 1⁵

432 2434 618 2498 cicatricem
656 2455 775 2520 cogere
805 2436 941 2499 vulnera
975 2433 1202 2518 intemperatis
1240 2433 1445 2498 sermonibus
1484 2434 1612 2518 ingesta
1650 2434 1874 2520 praevalebis,
1914 2434 1942 2496 si
1971 2439 2003 2497 te
2032 2454 2093 2518 per

433 2536 575 2601 culmina
597 2537 743 2603 liberalis
767 2538 865 2601 studii
887 2538 1064 2622 ingenuum
1088 2535 1236 2600 doctrina
1251 2538 1494 2602 monstraverit.
1533 2539 1661 2602 veniam
1677 2538 1741 2602 nisi
1757 2538 1874 2624 peritia
1889 2537 2090 2622 suffragante

432 2661 498 2704 non
521 2641 643 2725 exiges.
682 2647 817 2721 mutata,
842 2662 906 2725 qua
929 2645 1026 2704 notus
1051 2660 1133 2720 sum,
1159 2639 1233 2723 lege
1256 2639 1413 2726 parcendi
1438 2642 1525 2706 circa
1548 2641 1693 2706 desidem
1711 2641 1881 2706 saevitiam
1897 2641 1956 2705 sub
1971 2661 2091 2726 peren-

433 2744 536 2808 nitate
561 2746 709 2810 servabo.
748 2745 833 2831 quod
857 2750 970 2823 restat,
994 2743 1090 2808 deum
1116 2765 1243 2830 precor,
1268 2750 1303 2808 ut
1320 2746 1431 2809 valeas
1449 2751 1482 2810 et
1502 2744 1542 2810 de
1561 2746 1710 2810 versibus
1734 2746 1798 2808 tuis
1823 2746 1957 2810 caelesti
1978 2745 2090 2811 lavore

433 2847 606 2914 comitatus
630 2863 723 2936 spem
747 2869 870 2935 augeas
892 2869 988 2932 quam
1011 2848 1143 2913 dedisti.
2147 2865 2174 2904 so

1074 3170 1209 3240 CCLIX
1233 3174 1342 3259 (rerer.
1359 3179 1390 3282 (ᾗ,
1407 3175 1451 3260 2).

998 3365 1002 3376 ’
1025 3367 1262 3442 ENNODIVS
1300 3368 1502 3445 FAVSTO.

405 3539 416 3597 l
554 3513 699 3609 Summa
734 3545 928 3630 gaudiorum
962 3552 1013 3610 est
1051 3545 1255 3630 oportunitas
1298 3547 1485 3632 perlatoris,
1527 3549 1581 3633 qui
1622 3549 1770 3614 minister
1809 3548 1998 3635 diligentiae
2033 3572 2095 3636 per

434 3651 649 3714 necessitates
679 3670 754 3713 suas
783 3648 952 3713 desideriis
981 3648 1173 3734 obsequium
1206 3657 1353 3735 praestat
1385 3650 1512 3715 alienis.
1558 3653 1644 3717 hunc
1667 3652 1799 3738 quidem
1823 3651 1979 3718 honestas
2002 3675 2093 3718 ccm-

433 3752 566 3818 mendat
595 3759 629 3817 et
658 3753 854 3839 peregrinus
881 3752 923 3816 ab
954 3751 1059 3816 officio
1089 3754 1282 3817 mercatoris
1311 3753 1415 3840 pudor
1442 3755 1597 3822 insinuat.
1642 3757 1788 3842 iungitur
1815 3757 1901 3842 quod
1925 3758 1955 3821 ei
1978 3758 2096 3821 notitia

433 3856 583 3920 culminis
606 3857 706 3921 vestri
730 3855 771 3920 ad
794 3856 891 3921 fidem
915 3855 1088 3942 probitatis
1113 3857 1260 3922 accessit.
1305 3879 1380 3923 nam
1406 3860 1591 3944 scriptionis
1615 3860 1823 3927 venerandae
1845 3861 1994 3945 frugibus
2017 3863 2092 3946 ipso
2151 3895 2175 3932 ρ,

403 3965 637 4026 2commeente
661 3961 797 4023 satiatus
821 3980 903 4024 sum.
949 3958 1087 4024 refundo
1111 3981 1190 4043 ergo
1215 3958 1402 4046 depositum
1425 3963 1523 4027 officii
1547 3965 1620 4049 lege
1645 3965 1841 4028 constrictus
1864 3973 1910 4045 et,
1940 3986 2036 4050 quem
2062 3967 2097 4030 in

433 4062 567 4148 Liguria
601 4064 745 4150 positum
781 4084 839 4149 pro
874 4062 988 4126 virium
1021 4061 1248 4127 mediocritate
1289 4067 1436 4152 suscepi,
1477 4067 1518 4131 ad
1552 4069 1719 4155 potissima
1757 4069 1937 4155 patrocinia
1970 4069 2098 4135 tabella

433 4175 652 4254 prosequente
683 4169 879 4233 transmitto.
926 4167 1012 4253 quod
1040 4175 1206 4253 superest,
1239 4171 1445 4236 reverentiae
1471 4178 1599 4236 vestrae
1629 4171 1780 4258 quicquid
1804 4172 1905 4236 habet
1928 4171 2097 4236 humilitas

433 4269 618 4336 devotionis
659 4272 843 4350 offerimus,
886 4272 1107 4357 supplicans,
1133 4280 1168 4336 ut
1202 4273 1330 4338 litteras
1367 4282 1493 4340 vestras
1530 4276 1583 4341 vel
1617 4297 1676 4362 pro
1716 4297 1862 4342 mearum
1896 4275 2095 4342 adsiduitate

436 4394 501 4439 ram
523 4393 660 4440 merear.
2150 4411 2177 4449 30

436 4534 562 4541 -..------.-Ι
573 4534 627 4540 --
633 4534 741 4540 ...ι-...-
747 4534 847 4540 --—.-..-.

541 4649 687 4718 [CCLVIII]
724 4650 741 4702 2
758 4653 878 4704 afflictam
890 4650 1001 4715 BVLT,
1025 4653 1119 4704 efflicte
1133 4651 1179 4703 ΟΡ
1250 4651 1354 4719 amoris]
1373 4655 1456 4708 cordis
1469 4656 1547 4708 Siras.
1670 4654 1687 4706 3
1705 4659 1799 4724 possim
1811 4657 1837 4708 Β
1909 4665 2059 4725 arroganter
2076 4658 2101 4708 V

434 4738 451 4790 4
471 4739 609 4791 fabricatae
632 4739 724 4790 frontis
737 4737 787 4804 131,
810 4756 825 4790 e
843 4739 893 4790 del.
911 4747 934 4789 et
952 4739 1095 4790 bumilitate
1113 4779 1118 4789 .
1133 4777 1159 4789 ..
1180 4739 1282 4790 fucatae
1304 4739 1332 4790 in
1349 4757 1399 4806 asp.
1417 4741 1466 4806 inf.
1484 4745 1568 4810 srqrpl.
1580 4741 1625 4794 Β2
1745 4741 1761 4793 V
1779 4745 1896 4796 caelestis
1913 4745 2001 4796 iudicii
2014 4745 2095 4796 Sina.

434 4824 451 4876 9
474 4826 590 4892 expetat]
615 4831 758 4893 expectatur
786 4823 812 4888 (c
828 4833 851 4876 et
869 4831 895 4876 at
913 4823 973 4888 del.)
990 4824 1024 4888 B,
1052 4831 1183 4892 exspectat
1203 4824 1256 4889 VL,
1282 4835 1401 4893 expectat
1418 4831 1465 4880 rel.
1571 4832 1714 4883 districtum
1736 4832 1837 4896 scripsi,
1863 4832 2011 4883 destrictum
2035 4832 2097 4883 libri

434 4913 508 4964 uellit
519 4912 570 4963 BL
650 4913 714 4964 hant
726 4911 836 4976 B⁶LT,
857 4919 903 4964 ant
915 4911 960 4962 Βιι
1085 4909 1118 4962 10
1135 4912 1259 4964 attributa
1274 4912 1299 4962 V
1418 4913 1450 4966 13
1468 4917 1588 4969 uendicta
1599 4914 1640 4967 B¹
1756 4913 1859 4969 1411011
1877 4915 1993 4982 recludit]
2019 4917 2098 4968 inter-

434 5000 516 5052 cludit
531 4997 594 5050 ΤΡ2
700 4997 733 5050 18
751 4999 840 5065 exagio
852 4997 877 5048 Β
981 4995 1016 5049 20
1034 4999 1134 5050 dedisti.
1153 4999 1210 5050 finit
1221 4998 1247 5049 Β

541 5099 664 5169 [CCLIX]
700 5100 735 5153 24
753 5103 916 5170 peregrinum
933 5100 1029 5153 Vtro
1101 5103 1249 5155 mereatoris
1267 5101 1291 5167 (s
1308 5103 1371 5156 adst
1384 5121 1417 5155 m.
1430 5105 1495 5169 ala
1606 5103 1640 5156 26
1659 5114 1790 5158 remeante
1806 5105 1851 5156 VL
1963 5102 1998 5155 29
2017 5107 2098 5159 debu-

433 5189 511 5242 tionis
523 5187 549 5241 Β
617 5205 732 5242 mearum
744 5187 793 5253 Bt,
811 5195 920 5239 metrum
937 5187 1015 5254 VLT,
1033 5195 1129 5240 metum
1143 5186 1189 5242 ΟΡ
1256 5191 1406 5244 assiduitate
1421 5191 1446 5241 V
1545 5189 1580 5243 30
1597 5209 1701 5245 merear.
1723 5195 1780 5245 finit
1792 5191 1817 5243 Β
