4566 6532
599 419 737 475 cuxvffl
756 419 879 486 (EPIST.
897 421 922 482 8,
940 420 986 486 40)
1006 449 1037 457 -
1057 419 1168 473 CDXXI
1186 419 1308 487 (urlsu.
1327 423 1351 482 8,
1368 421 1422 486 43).
1775 428 1833 488 291

185 615 270 680 quae
295 615 314 658 a
337 615 388 658 me
418 592 540 661 dudum
572 594 705 658 culmini
737 599 845 660 vestro
875 601 950 658 suut
980 594 1111 678 scripta,
1148 594 1337 679 perstrinxi,
1368 601 1405 658 ut
1434 594 1576 674 domum,
1610 595 1650 660 de
1680 617 1743 681 qua
1773 597 1838 662 lam

183 697 330 782 paginali
353 695 474 761 indicio
498 697 649 761 noluntas
672 701 782 762 vestra
805 704 855 761 est
878 697 1055 782 patefacta,
1078 697 1268 783 percipiam.
1310 700 1438 784 reliqua
1454 700 1613 784 epistolae
1631 701 1870 765 salutationis2

184 803 297 866 nuntio
320 801 515 886 mancipavi,
546 809 583 864 ut
606 802 690 866 sicut
712 799 799 886 apud
829 821 887 865 nos
916 800 1061 865 valitudo
1091 802 1124 866 in
1155 802 1294 866 statione
1322 809 1383 882 est,
1414 804 1461 866 ita
1490 802 1530 866 de
1563 805 1703 868 culmine
1729 810 1838 868 vestro

184 907 339 972 caelestis
362 904 463 971 faciat
487 906 580 970 lavor
601 905 747 990 agnosci.

807 1127 956 1197 cuxlx
980 1130 1088 1216 (urrsr.
1105 1131 1136 1210 8,
1153 1133 1218 1214 41).

781 1307 1019 1382 ENNODIVS
1046 1307 1243 1382 AGAPIO.

287 1457 519 1550 insolabiliter
541 1492 706 1549 amantum
737 1485 878 1549 ferretur
906 1485 1067 1562 absentia,
1106 1485 1169 1548 nisi
1200 1505 1296 1571 opem
1323 1484 1440 1548 darent
1469 1484 1616 1550 remedia
1644 1487 1864 1566 litterarum,l

184 1611 267 1676 quae
301 1591 426 1654 ieiunas
462 1588 704 1654 desiderantum
740 1589 865 1652 animas
899 1597 1038 1674 pascunt
1072 1609 1148 1652 esca
1182 1587 1354 1674 conloquii.
1402 1587 1486 1652 bene
1521 1591 1607 1654 enim
1637 1612 1697 1677 per
1729 1591 1837 1654 stilum

185 1694 317 1759 dilectio
351 1694 489 1757 amicam
520 1693 584 1756 sibi
616 1693 721 1779 pingit
749 1692 902 1777 effigiem,
937 1714 1009 1756 cum
1038 1713 1103 1778 qua
1133 1692 1202 1756 sine
1232 1691 1355 1756 laboris
1387 1693 1545 1776 patientia
1574 1693 1711 1758 misceat
1739 1694 1837 1757 mella

187 1817 383 1863 sermonum.
428 1796 555 1860 adhoc
581 1795 770 1880 magnitudo
795 1803 851 1860 tua
873 1796 1005 1876 artifex,
1035 1818 1076 1861 nc
1101 1797 1260 1882 inpastam
1292 1797 1430 1881 gratiam
1459 1797 1635 1882 linqueres,
1667 1797 1837 1884 scripsisti.

185 1902 291 1967 debeo
315 1899 583 1972 vicissitudinem,
607 1901 684 1984 quia
707 1920 885 1964 memorem
918 1901 983 1963 mei
1013 1905 1045 1963 te
1074 1921 1148 1963 esse
1178 1900 1325 1984 cognovi.
1370 1899 1493 1965 honore
1525 1920 1603 1984 ergo
1633 1901 1872 1966 salutationis2

186 2005 331 2069 exhibito
354 2024 446 2087 rogo,
476 2011 513 2067 ut
536 2002 622 2089 quod
653 2003 715 2067 sois
745 2002 830 2090 apud
860 2024 951 2066 caros
981 2011 1014 2066 et
1045 2002 1230 2068 adlectione
1259 2002 1427 2088 praeditos
1458 2025 1531 2069 esse
1560 2005 1750 2090 pretiosum,
1779 2005 1840 2069 sub

186 2108 426 2173 continuatione
451 2107 561 2172 facere
585 2127 649 2170 non
675 2107 816 2172 omittas.

820 2397 947 2466 cuxx
971 2401 1081 2480 (rsrsr.
1098 2403 1129 2478 8,
1147 2399 1213 2482 42).

788 2577 1025 2650 ENNODIVS
1052 2575 1244 2649 AVIENO.

295 2727 535 2839 Aegritudinis
560 2761 688 2820 vestrae
714 2754 870 2819 indicium
895 2755 926 2818 in
951 2775 1024 2818 mea
1057 2753 1196 2838 contigit
1219 2754 1465 2819 incrementum.
1512 2777 1586 2820 uam
1609 2756 1685 2820 talis
1710 2769 1868 2842 semperl

121 2915 124 2924 .
185 2866 237 2924 est
264 2880 344 2923 usus
374 2865 406 2923 et
435 2881 520 2945 pene
549 2865 666 2923 natura
695 2859 836 2934 solliciti,
865 2865 901 2922 ut
930 2859 987 2922 vix
1010 2858 1121 2922 credat
1145 2859 1300 2922 transisse
1324 2858 1410 2944 quod
1433 2859 1549 2923 metuit
1572 2865 1622 2940 et,
1656 2879 1739 2944 quac
1762 2859 1841 2924 iecit

107 3407 133 3445 20

185 2963 373 3048 redemptor
394 2969 507 3026 noster
528 2963 666 3026 caelesti
689 2963 890 3048 benignitate
921 2961 1108 3048 praetcrita,
1139 2962 1232 3046 quasi
1261 2962 1382 3026 sintin
1406 2963 1510 3027 oculis
1539 2964 1657 3042 locata,
1688 2963 1841 3050 suspiret.

184 3087 273 3146 vere,
307 3066 425 3131 domne
448 3066 588 3140 Aniene,
618 3069 681 3130 iam
706 3067 815 3131 inme
843 3067 923 3131 nihil
955 3065 995 3129 de
1024 3086 1124 3130 usura
1153 3064 1235 3129 lucis
1268 3066 1362 3130 istius
1393 3065 1457 3131 uisi
1486 3072 1597 3131 vestra
1619 3071 1745 3130 tantum
1769 3072 1842 3152 post

183 3171 334 3235 timorem
357 3169 410 3235 dei
435 3171 594 3234 remansit
617 3169 764 3234 allectio:
789 3169 920 3255 quando
943 3170 1060 3233 melius
1084 3189 1211 3233 mecum
1228 3169 1346 3253 agitur,
1370 3171 1446 3234 talis
1471 3190 1554 3252 sum,
1578 3170 1708 3256 qualern
1733 3191 1785 3235 me
1808 3171 1841 3234 in

183 3273 414 3360 desperatione
446 3273 628 3339 dimisistis.
674 3281 837 3359 superest,
869 3278 906 3337 ut
937 3272 1091 3357 precibus
1125 3273 1245 3336 vestris
1275 3279 1320 3336 et.
1338 3279 1549 3358 peccatorum
1579 3273 1730 3338 remissio
1762 3280 1873 3341 con-2

186 3378 322 3443 cedatur
345 3386 388 3460 et,
413 3379 441 3442 si
464 3378 509 3441 ita
533 3377 595 3442 deo
619 3377 758 3458 videtur,
791 3398 850 3462 pro
878 3377 949 3442 vioe
974 3375 1108 3442 remedii
1138 3376 1247 3442 obitus
1279 3377 1368 3442 celer
1398 3379 1540 3456 eveniat,
1569 3399 1609 3444 ne
1634 3379 1776 3442 amarius
1800 3378 1842 3442 sit

185 3489 288 3546 morte
312 3480 398 3567 qnod
421 3482 505 3547 vivo.
552 3480 682 3546 domine
712 3483 767 3560 mi,
802 3480 1032 3544 salutationem
1060 3479 1203 3543 debitam
1233 3486 1302 3543 tota
1329 3479 1513 3546 humilitate
1537 3481 1728 3566 persolvens
1752 3502 1841 3566 rogo,

185 3593 221 3648 ut
243 3607 303 3670 per
326 3606 394 3664 vos,
418 3584 495 3670 quid
518 3585 551 3648 iu
576 3607 677 3649 cause
699 3591 812 3649 nostra
836 3584 877 3648 de
900 3584 1007 3648 Roma
1031 3583 1209 3664 nuntiatur,
1233 3605 1422 3668 agnoscam.

809 3891 958 3962 cuxxl
981 3893 1090 3979 (urrsr.
1108 3898 1138 3976 8,
1156 3897 1223 3980 43).

752 4071 989 4147 ENNODIVS
1015 4071 1276 4146 MESSALAE.

294 4221 475 4336 Numquid
497 4250 672 4336 aliquando
696 4251 737 4315 ab
755 4251 877 4316 ellectu
895 4251 1030 4332 destitit,
1054 4253 1108 4336 qui
1126 4250 1188 4316 deo
1205 4272 1276 4316 cum
1293 4250 1415 4315 fiducia
1431 4249 1645 4336 subplicavitl
1670 4251 1697 4314 si
1714 4251 1871 4322 animust

108 4377 126 4413 κ
187 4355 219 4418 in
243 4354 306 4419 fide
330 4376 396 4419 non
419 4354 591 4436 claudicet,
615 4361 692 4418 vota
708 4361 742 4419 et
758 4360 907 4419 votorum
925 4357 1019 4442 copia
1035 4357 1284 4441 coniunguntur.
1323 4375 1401 4419 eoae
1416 4356 1484 4438 egit
1500 4353 1587 4440 apud
1603 4376 1661 4419 vos
1677 4355 1842 4419 silentium

188 4478 304 4538 meum,
340 4457 426 4542 quod
458 4459 541 4522 tanti
575 4458 732 4543 temporis
764 4479 829 4521 non
862 4459 963 4522 valuit
991 4461 1139 4545 optinere
1168 4459 1361 4543 loquacitas.
1407 4465 1563 4543 quantum
1590 4457 1694 4534 rideo,
1725 4460 1846 4546 scripta

187 4567 298 4625 vestra
320 4561 383 4624 nisi
406 4561 614 4626 taciturnitas
637 4583 703 4626 nou
726 4569 880 4626 meretur.
928 4582 1009 4648 quos
1033 4570 1141 4628 mutos
1164 4563 1298 4647 putatis,
1323 4561 1542 4645 alloquimini:
1575 4561 1616 4625 ab
1640 4561 1702 4640 his,
1725 4562 1844 4646 quibus

186 4664 300 4748 lingua
322 4685 396 4729 esse
421 4664 574 4742 creditur,
598 4665 784 4732 abstinetis.
824 4665 931 4730 fecisti
954 4671 1063 4730 tamen
1087 4665 1175 4750 quod
1199 4665 1310 4730 decuit
1334 4663 1487 4729 domnum
1512 4670 1555 4742 et,
1579 4671 1615 4727 ut
1638 4665 1700 4750 ipsi
1724 4665 1876 4742 dicitis,2

1674 4787 1694 4836 Ι

197 4993 201 5002 .
291 4922 524 4990 1u0str01u1013
593 4925 715 4978 domnum
727 4924 753 4975 B
856 4924 873 4977 2
891 4927 996 4978 indictio
1008 4925 1034 4976 B

291 5025 421 5096 [cum]
457 5027 474 5080 5
492 5030 585 5097 agapio
597 5028 631 5093 B,
652 5030 755 5097 agapito
772 5029 800 5092 V,
817 5030 918 5097 sospito
930 5029 967 5088 L,·
985 5031 1019 5094 cs.
1034 5027 1106 5080 CDL
1113 5027 1154 5080 VI
1273 5028 1290 5079 tl
1308 5030 1412 5082 territur
1424 5028 1450 5079 Β
1571 5024 1586 5077 ‘l
1604 5027 1724 5094 conloqui
1737 5026 1770 5092 B,
1793 5028 1845 5079 col·

185 5113 265 5178 loquii
281 5113 305 5164 V
339 5175 341 5182 Ι
395 5113 493 5181 stilum]
516 5117 591 5168 tilum
608 5115 633 5166 Β
762 5113 779 5165 8
800 5117 890 5183 pinget
906 5114 931 5165 Β
1061 5111 1078 5162 9
1100 5114 1224 5180 linqueris
1247 5114 1372 5166 scribsisti
1389 5113 1415 5163 Β
1548 5108 1581 5163 10
1597 5113 1807 5166 uicessitudinsrn
1820 5113 1845 5163 Β

187 5198 216 5250 11
237 5201 350 5254 carusB
418 5204 554 5256 affectiosa
570 5201 595 5252 V
658 5204 790 5271 praeditus
802 5202 828 5253 B

291 5304 407 5375 [CDXX]
437 5307 470 5359 14
487 5325 559 5360 meae
576 5305 617 5357 Ta
628 5315 651 5357 et
664 5307 743 5359 Sim
795 5305 910 5372 contigat
922 5303 947 5355 Β
999 5305 1063 5356 tales
1076 5304 1102 5354 Β
1158 5320 1258 5371 semper
1275 5311 1315 5356 est
1327 5304 1375 5368 Bll,
1393 5311 1432 5355 est
1448 5319 1548 5370 semper
1562 5303 1638 5354 ceteri
1730 5300 1762 5352 15
1779 5319 1845 5370 pene

186 5391 289 5461 natura]
308 5403 434 5462 penatum
447 5394 472 5445 Β
586 5392 618 5445 16
637 5391 838 5462 praeteritamB
916 5393 943 5443 in
961 5391 1096 5442 cecultisb
1175 5391 1286 5457 suspiret
1298 5389 1331 5454 B,
1348 5390 1460 5456 suspirat
1477 5389 1552 5440 ceteri
1667 5385 1701 5438 18
1717 5385 1843 5456 timorem]

185 5499 297 5534 amorem
311 5482 370 5534 CPb
445 5483 511 5533 tales
524 5481 549 5531 Β
664 5479 696 5531 19
714 5481 898 5548 dissperatioue
911 5479 937 5530 Β
1015 5479 1171 5530 demissistes
1184 5478 1209 5528 Β
1321 5476 1355 5530 21
1374 5475 1418 5544 mi]
1438 5476 1589 5527 milriBVL
1668 5476 1807 5528 hnmilitate
1820 5475 1846 5526 Β

185 5565 220 5618 22
238 5577 324 5620 uestra
339 5567 397 5619 OPb
468 5567 601 5618 nuntietur
614 5565 693 5618 Sirra.
765 5565 1026 5633 sgnoscsmonisu

290 5669 420 5738 [cnxxll
457 5669 490 5721 24
509 5673 602 5722 affeetu
620 5670 758 5722 destitetB
838 5669 1030 5736 snpplicauitV
1150 5663 1186 5716 26
1203 5667 1380 5732 nonasplin.
1393 5665 1417 5714 V
1494 5675 1519 5717 et
1532 5665 1656 5716 notnetb
1734 5664 1847 5730 cupiaB

185 5757 219 5808 tt
238 5759 353 5810 obtinere
371 5757 393 5804 l'
493 5755 526 5807 21
545 5767 644 5825 potatos
658 5757 682 5806 Β
785 5755 819 5806 28
837 5757 932 5806 donum
946 5755 971 5804 Β
1040 5755 1129 5805 dicatis
1143 5752 1168 5802 Β

1586 5843 1640 5896 37*
