4538 6436
846 381 935 435 xum
953 382 1074 448 (oliuu.
1095 383 1117 436 1.
1137 383 1171 440 aa».
1796 385 1831 444 tl

179 554 349 620 reddenda
371 560 420 618 cst
443 553 482 618 de
507 553 612 618 otioso
636 575 784 618 sermone
810 556 903 634 ratio,
927 577 992 618 nou
1014 556 1121 619 minus
1145 555 1185 619 de
1210 555 1313 618 otioso
1338 554 1479 620 silentio.
1519 561 1612 652 erant
1629 554 1715 617 enim
1732 551 2042 651 0i50⁸84ffitffffffl¹132

180 657 323 734 silentia,
348 658 375 720 si
391 657 588 721 laetantibus
613 657 815 722 circumfusis
840 659 1050 742 omnigenum
1073 658 1238 722 mentibus
1262 657 1361 734 solus,
1386 678 1459 721 cum
1482 657 1560 722 dare
1584 657 1716 743 possim,
1738 656 1841 721 verbe

180 760 423 838 subtraherem,
458 760 579 846 quippe
611 781 684 823 eum
718 761 817 824 etiam
845 759 877 823 in
907 761 1072 845 obsequiis
1105 761 1301 825 caelestibus
1330 760 1469 845 hymnos
1498 760 1614 825 deceat
1636 759 1784 824 adhiberi
1808 765 1841 825 et

181 862 354 928 credamus
378 869 543 928 exsortem
575 862 785 926 humanitatis
816 862 982 926 dominum
1013 863 1178 927 hominum
1207 864 1306 928 meris
1336 863 1486 928 laudibus
1516 862 1695 928 demulceri
1722 869 1755 927 et
1778 860 1840 927 hoc

107 981 119 1014 ⁵
181 967 225 1031 ab
248 966 299 1031 his
324 966 459 1053 speciali
481 964 620 1050 quodam
645 967 725 1042 iure,
750 987 829 1050 quos
852 966 985 1030 donavit
1007 967 1133 1051 lingua,
1159 989 1342 1052 reposcere.
1388 966 1465 1053 quid
1489 968 1628 1032 antistes
1652 966 1762 1044 faeiat,
1786 966 1840 1051 qui

180 1069 322 1157 propriis
345 1069 547 1134 orationibus
572 1069 639 1154 egit
662 1076 697 1133 ut
719 1070 863 1155 possim?
910 1071 1066 1155 seriptum
1090 1078 1141 1134 est
1164 1073 1265 1135 enim:
1296 1067 1457 1136 ‘dominus
1480 1070 1569 1136 dedit
1592 1069 1671 1134 mihi
1694 1069 1839 1154 linguam
1853 1083 1981 1134 susem·

182 1169 397 1238 eruditionis’.
448 1170 576 1256 quando
613 1179 765 1258 oporteat
802 1194 986 1237 sermonem
1025 1173 1154 1239 dicere?
1205 1182 1333 1260 oportet
1367 1195 1465 1252 nunc,
1498 1181 1535 1239 ut
1564 1194 1700 1248 censeo;
1736 1179 1769 1237 et
1798 1171 1871 1236 ad5

181 1274 337 1361 loquendi
367 1283 495 1362 tempus
524 1277 640 1341 ostium
671 1276 778 1341 cordis
806 1279 960 1363 aperitur.
1007 1278 1065 1341 sed
1095 1299 1181 1341 nuno
1213 1298 1278 1342 non
1307 1300 1368 1363 ego
1392 1279 1425 1341 in
1449 1279 1587 1365 poeticis
1610 1274 1761 1340 laudibus
1784 1295 1841 1339 ora

182 1380 314 1445 laxabo.
365 1378 451 1443 absit
477 1400 496 1443 a
524 1401 576 1444 me
607 1380 736 1444 sentina
770 1381 964 1460 carminum,
1000 1402 1084 1465 quae
1114 1382 1198 1445 sient
1226 1402 1304 1446 vera
1336 1403 1401 1446 non
1435 1381 1562 1454 laudat,
1598 1381 1644 1445 sic
1674 1399 1736 1443 nec
1763 1399 1840 1442 vere

183 1483 345 1548 laudatur.
390 1502 475 1546 nunc
502 1482 612 1548 favete
645 1484 809 1548 mentibus
840 1491 929 1548 certa
961 1483 1099 1550 dicturo.
1143 1486 1174 1550 in
1204 1507 1267 1571 quo
1299 1507 1398 1571 opere
1427 1486 1454 1549 si
1482 1485 1608 1549 minora
1637 1503 1695 1570 pro
1719 1481 1842 1567 ingenii

184 1587 367 1673 exiguitate
391 1605 456 1650 non
480 1582 606 1664 dixero,
630 1607 689 1672 pro
713 1587 869 1652 iaetantia
891 1588 1016 1677 maiora
1039 1610 1102 1653 non
1124 1589 1255 1673 fingam.

917 1793 1103 1860 VERSVS.

600 1930 739 1995 Vatibus
764 1932 905 2018 antiquis
930 1930 1060 1996 dicendi
1083 1934 1228 1997 maxima
1250 1935 1353 1997 virtus

552 2035 615 2098 Illa
636 2035 708 2115 fuit,
731 2033 835 2099 doctis
860 2034 886 2099 si
911 2036 1033 2100 seirent
1055 2036 1170 2101 fallere
1194 2037 1321 2101 verbis:

552 2138 641 2202 Laus
664 2145 734 2203 erat
757 2139 790 2202 in
813 2137 945 2202 laudem
967 2139 1140 2203 mentitum
1163 2161 1310 2225 pangere
1335 2162 1476 2205 carmen.

553 2243 645 2307 Tunc
668 2244 759 2329 operi
782 2243 871 2306 fraus
894 2250 972 2328 apta
994 2244 1073 2307 fuit:
1096 2265 1172 2308 nam
1197 2266 1287 2310 more
1311 2253 1430 2332 poetae

484 2386 488 2396 ·
554 2345 731 2411 Servantes
755 2347 842 2432 quod
866 2349 989 2412 crimen
1013 2347 1114 2413 habet
1137 2355 1273 2414 vetuere
1297 2349 1422 2436 pudore

553 2452 642 2518 Vera
665 2453 764 2538 loqui,
789 2474 985 2538 carmenque
1008 2453 1089 2519 fides
1114 2453 1268 2540 despexit
1290 2455 1419 2541 ubique.

515 2642 520 2651 Ι
553 2559 617 2624 Ars
640 2560 773 2646 placuit,
797 2581 893 2644 quam
917 2561 1014 2647 eulpa
1037 2561 1148 2627 decet:
1173 2583 1249 2626 nam
1273 2561 1399 2626 doctior
1423 2581 1513 2625 error

554 2664 701 2730 Extorsit
724 2665 824 2730 certis
848 2665 1025 2731 metuenda
1047 2673 1201 2752 poemata
1225 2665 1356 2749 linguis.

554 2769 627 2834 Lex
651 2769 762 2835 docuit
785 2771 854 2835 sine
877 2771 954 2856 lege
977 2771 1076 2855 loqui,
1101 2792 1174 2835 eum
1198 2769 1341 2834 vindieat
1362 2774 1432 2833 arte

556 2872 722 2958 Quidquid
745 2875 818 2937 iura
840 2880 964 2959 negant
986 2873 1128 2938 fandum.
1163 2874 1345 2939 retinacula
1367 2893 1493 2937 morum

554 2976 697 3043 Numina
719 2979 829 3044 fallaci
852 2979 1020 3043 finxerunt
1043 2979 1175 3044 sordida
1198 2983 1313 3042 cautu:

555 3079 727 3145 Phoebum
752 3087 785 3146 et
808 3087 859 3146 ter
882 3088 993 3146 ternas
1016 3081 1171 3147 dixerunt
1195 3103 1267 3146 esse
1292 3101 1431 3158 sorores,

557 3183 736 3248 Castalium
760 3185 901 3264 laticem,
925 3186 1031 3250 varias
1055 3206 1183 3271 quoque
1207 3182 1351 3249 Palladis
1374 3189 1471 3248 artes.

557 3287 649 3352 Tune
672 3289 783 3352 laurus
807 3288 951 3374 tripodas
976 3290 1135 3353 cortinam
1160 3295 1318 3373 tympana
1341 3286 1502 3372 plectrum

488 3429 491 3440 ·
557 3391 755 3456 Narrabant.
789 3392 861 3456 illos
883 3414 904 3457 a
925 3393 997 3458 veri
1020 3393 1149 3456 tramite
1172 3391 1257 3476 fugit

558 3495 693 3575 Sensus,
717 3500 751 3560 et
773 3501 921 3560 errantes
944 3497 1033 3559 visus
1057 3494 1177 3559 delusit
1200 3493 1317 3579 image.

603 3597 699 3662 Nune
722 3598 867 3684 linguam
891 3598 1046 3678 citharae,
1070 3618 1153 3683 quae
1179 3602 1290 3660 cantat
1313 3595 1441 3682 pollicis
1464 3615 1533 3672 ore,

560 3699 697 3786 Sperne,
720 3701 818 3767 fides:
842 3703 946 3788 magis
968 3702 1024 3766 ille
1047 3701 1125 3766 veni
1148 3722 1233 3765 nunc
1257 3699 1400 3785 spiritus,
1424 3719 1493 3780 oro,
1848 3685 2004 3783 Alfffi‘lffl·

560 3804 660 3869 Cuius
684 3805 882 3870 inexhausto
907 3805 1073 3870 reviviscit
1098 3825 1228 3890 semper
1250 3804 1284 3866 in
1307 3823 1392 3866 anno

477 3923 489 3961 ²
560 3908 724 3994 Quidquid
748 3917 836 3974 terra
860 3916 959 3990 creet,
984 3909 1090 3996 gignit
1113 3929 1214 3988 mare,
1238 3907 1380 3993 parturit
1403 3904 1534 3970 aether:

561 4013 624 4088 Qui
646 4013 731 4079 freta
754 4013 915 4094 diffundit,
940 4012 1079 4079 solidum
1102 4011 1159 4076 dat
1182 4031 1299 4096 eorpus
1321 4011 1354 4074 in
1377 4011 1472 4089 arvis,

562 4117 651 4182 Saxa
673 4119 739 4183 ciet
761 4120 861 4199 iussu,
886 4120 1003 4184 metuit
1026 4139 1122 4203 quem
1146 4115 1295 4181 cautibus
1319 4115 1456 4179 horrens
1798 4192 1802 4201 ι
1857 4105 1995 4208 νἻξ·3ξζ“·

562 4221 738 4302 Caucasus,
762 4224 867 4287 aurito
890 4223 1004 4287 lamnli
1028 4244 1100 4286 oum
1124 4221 1221 4285 fortia
1244 4241 1343 4284 sensu

562 4324 671 4391 Corda
682 4326 807 4391 domat:
831 4329 886 4412 qni
898 4335 1015 4391 cuneta
1027 4327 1124 4405 videt,
1140 4346 1236 4409 quem
1249 4328 1365 4387 cuneta
1379 4327 1590 4386 tremescunt:

493 4467 497 4478 ·
562 4429 650 4494 Fons
673 4431 727 4494 via
751 4431 867 4495 dextra
889 4431 973 4518 lapis
996 4430 1117 4494 vitulus
1141 4429 1194 4493 leo
1218 4428 1333 4492 lucifer
1356 4448 1460 4512 agnus
1851 4410 2008 4510 glggff‘ffflgs'gq

563 4535 669 4600 lanua
691 4559 767 4622 spes
789 4538 892 4601 virtus
915 4537 1051 4602 verbum
1076 4534 1238 4619 sapientia
1260 4534 1343 4597 vatis
1852 4514 2010 4612 Sluljvllfm'

562 4640 683 4704 Hostia
705 4641 881 4724 virgultum
904 4647 1015 4725 pastor
1037 4660 1130 4703 mons
1154 4644 1225 4701 rote
1251 4634 1402 4700 columba

561 4744 711 4810 Flamma
735 4743 851 4830 gigans
875 4744 983 4830 aquila
1007 4763 1147 4831 sponsus
1171 4741 1329 4827 patientia
1351 4740 1471 4804 vermis

563 4849 666 4912 Filius
691 4850 842 4913 excelsus
866 4848 1016 4912 dominus
1038 4849 1129 4925 deus,
1153 4846 1261 4910 omnia
1285 4843 1432 4908 Christus
1450 4865 1506 4905 —:

481 4967 507 5004 ³⁰
566 4953 661 5016 Nunc
683 4975 801 5039 precor
823 4960 860 5017 ut
882 4951 975 5016 dietis
999 4951 1093 5031 adsit,
1116 4950 1171 5036 qni
1194 4954 1329 5034 pectora
1351 4945 1448 5032 prisci

1847 3067 2001 3122 Apeltsitlon.

1859 3133 1923 3162 earm.
1932 3125 1964 3168 18.
1974 3125 1992 3164 1.

1890 3894 1965 3937 Sedul.
2060 3858 2064 3867 ι

1869 3947 1937 4004 praet
1954 3953 1986 3992 11.

302 5246 466 5317 2poesemb
530 5250 611 5300 rurba
624 5247 664 5299 B¹
762 5247 981 5299 3subtrahereB
1080 5242 1251 5296 baritistisB
1348 5238 1541 5292 bscribtnt
1638 5235 1673 5288 10
1691 5239 1776 5288 fauete
1787 5232 1855 5299 GPb,

199 5339 301 5388 taueme
315 5333 421 5386 BVLT
477 5336 577 5386 dictura
592 5335 667 5385 VLT
759 5332 789 5384 ll
809 5333 1122 5402 fingam.fiuitpraesatio
1135 5330 1232 5381 codices
1328 5343 1352 5377 v.
1365 5323 1382 5376 3
1395 5325 1599 5390 meutilamjort.
1695 5340 1721 5374 v,
1733 5319 1767 5374 10
1784 5325 1855 5389 quie·

199 5423 262 5490 quid
276 5422 301 5472 V
410 5439 435 5472 v.
455 5419 488 5471 13
504 5422 619 5489 pallades
632 5422 658 5471 B
771 5439 795 5473 v.
812 5418 843 5471 14
860 5417 934 5488 tunc]
954 5420 1036 5472 tumb
1115 5417 1241 5468 curtimm
1261 5413 1358 5464 codices
1471 5427 1495 5461 v.
1515 5407 1548 5460 16
1566 5411 1639 5462 uisus
1656 5409 1751 5461 delusit
1768 5407 1857 5461 Schott

199 5511 228 5562 ia
245 5509 311 5560 notia
327 5516 351 5559 et
369 5506 461 5568 Sirra,
483 5508 578 5559 delusit
600 5510 672 5559 uisus
691 5509 788 5560 codices
904 5525 928 5558 v.
950 5504 982 5557 19
1000 5502 1175 5558 reuiuiscetB
1288 5516 1312 5550 v.
1331 5496 1367 5549 20
1384 5495 1507 5564 quicquid
1523 5494 1548 5544 V
1658 5509 1683 5545 v.
1702 5492 1736 5544 23
1755 5495 1856 5548 haurite

199 5595 298 5646 cedices
407 5612 432 5645 x.
451 5591 486 5644 ‘26
504 5601 577 5646 uates
595 5594 682 5646 Setos
700 5603 723 5646 et
743 5594 820 5646 Sim.
936 5589 1211 5644 attestatores
1326 5603 1351 5638 r.
1369 5583 1405 5636 28
1421 5585 1496 5652 gigas
1513 5578 1570 5634 we
1681 5598 1704 5632 v.
1724 5578 1759 5633 30
1777 5581 1855 5648 nuile]

201 5680 380 5734 nouellaret
456 5677 567 5747 pectora]
585 5689 718 5748 peccatore
736 5681 762 5732 B

301 5790 440 5847 Eunomus.
1634 5773 1651 5826 6
