4576 6428
437 392 498 453 310
964 385 1045 441 CDLI
1064 386 1168 454 111101.
1188 389 1240 456 13),
1259 385 1507 454 0010100080.
1526 387 1562 454 6),

434 580 563 625 mecum
586 558 692 645 campi
716 557 883 624 sollemnis
907 557 964 621 illa
987 559 1187 639 vociferatio,
1210 581 1338 626 mecum
1356 559 1514 625 Severum
1536 565 1570 624 et
1586 557 1753 623 Paterium
1771 564 1805 622 et
1819 557 1895 622 aula
1911 563 2095 622 veneratur

435 669 468 728 et
494 663 596 728 curia:
634 683 771 747 quorum
803 662 951 747 quamvis
980 661 1105 726 familia
1133 663 1252 729 meruit
1290 661 1452 750 scipiones
1484 669 1516 726 et
1545 660 1692 742 trabeas,
1725 660 1870 746 seposita
1900 666 2012 725 tamen
2045 657 2091 724 ad

436 771 565 853 tempus
588 763 664 830 dote
688 765 868 850 sanguinis,
891 765 977 850 quod
1000 787 1150 831 occasum
1175 789 1234 852 per
1256 766 1432 852 dignitates
1449 770 1573 852 etpost
1589 765 1740 852 sepulcra
1756 764 1914 844 nesciunt,
1938 764 2091 829 moribus

404 873 629 954 denegarunt.
675 869 824 948 mentior,
847 868 911 933 nisi
933 870 1014 934 vivit
1037 869 1188 936 Paterius
1211 872 1245 936 in
1268 872 1420 957 opinione
1442 869 1612 934 doctorum
1634 874 1667 933 et
1681 868 1818 954 perenni
1834 888 1911 933 aere
1927 867 2092 932 formatus

436 973 525 1037 illam
549 973 756 1058 eloquentiae
781 973 897 1058 palmis
921 972 1063 1038 nobilem
1094 973 1179 1037 inter
1203 975 1325 1059 peritos
1355 977 1543 1060 praesentat
1572 972 1726 1056 effigiem.
1772 970 1887 1034 horum
1916 972 2091 1058 prosapies
2163 995 2175 1028 s

436 1075 541 1141 adbuc
566 1075 696 1162 quidem
719 1097 830 1162 parva,
859 1077 923 1140 iam
945 1077 1100 1156 maxima,
1130 1086 1296 1162 gemmata
1317 1076 1529 1164 pubescentis
1553 1076 1680 1139 flosculi
1704 1095 1762 1138 ora
1783 1075 1972 1160 praeferens
1997 1075 2092 1140 vocis

406 1179 647 1265 7praesidium,
670 1178 756 1265 quod
780 1178 962 1258 exhibebit,
993 1181 1144 1265 inploret,
1174 1180 1234 1244 hoc
1257 1182 1346 1246 taciti
1369 1201 1508 1266 poscens
1531 1177 1729 1263 allegatione
1754 1177 1930 1262 conloquii:
1965 1179 2093 1244 ‘iuvate

434 1286 598 1369 parvulos,
629 1305 710 1369 quos
740 1282 905 1348 habebitis
934 1285 1061 1370 patriae
1092 1304 1166 1348 mox
1197 1291 1363 1370 parentes;
1399 1281 1567 1369 inpendite
1602 1280 1765 1367 praesidia
1794 1279 2023 1346 defensoribus
2056 1287 2093 1345 et

434 1395 578 1473 pugnate
609 1409 667 1473 pre
698 1387 832 1467 teneris,
864 1407 905 1451 ne
938 1388 1132 1452 maturiores
1167 1407 1249 1452 aevo
1283 1386 1535 1452 subcumbamus
1569 1407 1629 1471 pro
1663 1385 1878 1450 universitate
1914 1383 2091 1448 bellantes.

434 1491 524 1555 scitis
539 1513 625 1578 quae
639 1491 755 1555 domus
771 1511 829 1576 pro
847 1491 994 1574 generali
1014 1491 1200 1555 calamitate
1216 1490 1364 1570 desudet,
1390 1489 1441 1554 eui
1456 1485 1617 1554 debeatur
1640 1508 1698 1574 pro
1722 1489 1885 1551 communi
1908 1489 2091 1552 securitate
2149 1509 2176 1545 ιο

432 1596 547 1676 litatio,
570 1617 591 1659 a
613 1616 678 1681 qua
700 1594 839 1675 fluxerit,
865 1583 949 1679 quod
973 1594 1057 1658 inter
1081 1594 1221 1659 adversa
1243 1593 1329 1658 inter
1352 1613 1407 1658 vos
1432 1593 1571 1657 civilitas
1594 1611 1660 1655 non
1683 1591 1827 1656 vacillat.
1871 1589 1970 1655 debet
1994 1590 2091 1654 vobis

435 1701 525 1785 origo
548 1705 661 1762 nostra
684 1697 767 1761 banc
791 1697 995 1761 tributariam
1019 1699 1231 1776 functionem,
1263 1703 1298 1761 ut
1329 1717 1460 1783 semper
1487 1694 1610 1760 nutriat
1636 1695 1761 1781 patriae
1785 1714 1865 1758 suae
1889 1694 1959 1757 sine
1984 1694 2090 1759 inter-

402 1803 586 1873 8missicne
611 1800 774 1866 custodes.
821 1822 900 1886 ergo
926 1802 954 1865 si
977 1807 1056 1865 nota
1078 1801 1172 1865 vobis
1197 1808 1272 1865 eunt
1295 1800 1381 1865 bona
1403 1799 1559 1884 germinis
1580 1799 1695 1877 nostri,
1718 1796 1893 1862 inserenda
1909 1799 2091 1882 suggerite,

433 1911 470 1968 ut
493 1905 577 1990 quod
600 1904 683 1968 nitet
712 1905 745 1968 in
775 1905 898 1968 semine
930 1906 1056 1969 cultura
1086 1905 1246 1986 melioret,
1281 1903 1403 1969 habeat
1437 1923 1552 1989 cespes
1587 1901 1687 1966 radici
1720 1900 1945 1967 obsecundans
1978 1923 2090 1988 poma,

433 2029 516 2093 quae
539 2007 670 2072 tribuat.
716 2029 780 2072 non
805 2013 880 2072 sunt
903 2010 1087 2096 peregrina,
1111 2029 1176 2072 non
1201 2009 1338 2094 fugitiva
1361 2027 1443 2093 quac
1468 2007 1641 2092 poscimus.
1681 2005 1709 2069 ei
1725 2004 1816 2069 Eleis
1834 2011 1867 2070 et
1883 2004 2090 2091 Olympiacis
2148 2024 2174 2061 ¹⁵

433 2111 635 2176 conflictibus
651 2111 794 2176 nutritur
810 2113 944 2177 eculeus
960 2113 1001 2177 de
1018 2112 1208 2198 parentibus
1226 2113 1427 2190 aestimatus,
1446 2131 1504 2175 nos
1522 2108 1627 2174 adhuc
1644 2109 1885 2195 proficientium
1902 2115 2091 2173 creatorum

431 2216 616 2280 muniamur
647 2215 816 2300 exemplis.
864 2216 955 2280 vobis
984 2223 1110 2280 tautum
1140 2216 1363 2302 praebuerunt
1391 2213 1541 2299 obsequii
1571 2235 1624 2277 res
1653 2212 1827 2290 secundae,
1859 2211 1988 2298 quando
2012 2234 2091 2298 pro-

431 2325 650 2404 pugnatorum
673 2325 855 2382 restrorum
880 2325 914 2383 et
936 2319 1095 2385 adolescit
1117 2321 1292 2405 posteritas
1317 2325 1350 2384 et
1373 2318 1479 2383 adbuc
1501 2318 1602 2405 patris
1618 2317 1735 2402 avique
1751 2317 1855 2381 tutela
1870 2336 1935 2380 non
1952 2315 2088 2384 deficit.’

400 2427 510 2507 9crgo
532 2421 584 2485 his
609 2422 748 2485 stimulis
772 2422 953 2503 incitatum,
982 2422 1096 2487 doctor
1120 2424 1330 2506 venerabilis,
1360 2423 1490 2510 suscipe
1519 2423 1744 2487 universorum
1767 2440 1865 2485 voces
1894 2420 2090 2486 afferentem

432 2529 465 2588 et
495 2525 646 2610 genitalis
678 2526 739 2589 soli
769 2527 1023 2612 allegationibus
1051 2526 1226 2612 benignam
1255 2525 1377 2614 praebe
1406 2526 1649 2592 conscientiam.
1694 2524 1822 2610 respice
1845 2522 1886 2588 de
1909 2530 1943 2589 to
1966 2525 2091 2589 iudicia
2146 2545 2174 2584 so

431 2635 542 2692 nostra
566 2634 599 2693 et
622 2629 770 2694 elevatus
795 2631 1056 2695 consideratione
1081 2629 1189 2695 meriti
1213 2651 1326 2716 parem
1350 2637 1382 2695 tc
1405 2630 1583 2694 multorum
1607 2629 1711 2693 forma
1734 2627 1927 2694 sententiae.
1973 2629 2093 2694 labora

329 2813 331 2817 ,
430 2738 467 2796 ut
489 2733 624 2796 munitio
648 2739 761 2797 nostra
785 2739 817 2798 te
841 2734 1023 2799 instruente
1048 2732 1216 2815 solidetur,
1247 2742 1280 2798 et
1309 2756 1351 2799 ne
1375 2734 1508 2797 inimica
1530 2733 1669 2797 arietum
1692 2732 1802 2796 vincat
1824 2732 2024 2817 inpugnatio,
2055 2737 2091 2795 tu

383 2836 534 2900 lOmnris
563 2835 689 2920 patriae
717 2835 899 2901 studiorum
928 2859 1018 2902 arma
1053 2839 1223 2922 coniunge.
1269 2839 1389 2902 scimus
1425 2857 1562 2922 quorum
1592 2836 1652 2900 tibi
1686 2834 1819 2900 suboles
1851 2837 2091 2908 committatur;

433 2937 566 3024 provide
590 2945 625 3002 ut
648 2938 734 3023 quod
756 2947 874 3004 natura
895 2940 1038 3004 validum
1061 2941 1189 3027 peperit
1219 2941 1382 3005 confortet
1408 2938 1578 3004 industrio.
1624 2938 1716 3003 ducis
1749 2939 1820 3018 erit,
1850 2958 1913 3002 non
1942 2939 2090 3023 originis,

433 3043 460 3106 si
484 3040 525 3106 de
550 3043 611 3105 viri
634 3042 726 3106 fortis
751 3043 852 3129 stirpe
877 3044 982 3108 editus
1005 3043 1126 3108 babeat
1148 3044 1234 3108 inter
1249 3044 1339 3108 bella
1354 3043 1570 3108 formidinem.
1606 3043 1726 3106 sufficit
1747 3049 1780 3107 te
1797 3043 1844 3106 sie
1864 3042 2090 3106 instructionis
2146 3067 2171 3105 as

381 3151 508 3210 lituae
532 3145 649 3209 sudore
674 3166 834 3226 crescere,
858 3151 894 3208 ut
917 3155 1108 3232 praesentes
1131 3168 1249 3234 pueros
1272 3148 1409 3212 formam
1433 3155 1580 3214 veterum
1601 3146 1703 3212 facias
1728 3148 1886 3232 optinere.
1922 3144 1979 3210 sed
1996 3145 2090 3209 dicas

431 3248 583 3313 forsitan:
615 3249 692 3314 licet
720 3255 752 3314 te
781 3249 943 3334 professio
973 3251 1118 3314 sanctior
1147 3257 1273 3335 urgeat,
1303 3273 1354 3315 me
1384 3252 1415 3314 in
1444 3251 1517 3315 istis
1545 3271 1610 3314 non
1639 3251 1739 3315 habet
1769 3271 1847 3314 cura
1875 3255 2089 3335 postremum.

433 3372 495 3438 ego
520 3374 601 3431 sum,
625 3353 678 3417 cui
701 3352 867 3416 Paterium
891 3352 992 3417 filium
1017 3360 1122 3418 mater
1147 3361 1179 3418 et
1203 3355 1292 3439 virgo
1315 3354 1399 3418 sacri
1421 3355 1520 3418 fontis
1544 3354 1636 3418 alvus
1661 3353 1793 3418 effudit:
1817 3374 1879 3438 ego
1903 3354 1935 3417 in
1959 3354 2089 3416 animae

433 3455 504 3518 eius
529 3455 673 3520 secunda
695 3457 866 3520 nativitate
890 3463 947 3519 aut
970 3457 1175 3522 recreatione
1203 3479 1272 3523 sum
1303 3457 1442 3541 genitor.
1490 3478 1568 3544 ergo
1597 3456 1773 3544 peculiaris
1802 3457 1994 3520 eruditionis
2016 3458 2089 3519 eius

432 3578 484 3622 me
507 3559 653 3643 provisio
677 3560 819 3642 respicit,
844 3559 936 3622 cuius
961 3566 1055 3645 pater
1079 3567 1112 3624 et
1134 3561 1221 3624 inter
1243 3561 1400 3625 caelestia
1422 3582 1493 3624 sum
1517 3567 1660 3625 vocatus.
2146 3583 2173 3620 so

1093 3882 1220 3952 (llllrll
1244 3885 1363 3971 (causo.
1380 3887 1425 3973 6).

860 4079 1097 4154 ENNODIVS
1124 4081 1373 4156 AMBROSIO
1399 4083 1460 4155 ET
1487 4082 1660 4156 ΒΕΑΤΟ.

403 4230 415 4289 ¹
540 4211 629 4306 Deo
652 4240 872 4324 obsequimur,
896 4240 972 4304 dum
1000 4239 1069 4305 eius
1094 4242 1321 4307 convenientia
1343 4243 1474 4307 monitis
1497 4243 1694 4330 inperamus.
1725 4262 1800 4306 nam
1823 4239 1908 4325 quod
1933 4240 2087 4326 petitioni

431 4351 559 4409 vestrae
582 4343 690 4408 studio
715 4345 860 4409 caritatis
886 4345 1141 4430 adquiescimus,
1171 4347 1312 4431 mystica
1342 4353 1417 4411 sunt
1446 4353 1633 4433 praecepta.
1679 4345 1789 4409 multis
1813 4343 1934 4408 etenim
1960 4345 2088 4431 suppli-

430 4449 614 4512 cationibus
638 4447 806 4533 exegistis,
829 4455 865 4512 ut
889 4450 1009 4535 pagina
1032 4451 1124 4513 vobis
1150 4451 1406 4515 concinnationis
1432 4449 1648 4515 didascalicae
1672 4449 1861 4534 fingeretur.
1901 4449 2015 4512 volens
2032 4471 2087 4513 me

431 4552 463 4614 in
493 4552 667 4615 multorum
699 4552 770 4615 iura
800 4553 955 4630 summisi,
991 4553 1065 4637 quia
1096 4593 1134 4600 —
1160 4555 1271 4618 videro
1306 4555 1383 4640 quid
1417 4555 1449 4618 in
1484 4554 1594 4618 verbis
1628 4551 1824 4616 adhibeatur
1857 4552 2018 4616 examinis
2044 4589 2087 4600 -
2144 4569 2169 4606 ³⁵

535 4826 549 4878 1
572 4835 709 4880 uenerator
720 4827 746 4878 B
886 4825 903 4876 2
927 4830 1047 4880 meruerit
1066 4829 1154 4880 Sciron
1171 4840 1194 4880 et
1212 4824 1321 4890 Hartel;
1345 4831 1379 4896 cs.
1394 4847 1423 4896 p.
1441 4835 1496 4893 101,
1515 4833 1545 4880 31
1686 4827 1703 4879 3
1726 4830 1841 4897 sepolcra
1856 4828 1890 4892 B,
1915 4831 2053 4896 sepulchra
2069 4831 2093 4880 Γ

428 4911 446 4965 4
464 4915 601 4982 exigerunt
613 4915 637 4964 Β
724 4916 797 4966 uiuet
809 4914 834 4964 B
959 4913 975 4964 5
993 4916 1084 4967 horum
1100 4917 1187 4980 Sirra,
1209 4934 1310 4969 mamm
1328 4917 1388 4968 libri
1513 4915 1530 4966 6
1552 4915 1711 4982 pubiscentis
1734 4917 1834 4970 11000011
1846 4917 1871 4967 Β
1997 4913 2013 4965 1
2031 4918 2087 4967 alli-

428 5001 531 5067 gatione
543 4999 569 5050 Β
633 5001 754 5068 colloquii
770 5001 795 5050 V
860 5001 948 5052 iubata
961 5001 986 5050 B
1091 5001 1108 5052 9
1126 5004 1273 5056 maturioris
1285 5002 1310 5053 B
1377 5003 1575 5054 succumbamus
1591 5001 1617 5051 V
1716 5000 1751 5053 10
1767 5004 1844 5055 scitos
1855 5002 1882 5052 B
1948 5003 2052 5054 desudit
2064 5001 2089 5053 Β

430 5083 462 5137 13
480 5094 541 5138 sunt
558 5088 633 5140 uobis
646 5086 724 5140 Siras.
845 5085 877 5138 14
894 5089 978 5139 habea
990 5087 1015 5138 B
1090 5091 1173 5156 cespis
1188 5089 1265 5154 VLP,
1288 5091 1359 5156 cispa
1370 5088 1396 5140 Β
1517 5085 1551 5139 15
1572 5089 1651 5140 saleis
1663 5086 1697 5152 B,
1714 5089 1794 5142 beleis
1811 5087 1835 5137 V
1906 5089 2042 5155 olinpiscis
2055 5089 2088 5152 B,

428 5173 569 5241 olimpiacis
588 5171 613 5222 V
723 5171 754 5224 16
773 5175 883 5226 nutritor
894 5174 920 5224 Β
1034 5173 1068 5226 18
1084 5176 1208 5227 adoliscet
1220 5174 1246 5226 Β
1319 5175 1411 5243 tutela]
1430 5176 1506 5228 titula
1518 5173 1544 5225 B
1619 5175 1711 5227 deficat
1722 5174 1747 5225 B
1863 5173 1896 5227 19
1912 5175 2024 5227 0110111110
2038 5175 2093 5225 BT

427 5267 451 5310 et
467 5277 523 5326 sap.
536 5261 580 5312 lia.
599 5259 652 5324 VL,
669 5261 760 5312 studiis
775 5258 902 5312 V¹L¹0P
1001 5261 1036 5315 20
1053 5269 1079 5313 et
1096 5263 1262 5328 genitalia-
1274 5269 1362 5314 nostra
1380 5279 1428 5314 om.
1443 5261 1522 5314 stan.
1584 5261 1777 5328 alligationibus
1789 5261 1814 5310 Β
1909 5259 1943 5312 22
1960 5262 2050 5313 munio
2063 5261 2089 5312 Β

426 5343 577 5412 instruente]
596 5348 738 5400 sustinente
751 5345 829 5398 sirm.
946 5345 981 5399 23
999 5348 1100 5399 soboles
1115 5346 1140 5396 V
1209 5349 1347 5401 comitatur
1364 5345 1452 5399 VLT¹
1565 5344 1599 5398 24
1616 5347 1721 5414 provide
1739 5364 1787 5398 om.
1801 5347 1879 5400 311111.
1958 5349 2031 5400 duait
2043 5347 2088 5398 Ba

427 5434 539 5500 origenis
552 5433 577 5484 Β
692 5431 726 5484 25
743 5434 798 5485 ueri
812 5431 836 5483 Β
914 5437 1017 5486 sufficet
1028 5434 1054 5485 B
1168 5431 1203 5485 ⁶26
1221 5436 1345 5502 opitinera
1357 5435 1383 5486 B
1494 5431 1529 5485 28
1546 5430 1631 5498 aluus]
1650 5433 1740 5485 001000
1752 5433 1777 5484 Β
1891 5431 1926 5484 23
1944 5431 2087 5498 nativitate]

426 5527 553 5573 natuttate
566 5520 592 5571 B
597 5517 607 5556 ¹
677 5522 732 5572 eiua
751 5537 799 5570 om.
812 5519 837 5570 B
941 5518 977 5572 30
996 5521 1108 5588 respicet
1119 5519 1145 5570 Β
1281 5545 1289 5575 s

531 5618 1549 5690 [ΟΒΒΠ]31Ρ110000010111110000110001111101110010100111001001δίηο
1635 5619 1784 5689 3211011001
1797 5621 1842 5672 Ba
1929 5585 2088 5674 3310101000

427 5707 451 5772 (0
468 5709 496 5758 in
514 5709 522 5758 i
540 5711 618 5770 corr.)
633 5709 656 5759 Β
760 5705 792 5758 34
812 5708 998 5773 011131110οΒ6,
1018 5707 1132 5773 exigistis
1145 5706 1189 5757 Bt
1295 5706 1328 5757 35
1345 5709 1435 5760 nidero
1448 5707 1481 5770 B,
1498 5707 1591 5758 uidebo
1610 5708 1684 5758 001011
