4538 6436
432 402 472 464 95
1102 389 1203 444 cxxx
1221 387 1355 458 (opusc.
1373 391 1409 456 a).
1470 459 1474 468 Ι

434 571 583 635 Ticinum
612 569 667 634 diu
696 567 902 632 desideratus
930 564 1121 650 ingreditur,
1152 564 1273 651 Nepoti
1302 565 1455 630 effectum
1485 570 1640 650 peractae
1668 563 1842 648 legationis
1869 563 2026 642 insinuat,
2056 569 2091 627 et

433 678 604 738 crescente
629 669 761 734 laudum
785 670 912 732 cumulo
933 668 1098 733 humilitas
1121 667 1154 732 in
1178 689 1217 732 eo
1240 667 1362 753 pariter
1385 667 1529 732 sentibat
1552 671 1773 751 augmentum.

380 781 420 841 95
541 774 647 860 Igitur
683 772 759 837 dum
790 771 911 836 talibus
941 793 976 836 se
1007 771 1187 857 disciplinis
1221 777 1255 836 et
1285 770 1451 836 laboribus
1482 771 1605 836 Christi
1635 777 1669 835 et
1701 771 1754 835 dei
1785 771 1886 834 nostri
1921 772 2089 856 operarius

433 885 621 958 exerceret,
656 899 734 944 ecce
766 878 821 941 ille
856 877 975 962 quietis
1009 875 1139 940 nescius
1169 880 1203 938 et
1232 875 1393 938 scelerum
1428 880 1573 961 patrator
1606 874 1756 939 inimicus
1791 895 1911 959 magna
1942 872 2089 938 dolorum

433 984 635 1048 incrementa
666 981 868 1064 conglutinat
895 985 929 1044 et
960 979 1106 1063 inquirit,
1138 977 1256 1062 quibus
1281 978 1384 1042 virum
1413 978 1657 1063 integerrimum
1681 977 1888 1063 passionibus
1909 978 2089 1043 lacessiret.
2157 1001 2169 1036 s

433 1087 613 1151 exercitum
629 1085 787 1149 adversus
805 1086 956 1149 Orestem
974 1081 1145 1168 patricium
1162 1081 1258 1166 erigit
1274 1089 1307 1146 et
1327 1081 1507 1148 discordiae
1531 1082 1666 1146 crimina
1689 1079 1910 1145 clandestinus
1933 1083 2084 1167 supplon-
2103 1110 2126 1151 p.
2139 1103 2179 1143 ses

433 1196 520 1254 tator
552 1187 728 1254 interserit.
782 1207 840 1273 spe
875 1207 1032 1249 novarum
1066 1206 1174 1250 rerum
1207 1185 1412 1271 perditorum¹
1441 1186 1567 1251 animos
1601 1186 1777 1271 inquietat,
1812 1183 2015 1250 Odovacrem
2047 1186 2089 1250 ad

433 1293 592 1378 regnandi
627 1290 784 1356 ambitum
821 1291 950 1354 extollit
982 1296 1031 1362 et.
1069 1297 1104 1354 ut
1138 1289 1220 1354 haec
1254 1290 1416 1377 pernicies
1448 1291 1482 1354 in
1509 1290 1675 1355 Ticinensi
1709 1289 1842 1354 civitate
1876 1289 2090 1374 contingeret,

381 1402 422 1464 96
436 1397 587 1462 Orestem
611 1395 651 1461 ad
675 1418 748 1460 eam
771 1394 891 1459 fiducia
912 1394 1102 1458 munitionis
1125 1394 1251 1459 invitat.
1292 1395 1466 1481 episcopus
1483 1417 1556 1459 cum
1573 1393 1724 1459 omnibus
1740 1393 1781 1458 ad
1797 1416 1833 1458 se
1849 1394 2089 1480 pertinentibus

435 1522 594 1586 praesens
611 1500 782 1565 invenitur.
821 1500 856 1563 fit
872 1499 1034 1563 maximus
1051 1499 1083 1562 in
1107 1499 1187 1563 urbe
1212 1519 1398 1579 concursus,
1422 1496 1600 1584 praedandi
1624 1497 1730 1562 rabies
1753 1497 1943 1562 inardescit:
1967 1497 2088 1584 ubique
2144 1521 2170 1558 ιο

286 1603 420 1701 ‘'0218352511·
435 1605 558 1683 luctus,
589 1625 691 1691 paror
721 1602 840 1688 ubique
869 1609 902 1666 et
924 1601 1036 1666 mortis
1059 1603 1167 1686 imago
1192 1603 1342 1688 plurima.
1388 1602 1589 1668 discurrebat
1611 1603 1666 1666 ille
1690 1602 1863 1677 sollicitus;
1894 1603 2091 1687 poscebatur

330 1689 335 1710 ’
435 1706 476 1772 ad
493 1728 642 1792 poenam,
667 1705 759 1770 cuius
782 1705 999 1770 substantiam
1015 1706 1173 1769 notiorem
1189 1706 1314 1772 fecerat
1330 1707 1545 1770 amicitiarum
1561 1705 1643 1771 fides
1661 1706 1835 1790 antiquior.
1873 1705 1927 1769 alii
1943 1705 2090 1768 flammas

436 1811 566 1874 ruituris
583 1809 720 1873 aedibus
738 1808 978 1895 subponebant,
1003 1808 1058 1872 alii
1074 1809 1114 1873 ad
1132 1809 1267 1873 exitium
1291 1810 1470 1896 poscebant
1493 1809 1670 1890 dominum,
1693 1829 1752 1895 pro
1776 1809 1868 1874 euius
1892 1815 2091 1874 convenerat

382 1914 543 1979 llisalute
576 1913 724 1999 pugnari.
771 1918 904 1976 currunt
924 1910 975 2002 ¹ad
1004 1912 1165 1977 ecclesiae
1196 1911 1340 1992 domum,
1372 1914 1449 1978 totis
1482 1913 1672 1999 direptionis
1698 1911 1859 1977 incendiis
1888 1919 2090 1989 aestuantes,

436 2016 513 2080 dum
530 2037 625 2102 quem
642 2015 798 2080 videbant
814 2036 950 2100 erogare
966 2015 1117 2101 plurima,
1140 2015 1351 2102 perinmensa
1374 2017 1624 2103 suspicabantur
1647 2015 1861 2082 abscondere.
1898 2015 2088 2103 pronefas!
2145 2041 2169 2077 o

437 2121 608 2185 thesauros
632 2121 732 2185 cruda
755 2121 922 2186 barbaries
946 2111 1172 2205 quaerebat‘in
1190 2126 1287 2199 terra,
1311 2141 1392 2205 quos
1408 2121 1463 2186 ille
1480 2120 1521 2185 ad
1538 2120 1695 2185 caelestia
1710 2125 1839 2184 secreta
1853 2120 2092 2184 transmiserat.

435 2224 585 2310 diripitur
615 2225 713 2289 etiam
746 2231 860 2290 sancta
891 2225 960 2288 cius
993 2244 1152 2310 germana
1182 2229 1215 2287 ct
1246 2244 1390 2288 seorsum
1419 2223 1460 2288 ab
1490 2245 1529 2288 eo
1557 2223 1756 2309 captivitatis
1791 2227 1878 2287 sorte
1911 2221 2091 2289 deducitur.

436 2349 548 2393 omnes
577 2328 735 2392 nobilium
759 2350 778 2392 a
802 2329 869 2391 suis
897 2327 1041 2392 familiae
1070 2332 1329 2412 sequestrantur.
1374 2327 1552 2392 Luminosa
1582 2327 1819 2412 gloriosissima
1846 2325 1970 2390 femina
1998 2326 2094 2411 parili

383 2433 424 2494 98
438 2431 645 2495 necessitatis
676 2431 865 2496 condicione
895 2430 1137 2514 constringitur.
1183 2430 1329 2495 odolor!
1369 2437 1528 2516 utraeque
1560 2431 1720 2496 ecclesiae
1750 2429 1887 2495 flammis
1917 2428 2093 2492 hostilibus

437 2543 697 2615 concremantur,
721 2542 789 2599 tota
811 2535 926 2599 civitas
950 2535 1044 2620 quasi
1068 2555 1167 2619 rogus
1191 2534 1377 2620 effulgurat.
1423 2541 1611 2600 cunctorum
1636 2555 1733 2598 voces
1756 2532 1960 2598 sacerdotem
1983 2532 2092 2616 requi·
2145 2556 2171 2594 zo

436 2639 577 2703 rentium
604 2638 789 2704 audiuntur.
834 2660 930 2704 nemo
960 2637 1096 2723 periculi
1124 2639 1174 2702 sui
1205 2639 1414 2719 meminerat,
1443 2639 1520 2703 dum
1549 2639 1653 2703 maior
1679 2639 1720 2703 ab
1752 2638 1816 2702 illis
1846 2638 1960 2702 salutis
1989 2637 2092 2723 portio

436 2742 644 2808 divideretur.
691 2743 742 2806 cui
766 2743 913 2828 quamvis
937 2743 1073 2806 confusa
1095 2742 1128 2806 in
1152 2742 1353 2826 singulorum
1377 2742 1514 2808 exitium
1538 2743 1634 2807 turba
1656 2742 1826 2820 fremeret,
1856 2741 1959 2805 honor
1981 2745 2092 2806 tamen
2107 2763 2179 2813 aasz

383 2846 424 2906 99
437 2851 471 2910 et
500 2847 586 2910 inter
615 2845 741 2930 gladios
771 2845 1019 2931 inpendebatur.
1071 2867 1146 2911 nam
1178 2846 1255 2910 ilico
1291 2867 1355 2910 non
1386 2846 1519 2911 luerunt
1547 2867 1627 2932 quos
1655 2846 1761 2931 potuit
1787 2844 1898 2910 ridere
1929 2845 2092 2931 captivos:

435 2949 659 3015 venerabilem
682 2971 871 3033 germanam
895 2971 997 3029 suam,
1021 2950 1209 3037 priusquam
1234 2951 1267 3013 in
1285 2971 1458 3036 vesperam
1481 2950 1546 3014 diei
1571 2950 1656 3015 illius
1680 2950 1738 3013 lux
1761 2949 1892 3014 funesta
1914 2948 2093 3030 laberetur,

436 3052 570 3139 eripuit;
600 3053 756 3138 plurimos
779 3054 878 3118 etiam
902 3053 1019 3117 civium
1043 3053 1185 3118 absolvit
1208 3059 1343 3138 precatu
1367 3074 1445 3133 suo,
1475 3059 1651 3139 antequam
1675 3052 1868 3117 durissimae
1892 3051 2094 3117 condicionis
2147 3076 2171 3114 a

436 3156 544 3220 vincla
567 3156 892 3238 sentirent,matres
922 3156 1063 3221 familias
1089 3157 1281 3242 praecipue,
1312 3178 1393 3243 quas
1417 3157 1578 3222 inmanior
1600 3157 1632 3220 io
1657 3156 1718 3220 hac
1743 3156 1941 3222 necessitate
1966 3163 2096 3242 poterat

366 3268 424 3328 100
437 3279 569 3324 manere
594 3260 817 3324 commoratio.
862 3266 1025 3346 postremo
1049 3265 1154 3324 status
1178 3260 1334 3338 civitatis,
1364 3280 1460 3345 quem
1487 3259 1662 3324 multitudo
1691 3259 1863 3324 barbarica
1894 3258 2095 3336 succidebat,

437 3364 533 3428 unius
556 3364 753 3430 fortissimae
777 3365 947 3429 columnae
977 3368 1180 3429 sustentatus
1210 3363 1403 3449 resurgebat
1431 3363 1571 3443 auxilio,
1604 3384 1664 3427 nec
1693 3368 1820 3427 tantum
1849 3361 1892 3426 od
1919 3361 2095 3427 delendum

439 3466 623 3532 sufficiebat
646 3469 821 3548 exercitus,
845 3474 1002 3553 quantum
1026 3466 1067 3532 ad
1090 3466 1308 3553 reparandum
1331 3468 1428 3532 unius
1451 3488 1591 3554 persona
1613 3467 1786 3554 pontificis.
1832 3466 1960 3531 sublato
1984 3473 2095 3532 tamen

438 3571 559 3636 Oreste
583 3577 617 3635 et
639 3577 772 3657 propter
794 3572 1021 3637 Placentinam
1043 3572 1158 3637 urbem
1183 3572 1329 3638 extincto
1353 3570 1619 3657 depraedationis
1643 3572 1782 3656 impetus
1804 3570 2003 3658 conquievit.

366 3679 420 3739 101
545 3673 627 3739 Post
661 3695 755 3760 quem
786 3675 931 3740 adscitus
964 3676 996 3740 ln
1030 3697 1167 3761 regnum
1199 3674 1378 3740 Odovacris
1412 3681 1504 3740 tanto
1540 3677 1627 3741 cultu
1661 3675 1823 3760 insignem
1852 3675 1956 3739 virum
1989 3677 2096 3761 coepit

439 3778 612 3858 honorare,
646 3785 682 3844 ut
709 3779 853 3844 omnium
884 3781 1094 3846 decessorum
1125 3801 1256 3846 suorum
1284 3781 1371 3845 circa
1400 3801 1475 3846 eum
1502 3778 1610 3843 cilicia
1631 3777 1854 3864 praecederet.
1899 3779 2026 3844 interea
2052 3800 2094 3844 ne

438 3881 495 3946 diu
518 3881 637 3946 favillis
661 3881 826 3948 domicilia
848 3883 959 3948 divina
985 3890 1223 3969 premerentur,
1253 3890 1329 3949 ante
1358 3884 1516 3968 gloriosus
1539 3883 1678 3948 antistes
1703 3881 1934 3947 reaedificandi
1958 3883 2096 3968 sumpsit

437 3985 580 4049 animum
610 4006 707 4070 quam
743 4009 907 4073 expensas
939 3995 995 4053 aut
1027 3987 1245 4053 substantiam
1281 3987 1507 4075 praeparandi.
1553 3987 1697 4072 ingentis
1725 3987 1821 4073 pretii
1851 3985 1993 4052 fabricas
2023 3987 2094 4050 sine

438 4110 643 4154 nummorum
665 4089 824 4154 adtollere
847 4091 978 4156 condito
1002 4113 1067 4156 non
1090 4093 1239 4179 expavit,
1263 4093 1464 4180 apostolicae
1488 4091 1718 4158 admonitionis
1742 4091 1830 4156 haud
1852 4090 1986 4171 inscius,
2009 4089 2094 4176 quod
2159 4112 2170 4148 s

341 4219 344 4228 ³
438 4194 596 4258 caelestia
625 4215 727 4279 regna
754 4195 985 4279 quaerentibus
1017 4195 1209 4261 indeficiens
1237 4197 1357 4282 iugiter
1383 4218 1501 4262 census
1532 4195 1692 4262 exuberet
1718 4201 1752 4260 et
1774 4194 1815 4260 de
1844 4196 1943 4280 pleno
1967 4214 2095 4279 semper

309 4381 310 4384 Ἴ
367 4296 604 4381 102inpertiat,
626 4317 723 4381 quem
746 4318 810 4362 non
834 4297 985 4384 opprimit
1007 4298 1040 4363 in
1063 4301 1223 4387 largiendi
1246 4303 1415 4367 voluntate
1440 4305 1625 4387 paupertas.
1673 4297 1803 4364 dicebat
1825 4299 1926 4364 enim:
1950 4297 2017 4364 ‘rix
2033 4303 2095 4379 est,

542 4607 559 4658 2
578 4609 689 4660 sentibat
705 4609 797 4674 scripsi
811 4626 868 4660 cum
881 4608 969 4674 Hert,
986 4610 1099 4662 mutiunt
1109 4609 1144 4675 B,
1160 4613 1286 4666 sentiebat
1299 4615 1375 4666 ceteri
1487 4612 1505 4666 3
1522 4621 1548 4666 et
1565 4613 1667 4666 inclusit
1679 4611 1757 4663 Hert.
1829 4609 1878 4677 dei]
1897 4611 1993 4663 domini
2008 4609 2097 4662 Schctt

438 4704 462 4748 st
479 4695 548 4747 Boii.
671 4693 688 4746 5
705 4695 818 4761 inquiret
835 4695 861 4746 Β
938 4696 1005 4748 inter
1021 4697 1161 4764 gerrimum
1177 4698 1203 4749 B
1282 4701 1419 4753 lacesseret
1435 4700 1493 4751 edit.
1615 4695 1631 4750 6
1649 4699 1731 4765 eriget
1742 4697 1767 4748 Β
1845 4695 1963 4764 crimina]
1981 4697 2098 4763 germina

438 4782 479 4834 cst
495 4782 592 4833 munina
609 4781 705 4832 cauffo
819 4778 834 4831 7
852 4782 1006 4848 perditorem
1019 4782 1044 4833 Β
1152 4783 1187 4836 10
1205 4785 1352 4853 praedandi]
1371 4787 1520 4854 praedumdi
1533 4785 1628 4836 ΒΨ
1696 4784 1839 4837 inardescet
1851 4783 1876 4835 Β
1985 4780 2018 4832 12
2035 4783 2097 4833 ami·

438 4869 536 4920 ciarum
549 4866 573 4918 Β
689 4865 722 4918 13
739 4869 918 4935 supponebant
933 4868 958 4918 V
1074 4867 1107 4922 14
1125 4888 1154 4924 ec
1165 4869 1177 4936 ΙΙ
1189 4872 1312 4925 ecclesiae
1324 4872 1349 4923 Β
1470 4869 1502 4924 15
1520 4873 1697 4940 perinmensse
1712 4870 1738 4921 B
1857 4868 1889 4922 16
1907 4870 2060 4923 thensauros
2072 4867 2098 4918 Β

443 4951 474 5004 19
493 4953 680 5006 necessitetssis
698 4952 731 5017 (is
749 4953 798 5006 det.
811 4962 834 5006 st
845 4955 853 5005 i
866 4971 922 5021 usp.
934 4953 996 5020 scr.)
1010 4955 1035 5006 Β
1133 4954 1168 5009 20
1185 4959 1325 5025 effulgurat
1337 4957 1386 5022 131,
1403 4959 1540 5026 effirlgorat
1550 4955 1625 5010 ΒΝ
1717 4955 1750 5008 21
1770 4957 1879 5024 periculi
1889 4984 1922 4994 —
1935 4955 2097 5023 singulorum

439 5041 526 5092 cm.0
625 5037 660 5090 24
677 5041 719 5092 die
731 5040 758 5091 B
886 5039 921 5092 25
938 5041 1039 5110 eripuet
1054 5039 1097 5094 13¹
1225 5041 1260 5094 26
1277 5045 1383 5098 ulncula
1403 5044 1461 5097 Tot
1585 5041 1619 5094 27
1637 5043 1763 5096 daimatis
1774 5043 1821 5094 Βαι
1906 5042 2060 5095 succedebat
2072 5041 2099 5092 B

439 5123 474 5178 33
490 5127 591 5179 antistis
603 5124 681 5177 BVL
784 5123 818 5177 35
835 5126 951 5180 attollere
970 5126 995 5177 V
1092 5127 1127 5181 37
1145 5131 1272 5198 opprimet
1284 5131 1309 5183 B

544 5367 561 5421 9
580 5365 661 5420 Paul.
680 5365 737 5420 tat.
760 5351 849 5421 ΧΠ
870 5365 915 5432 (X
921 5365 965 5420 VI
977 5373 1011 5422 10
1033 5367 1139 5437 ligem:
1166 5366 1290 5438 ingresso
1315 5385 1381 5440 ergo
1406 5369 1517 5425 Italiam
1537 5369 1679 5424 Odovacre
1703 5368 1800 5424 statim
1823 5368 1849 5424 ei
1872 5367 1945 5438 apud
1966 5367 2099 5438 Liguriae

441 5453 574 5508 terminos
594 5452 704 5507 Orestes
728 5452 862 5522 patricius
886 5453 1018 5518 occurrit,
1042 5453 1090 5523 qui
1112 5453 1243 5510 adversus
1265 5454 1446 5510 fortissimam
1469 5455 1680 5512 multitudinem
1705 5454 1776 5509 nihil
1800 5473 1829 5510 se
1849 5455 2010 5525 praevalere
2034 5473 2099 5511 con·

441 5539 567 5608 spiciens,
586 5539 707 5594 maxime
725 5557 788 5594 cum
806 5555 870 5594 eum
888 5538 945 5594 iam
963 5539 1079 5609 quidam
1095 5557 1207 5598 suorum
1219 5541 1414 5608 deseruissent,
1434 5545 1510 5598 metu
1523 5542 1649 5613 trepidus
1661 5541 1737 5596 intra
1749 5541 1879 5596 Ticinum
1892 5559 1921 5597 se
1933 5542 2099 5600 munitionis

441 5625 543 5682 fiducia
561 5625 711 5680 concludit.

544 5713 578 5766 30
598 5711 696 5767 Gluou.
716 5711 826 5782 (hique
846 5711 884 5766 act
900 5729 946 5766 cu.
960 5718 1025 5768 476:
1051 5712 1157 5770 occisus
1176 5715 1218 5769 est
1237 5713 1347 5772 Orestes
1365 5714 1501 5788 patricius
1519 5712 1678 5778 pruentia
1696 5712 1729 5786 cf.
1748 5711 1829 5774 Paul.
1847 5713 1906 5774 hist.
1922 5715 1939 5768 t.
1954 5730 1976 5772 c.
