4566 6532
421 398 483 460 264
1072 392 1227 448 ccouxrn
1247 392 1350 460 [olor.
1367 395 1421 462 m).

420 591 440 632 a
463 589 515 632 me
545 567 684 653 proiciet
713 567 869 632 alimenta
897 566 1052 645 fastidiis,
1082 588 1146 652 quo
1175 567 1380 633 devotionem
1405 589 1511 633 meam
1534 587 1671 632 rancore
1695 566 1834 631 calcabit
1857 565 1952 631 homo
1976 587 2081 651 quem

365 669 663 736 ’ltmieericordem
686 669 823 750 babere,
848 677 881 736 et
904 669 980 735 dnm
1004 691 1112 736 eseam
1134 669 1220 735 inter
1242 677 1406 750 extrema,
1431 691 1494 735 non
1518 670 1625 755 potui!
1671 690 1713 733 ex
1736 671 1916 753 aeqno'me
1940 676 1975 735 et
1997 691 2079 755 ger·

417 795 549 838 manum
580 794 687 839 meum
720 774 980 859 redemptionem
1008 773 1127 839 litteris
1156 774 1345 860 poposcisse
1374 774 1560 852 denuntiat,
1591 772 1723 859 paribus
1754 772 1993 839 absolutionem
2025 774 2077 837 in-

418 878 566 964 plorasse
598 876 757 957 lacrimis,
791 877 825 940 in
855 877 954 942 simili
985 878 1145 962 epistulas
1177 878 1373 942 constitutos
1402 883 1490 942 sorte
1526 875 1679 940 dictasse.
1732 895 1799 940 non
1829 896 1974 955 renunc,
2008 897 2078 941 non

419 980 539 1045 refuto:
570 980 671 1045 habet
693 979 733 1044 de
757 979 818 1044 hae
842 980 1026 1045 obiectione
1049 981 1228 1046 victoriam.
1272 979 1353 1044 illud
1377 987 1488 1046 tamen
1511 980 1638 1064 flagito,
1668 1001 1752 1064 qnae
1775 1000 1876 1045 eausa
1898 979 2017 1044 fecerit
2040 986 2079 1044 ut
2145 1027 2150 1036 .

419 1082 506 1168 qnod
540 1082 604 1147 duo
638 1088 874 1168 poposcerunt,
908 1081 1035 1148 duobus
1068 1089 1120 1148 est
1147 1082 1312 1162 debitum,
1347 1102 1431 1148 nnus
1466 1083 1652 1168 acceperit?
1703 1104 1763 1168 pro
1795 1083 1939 1168 utrisque
1970 1084 2079 1148 maria

365 1186 406 1246 26
419 1186 548 1252 intrasti
571 1193 605 1251 et
626 1187 782 1272 liquentis
806 1187 962 1251 elementi
984 1187 1101 1268 minas,
1132 1193 1288 1272 qnantum
1312 1186 1450 1266 adseris,
1481 1187 1605 1273 pietate
1629 1186 1712 1253 duce
1735 1187 1893 1254 transisti.
1938 1187 2077 1272 quiade

419 1290 552 1376 gemina
582 1290 716 1355 caritate
747 1289 859 1354 credat
887 1289 1010 1354 homini
1038 1311 1111 1356 eum
1133 1312 1199 1356 uno
1229 1290 1420 1357 redeuntit
1445 1281 1622 1375 numquam
1651 1288 1876 1356 misericordia
1898 1291 1960 1355 nisi
1985 1292 2076 1376 pari·

420 1394 534 1459 clitata
555 1391 721 1457 landetur:
751 1413 815 1477 quo
838 1391 973 1479 pudore,
1004 1400 1154 1459 cessante
1177 1394 1309 1470 effectu,
1331 1392 1540 1478 praedicatur
1563 1394 1715 1458 affectio?
1761 1393 1918 1478 numquid
1942 1415 2078 1480 semper

322 1543 325 1549 ,
420 1503 584 1562 secretum
613 1497 756 1583 pectoris
784 1497 960 1562 innotescit
983 1498 1143 1563 veraciter
1172 1497 1263 1562 clave
1287 1497 1469 1561 sermonis?
1514 1496 1635 1582 pietas,
1664 1517 1748 1581 quse
1772 1518 1837 1562 non
1860 1498 1960 1562 etiam
1983 1502 2078 1561 muta

419 1600 518 1666 rebus
545 1605 687 1692 tenetur,
719 1605 886 1665 ostentum
915 1606 975 1665 est.
1021 1601 1107 1665 inter
1136 1620 1250 1665 omnes
1280 1601 1429 1664 homines
1452 1600 1645 1665 inconvulsa
1668 1621 1758 1665 amor
1781 1599 1889 1666 radice
1913 1601 2078 1678 subsistit,

419 1703 446 1767 si
470 1703 558 1768 valet
587 1703 648 1767 ista
677 1703 822 1767 iactatio.
867 1703 923 1768 lex
950 1702 1042 1768 dicit:
1073 1705 1140 1767 ‘ant
1168 1704 1237 1767 alat
1266 1709 1323 1768 aut
1347 1699 1528 1767 vinciatur'.
1574 1703 1694 1768 clamat
1719 1709 1828 1789 pater:
1863 1705 1989 1789 ‘pastus
2013 1704 2078 1768 iste

366 1805 559 1893 riparensi,
583 1806 635 1871 vel
657 1805 685 1870 si
708 1826 774 1869 non
797 1804 947 1885 redimat,
970 1806 1034 1870 iam
1058 1804 1217 1872 debetnr’.
1263 1806 1304 1870 ad
1328 1806 1388 1870 hae
1411 1812 1444 1872 te
1470 1805 1623 1891 equidem
1646 1813 1767 1892 partes,
1792 1827 1866 1872 curn
1889 1807 1931 1872 ab
1953 1807 2076 1886 officio,

419 1909 470 1974 cui
498 1930 572 1974 eras
600 1930 660 1996 per
690 1916 840 1974 naturam
870 1910 1047 1989 obnoxius,
1082 1931 1248 1990 cessares,
1279 1909 1429 1984 armasti:
1467 1909 1592 1994 proficit
1619 1917 1755 1975 ventoso
1787 1909 1956 1975 munimini
1987 1911 2077 1996 quod

418 2012 582 2098 genuinae
610 2019 767 2098 negatum
799 2019 850 2076 est
878 2013 1016 2098 turpiter
1044 2012 1189 2098 puritati.
1234 1997 1330 2076 erede
1359 2011 1454 2092 mihi,
1485 2013 1540 2076 lex
1569 2033 1642 2076 cnm
1669 2019 1839 2098 parentem
1872 2014 1983 2100 locuta
2013 2020 2076 2091 est,
2146 2035 2158 2070 s

419 2137 484 2180 non
507 2116 610 2180 tacuit
631 2114 888 2202 redemptorem:
913 2115 1043 2180 hortata
1066 2122 1116 2180 cst
1138 2115 1232 2179 iussit
1254 2115 1392 2180 extorsit
1408 2114 1563 2179 universa
1578 2115 1780 2182 sufficienter
1795 2116 1912 2202 inpleri
1929 2116 2079 2200 religiosi

420 2219 530 2305 operis
558 2225 762 2284 sacramenta
788 2241 849 2305 per
876 2219 1017 2283 nomina.
1063 2219 1231 2282 calamitae
1260 2239 1334 2283 mea
1364 2239 1480 2284 sensus
1514 2225 1588 2284 tuos
1616 2219 1658 2284 ad
1689 2220 1786 2285 huius
1811 2221 1858 2285 rei
1882 2221 2074 2288 intellectus

420 2322 571 2386 obnubit:
606 2322 787 2408 redemptio
816 2323 875 2400 fili,
905 2343 989 2409 qnae
1019 2329 1070 2387 cst
1097 2322 1130 2386 in
1161 2321 1331 2406 diligentia
1357 2320 1624 2402 necessitudinis,
1655 2343 1729 2388 esse
1760 2343 1825 2387 non
1855 2324 1962 2408 potuit
1985 2331 2020 2390 et
2043 2324 2077 2388 iu

368 2427 615 2512 28praeoeptis.
661 2426 864 2511 impietatem
893 2446 1000 2490 meam
1024 2426 1113 2490 etin
1136 2425 1330 2491 liberatione
1353 2425 1465 2491 fratris
1489 2425 1654 2505 invidiam,
1683 2426 1760 2491 dum
1782 2425 1917 2492 Ledaea
1938 2427 2078 2512 pignora

418 2529 548 2609 laudas,
579 2549 725 2594 accusas.
770 2529 875 2594 nescis
904 2529 997 2614 qnia,
1030 2528 1058 2593 si
1084 2529 1169 2593 inter
1195 2529 1269 2592 illos
1298 2535 1375 2594 tuae
1404 2527 1638 2593 distributionis
1668 2531 1884 2616 processisset
1911 2531 2078 2614 aequatio,
2133 2585 2144 2595 .

419 2639 612 2717 generasset
645 2653 800 2697 errorem.
851 2654 927 2696 nam
961 2653 1062 2696 unum
1094 2632 1126 2695 in
1161 2637 1322 2718 perpetuo
1350 2631 1471 2696 decore
1504 2633 1603 2714 lucis,
1639 2635 1778 2698 altemm
1811 2635 1844 2698 iu
1873 2635 1940 2718 iugi
1971 2635 2078 2698 noctis

420 2735 628 2822 possessione
657 2734 858 2800 damnasses.
903 2736 1052 2814 mentior,
1083 2736 1110 2798 si
1138 2736 1202 2800 alie
1231 2733 1353 2800 indicia
1381 2742 1440 2800 tna
1463 2737 1603 2801 extitere
1626 2736 1668 2802 de
1692 2737 1779 2801 filiis.
1825 2738 1978 2823 quidnam
2003 2759 2078 2802 esse

422 2839 594 2919 censuisti,
619 2860 692 2904 cum
715 2860 814 2903 unum
838 2860 1015 2925 numquam
1037 2839 1205 2903 habiturus
1229 2839 1337 2925 pirata
1359 2839 1552 2920 dimitteret,
1582 2841 1680 2905 alium
1704 2861 1879 2926 numquam
1903 2842 2078 2906 relicturus

367 2953 409 3014 29
421 2943 515 3030 qnasi
538 2951 632 3029 patre
656 2943 805 3008 tradente
828 2944 1006 3008 retineret?
1052 2943 1209 3029 quidquid
1233 2950 1308 3029 post
1331 2944 1443 3008 oeulos
1465 2949 1538 3007 tuos
1561 2944 1594 3007 in
1616 2944 1674 3008 illa
1697 2944 1792 3009 ferali
1814 2950 1903 3010 terra
1925 2946 2078 3025 sustinui,

422 3069 441 3112 a
464 3053 497 3112 te
525 3048 726 3133 processisse
755 3068 819 3112 non
848 3046 970 3111 dubito.
1017 3068 1093 3133 spcs
1123 3046 1201 3110 mihi
1230 3047 1386 3111 universa
1414 3051 1609 3133 consumpta
1633 3054 1697 3128 cst,
1726 3055 1898 3134 postquam
1928 3049 1998 3113 sine
2023 3070 2077 3114 me
2133 3073 2158 3112 ss

422 3150 462 3215 de
486 3150 556 3214 solo
584 3150 754 3216 barbarico
777 3150 966 3236 redemptor
988 3150 1159 3216 abscessit.
1204 3170 1286 3235 quas
1309 3170 1410 3214 naves
1433 3148 1475 3214 ad
1497 3149 1593 3214 litora
1614 3151 1793 3216 inhumana
1815 3151 1989 3217 tendentes
2014 3175 2079 3217 non

422 3254 545 3340 primns
575 3254 716 3340 inspexi!
763 3260 796 3318 et
824 3253 980 3339 quidquid
1006 3259 1207 3319 vanescente
1235 3253 1361 3317 visione
1392 3273 1458 3317 uon
1487 3254 1709 3338 sequebantur
1731 3255 1833 3338 oculi,
1863 3261 1975 3320 mente
2000 3277 2080 3321 con-

368 3366 409 3428 30
421 3357 592 3444 prehendi,
616 3358 694 3444 quia
715 3358 868 3442 sagacius
893 3358 1072 3444 inspiciunt
1093 3357 1215 3442 aliquid
1238 3358 1293 3442 qui
1315 3357 1498 3443 promptius
1521 3358 1776 3443 praestolantur.
1823 3358 1975 3443 quotiens
2000 3367 2079 3424 ante

422 3461 598 3526 adventurn
621 3468 722 3544 tuum,
747 3461 928 3548 siquando
952 3483 1010 3526 nos
1033 3461 1173 3525 lustrare
1197 3480 1309 3526 aerem
1332 3462 1438 3546 pirata
1461 3461 1620 3547 permisit,
1648 3462 1682 3526 in
1706 3463 1873 3527 extraneis
1896 3462 1976 3528 mihi
2000 3484 2079 3548 per-

421 3563 509 3628 sonis
544 3571 639 3658 pater
673 3565 814 3630 occurrit
843 3570 876 3630 et
905 3563 971 3628 vidi
1002 3563 1076 3642 hes,
1111 3582 1193 3649 quas
1226 3562 1290 3626 sibi
1323 3583 1415 3628 amor
1449 3564 1520 3629 sine
1551 3565 1731 3630 mentiendi
1767 3564 1929 3630 dedccora
1959 3567 2079 3651 pingit,

422 3666 570 3753 effigies?
615 3669 664 3734 hie
687 3668 884 3752 imaginibus
909 3667 965 3732 din
988 3666 1163 3731 sollicitata
1186 3664 1284 3730 eorda
1306 3665 1478 3732 feriuntur.
1518 3667 1597 3732 hen!
1628 3668 1778 3754 quotiens
1802 3670 1975 3733 rennuenti
1998 3669 2081 3734 milri

421 3770 512 3837 cibos
546 3792 627 3856 qnos
649 3773 756 3858 pirata
778 3771 980 3858 praestabat,
1003 3770 1066 3834 hac
1089 3769 1248 3834 barbarus
1272 3770 1494 3834 consolatione
1519 3771 1688 3836 subvenit:
1724 3773 1781 3836 ‘nil
1803 3778 1942 3850 metuas,
1965 3773 2014 3836 nil
2037 3770 2081 3837 de

421 3873 481 3938 hac
504 3873 690 3940 adflictione
714 3874 875 3961 suspirem
900 3875 928 3938 si
945 3879 1074 3938 creator
1091 3879 1166 3937 tuns
1181 3881 1340 3958 superest,
1363 3895 1479 3960 parum
1496 3896 1516 3938 a
1532 3874 1695 3939 libertatis
1712 3875 1852 3940 statione
1869 3873 2080 3960 seiungeris’.
2146 3915 2156 3930 -.

367 3982 404 4044 31
421 3997 499 4042 eece
527 3977 702 4063 aliqnando
729 3978 834 4043 adfuit
864 4000 934 4042 sors
963 3977 1092 4063 cupitis:
1124 3979 1234 4042 alacer
1261 3976 1340 4041 mibi
1368 3976 1545 4042 adventum
1573 3979 1666 4043 istius
1695 3985 1728 4043 et
1758 3977 1880 4065 praedo
1904 3979 2080 4046 nuntiavit.

421 4101 486 4146 non
515 4081 612 4166 longe
642 4081 704 4146 luit
732 4083 773 4148 ab
802 4083 953 4167 integrae
981 4102 1089 4145 amore
1120 4081 1314 4146 clementiae
1342 4080 1398 4164 qni
1426 4081 1667 4167 redemptorem
1691 4083 1798 4148 laetus
1823 4083 1964 4167 excepit.
2010 4103 2080 4147 non
2148 4106 2160 4143 s

421 4184 604 4266 habuimus,
626 4183 761 4266 iudices,
784 4185 931 4251 dominos
955 4185 1165 4250 inhumanos:
1189 4185 1321 4249 fuerunt
1345 4184 1400 4270 qui
1418 4186 1599 4270 potuissent
1623 4191 1656 4250 ct
1679 4201 1776 4271 praee
1794 4186 1922 4250 molliri.
1961 4186 1989 4250 si
2006 4188 2080 4251 auri

420 4287 565 4374 inopiam
589 4295 848 4374 conpensassent
869 4289 1034 4369 lacrimae,
1057 4309 1122 4352 nno
1143 4294 1291 4373 tempore
1307 4292 1463 4373 utrosque
1479 4287 1666 4354 reduxerat.
1705 4295 1844 4354 testatus
1860 4294 1911 4354 eet
1927 4288 2079 4354 uoluisse

421 4391 493 4457 fieri
515 4390 601 4477 quod
624 4411 689 4455 non
704 4397 755 4456 eet
769 4412 888 4477 magno
903 4399 1057 4478 precatus
1073 4389 1238 4477 inpendio.
1278 4390 1467 4477 expendite,
1492 4413 1624 4476 quaeso,
1649 4391 1726 4478 qnid
1742 4413 1761 4455 a
1777 4413 1829 4462 me
1846 4392 1916 4456 iure
1932 4394 2081 4476 postulet

368 4499 410 4561 32
421 4495 476 4581 qui
507 4494 587 4559 mihi
621 4495 654 4558 in
683 4495 807 4561 ultimis
838 4516 900 4561 nec
933 4495 1169 4580 supplicatione
1203 4493 1365 4558 subvenit.
1417 4493 1567 4559 adiecisti
1604 4494 1689 4580 qnod
1727 4496 1906 4581 privilegiis
1939 4500 2080 4561 naturae

421 4599 564 4662 munitus
587 4596 632 4663 sis
656 4601 700 4674 at,
724 4595 811 4682 quod
834 4597 867 4660 in
890 4618 943 4662 me
966 4597 1143 4684 deliquisti,
1166 4618 1231 4661 non
1254 4597 1354 4662 liceat
1368 4596 1535 4664 vindicari.
1575 4597 1633 4663 sed
1656 4619 1720 4663 uon
1743 4599 1844 4664 habet
1866 4599 2080 4665 innocentiae

421 4701 687 4787 praerogativam
708 4699 765 4785 qui
787 4699 1011 4766 defensionem
1036 4722 1128 4766 snam
1150 4701 1240 4766 locat
1261 4700 1296 4764 in
1319 4701 1424 4788 apice.
1462 4702 1575 4766 insons
1600 4703 1737 4768 actionis
1761 4703 1835 4768 lnce
1852 4703 1972 4778 niteat:
1995 4702 2081 4768 eitra

426 4843 473 4850 ..-.

526 4923 540 4977 1
560 4924 623 4992 quo]
641 4925 687 4993 qni
698 4924 723 4975 Β
831 4923 848 4976 2
865 4921 943 4992 inter]
961 4925 1033 4978 intex
1043 4925 1089 4977 Βιι
1197 4923 1315 4978 isimile
1327 4925 1353 4977 Β
1428 4927 1583 4978 constitutus
1595 4925 1622 4976 Β
1689 4944 1742 4978 non
1760 4943 1860 4979 renuno
1877 4943 1929 4978 non
1947 4928 2033 4977 refuto
2047 4927 2082 4991 B,

420 5009 438 5066 ri
453 5012 563 5064 &madro
581 5012 664 5066 ὶίποαο
679 5020 755 5078 para
772 5029 855 5064 mersa
872 5011 962 5064 relicta
977 5010 1024 5077 Vl,
1047 5029 1128 5064 renuo
1146 5009 1164 5062 ri
1178 5029 1264 5064 rerum
1282 5013 1371 5064 littaris
1388 5011 1530 5064 minoribns
1547 5013 1632 5078 usppl.
1648 5009 1688 5061 V²
1705 5009 1756 5076 (val
1770 5011 1834 5077 Vl),
1855 5029 1908 5063 non
1924 5027 2006 5063 renuo
2026 5029 2081 5064 non

420 5115 506 5152 rarum
518 5097 594 5149 LTO
696 5096 713 5148 5
730 5098 825 5152 babeat
841 5115 874 5149 m.
892 5115 942 5150 rac.
959 5098 988 5149 ia
998 5098 1025 5148 B
1039 5106 1063 5150 ct
1079 5099 1093 5149 b
1163 5100 1261 5166 flagitio
1273 5096 1314 5149 B!
1417 5097 1434 5150 6
1454 5100 1514 5150 dum
1532 5107 1591 5151 mata
1609 5098 1660 5149 dno
1678 5098 1742 5151 aad.
1753 5097 1851 5150 Hortcl
1918 5098 2042 5164 acciperit
2054 5099 2080 5149 B

422 5181 438 5236 7
455 5182 547 5250 ruinas]
568 5200 673 5236 maenas
689 5183 715 5234 Β
854 5182 888 5235 10
905 5186 1048 5237 innotemet
1064 5185 1089 5235 B
1229 5182 1260 5236 11
1283 5186 1401 5238 subsistit
1417 5186 1521 5251 scripsi,
1546 5186 1670 5238 subsistet
1687 5185 1746 5236 libri
1889 5181 1922 5234 12
1943 5185 2039 5237 clamet
2056 5186 2083 5236 Β

422 5269 455 5323 13
473 5272 575 5324 debitur
588 5269 614 5319 B
751 5268 784 5322 14
801 5287 914 5324 eesssrm
926 5271 1030 5336 Harrei,
1051 5272 1159 5324 massus
1178 5272 1237 5323 libri
1376 5269 1408 5322 l'l
1426 5279 1488 5325 tuns
1506 5272 1573 5336 libri,
1597 5289 1644 5324 em.
1657 5270 1736 5322 Sirra.
1877 5267 1909 5320 18
1926 5272 2045 5324 obnubet
2057 5272 2083 5324 B

421 5357 468 5409 lilii
484 5357 508 5408 V
568 5365 595 5410 et
611 5375 661 5410 om.
676 5356 772 5409 VLTO
875 5355 907 5408 19
925 5358 1028 5410 hadasa
1040 5356 1074 5422 B,
1091 5357 1163 5410 ledea
1178 5357 1203 5407 V
1303 5355 1339 5409 20
1351 5355 1443 5410 'hadar
1454 5358 1481 5408 B
1549 5359 1713 5426 processisset
1730 5375 1791 5425 ergo
1809 5359 1927 5424 aequatio
1942 5357 2005 5423 (aa.
2019 5376 2083 5427 ergo

420 5461 490 5496 maa.
508 5443 573 5508 arsa)
590 5443 615 5494 Β
717 5441 751 5494 22
767 5444 910 5496 muressis
920 5443 953 5507 B,
971 5444 1135 5512 dampnasses
1151 5443 1180 5508 V,
1197 5445 1342 5497 damnasset
1355 5444 1433 5496 Sam.
1539 5441 1573 5495 23
1592 5444 1729 5496 demitterit
1741 5444 1766 5494 B
1869 5440 1903 5494 24
1920 5444 2047 5510 quicquid
2063 5445 2089 5494 V

421 5532 539 5583 suatenni
550 5529 576 5580 B
688 5525 722 5579 21
740 5529 862 5596 quicquid
878 5529 904 5579 V
972 5532 1122 5583 mmsceute
1134 5529 1160 5580 Β
1271 5526 1306 5581 28
1323 5531 1511 5597 praestolantur
1526 5529 1551 5580 V
1620 5538 1679 5582 anta
1702 5531 1730 5581 irs
1748 5530 1783 5581 lit.
1796 5530 1821 5580 Β
1933 5527 1969 5580 30
1990 5531 2085 5598 pinget

422 5613 483 5679 (del.
501 5613 530 5681 n)
544 5615 569 5666 B
673 5611 706 5665 31
725 5617 844 5667 renuenti
859 5615 884 5665 V
1000 5613 1034 5668 32
1051 5617 1125 5668 cibus
1138 5615 1164 5666 B
1283 5612 1318 5666 33
1335 5617 1473 5668 afflictione
1489 5615 1513 5664 V
1594 5615 1701 5688 suspirie
1712 5614 1738 5666 Β
1818 5611 1918 5689 parurn]
1938 5623 2044 5688 panum
2056 5617 2083 5672 Β

421 5700 456 5756 34
473 5703 565 5772 eapitis
576 5701 602 5756 Β
705 5697 740 5754 35
756 5702 857 5772 integra
868 5700 902 5765 B,
919 5702 1019 5776 integro
1030 5703 1099 5770 sort.
1203 5699 1236 5753 37
1254 5702 1382 5776 ienopiam
1395 5700 1420 5754 B
