4596 6450
943 399 1050 454 ccxiv
1069 400 1171 468 (nior.
1191 404 1226 470 a).

933 723 1070 793 ccxIv
1093 727 1187 812 (nior.
1205 729 1250 814 3).

421 1033 423 1038 Ι
492 918 651 993 DICTIO
683 921 816 993 DATA
847 921 1080 996 STEFANIO
1107 923 1151 996 V.
1180 925 1218 997 S.
1246 923 1445 999 VICARIO
1476 927 1685 1002 DICENDA

852 1061 1043 1134 MAXIMO
1075 1061 1317 1137 EPISCOPO.

372 1207 502 1299 Prodit
524 1231 697 1318 religiosae
721 1240 831 1298 votum
854 1235 1074 1300 conscientiae
1099 1255 1191 1299 mens
1215 1235 1368 1300 laudibus
1391 1235 1510 1302 devota
1532 1239 1732 1325 pontificum.
1771 1238 1943 1306 adsertiol

261 1340 384 1426 ingenii
405 1344 470 1420 est,
500 1336 561 1401 deo
585 1337 844 1422 obsequentibus
867 1341 1055 1424 mancipare
1078 1339 1165 1424 qnod
1191 1341 1366 1426 loquimur;
1398 1342 1590 1428 inquorum
1620 1345 1802 1428 praeconiis
1829 1344 1913 1411 forte

196 1485 207 1519 s
260 1451 420 1532 angustus
450 1461 556 1507 sermo
579 1441 693 1524 vulget
721 1441 922 1528 inperitiam,
954 1443 1141 1508 manifestat
1168 1450 1293 1523 tamen,
1324 1446 1351 1508 si
1375 1445 1588 1522 abstineatur,
1620 1447 1798 1512 infantiam.
1843 1449 1915 1534 quis

260 1549 444 1616 mendicam
467 1546 686 1610 narrationem
717 1545 885 1626 aestimet,
915 1567 1011 1631 quam
1036 1552 1112 1609 vota
1139 1548 1361 1631 locupletant?
1408 1568 1508 1632 saepe
1531 1549 1564 1611 in
1587 1548 1761 1614 facundiae
1784 1550 1947 1615 dotibus2

260 1674 386 1742 pauper
408 1650 575 1716 invenitur
596 1669 681 1714 vena
704 1649 939 1734 praedicantis,
969 1657 1003 1714 et
1025 1671 1043 1713 c
1068 1649 1196 1714 diverso
1222 1649 1397 1714 thesaurus
1420 1651 1527 1715 cordis
1550 1653 1690 1718 inradiat
1712 1655 1745 1716 in
1769 1658 1917 1738 egestate

260 1759 444 1824 verborum.
496 1753 551 1840 qni
578 1753 649 1818 vioe
681 1753 735 1818 dei
764 1754 901 1832 iudicat,
936 1775 1000 1818 non
1032 1753 1199 1818 desiderat
1233 1754 1322 1839 picta
1354 1755 1519 1840 colloquia
1548 1754 1607 1820 sed
1640 1777 1723 1842 quae
1756 1756 1918 1821 infucatus

261 1857 467 1928 commendat
494 1858 579 1922 nitor
605 1857 747 1942 ingenii,
779 1857 856 1942 quia
885 1858 918 1922 in
946 1857 997 1922 his
1022 1858 1121 1922 etiarn
1145 1858 1215 1922 sine
1238 1878 1350 1922 amore
1375 1857 1540 1923 blanditur
1563 1860 1766 1945 eloquentia,
1798 1859 1918 1924 inillis

262 1964 471 2054 splendorem
495 1983 589 2026 suum
612 1961 731 2025 veritas
755 1961 842 2025 nuda
865 1961 1078 2026 commendat.
1121 1961 1190 2025 sine
1213 1960 1325 2025 faleris
1349 1967 1401 2026 est
1424 1977 1519 2027 omne
1542 1962 1629 2049 quod
1652 1962 1752 2028 dictat
1773 1964 1947 2029 affectio.3

259 2069 301 2136 ad
323 2088 469 2154 unguem
492 2064 693 2129 fabricantur
713 2064 779 2145 illa,
803 2085 886 2149 quae
907 2064 1057 2129 volumus
1081 2071 1235 2130 nontam
1259 2066 1404 2151 speciem
1428 2066 1511 2130 recti
1533 2066 1656 2131 habere
1681 2088 1779 2153 quam
1803 2067 1917 2131 simili·

259 2173 415 2239 tudinem.
453 2169 495 2233 ad
512 2175 554 2249 te,
571 2168 769 2234 venerabilis
786 2167 863 2232 mihi
880 2169 1017 2232 antistes
1035 2167 1190 2246 Maxime,
1208 2190 1315 2232 sermo
1332 2175 1391 2250 est,
1409 2170 1460 2232 cui
1476 2170 1509 2232 in
1525 2171 1715 2234 meritorum
1731 2171 1915 2234 testimonio

260 2280 361 2342 virtus
385 2275 493 2361 coepit
516 2272 722 2351 avocabulo,
746 2272 779 2334 in
802 2291 866 2356 quo
890 2277 982 2335 actus
1006 2273 1167 2356 eloquitur
1190 2273 1245 2356 qui
1261 2293 1380 2336 nomen
1395 2273 1550 2358 appellat.
1588 2273 1724 2358 provida
1741 2280 1914 2360 parentum

261 2388 388 2447 tuomm
412 2377 584 2462 diligentia
605 2375 697 2460 prius
720 2380 753 2438 te
778 2373 856 2457 eligi
874 2373 977 2438 voluit
999 2395 1098 2458 qnam
1121 2373 1260 2459 probari.
1301 2383 1333 2439 te
1350 2377 1425 2440 olim
1443 2377 1667 2441 saecularibus
1689 2377 1948 2443 inhaerenteml

197 2539 201 2552 .
261 2485 364 2550 titulis
397 2479 572 2546 castrensis
601 2477 702 2541 sudor
731 2478 874 2542 excoluit
902 2483 935 2540 et
962 2475 1002 2540 ad
1032 2478 1193 2542 ecclesiae
1223 2478 1447 2562 gubernacula
1474 2501 1551 2565 pars
1581 2478 1721 2545 adversa
1753 2480 1916 2560 solidavit,

262 2591 346 2654 sicut
373 2586 455 2652 deus
478 2582 620 2669 loquitur
642 2602 702 2665 per
723 2580 901 2666 profetam:
937 2582 1001 2664 ‘qui
1024 2581 1058 2645 in
1081 2580 1209 2645 modico
1233 2581 1350 2661 tidelis,
1381 2584 1469 2646 etin
1492 2603 1610 2666 magno
1634 2582 1738 2648 fidelis
1762 2582 1832 2649 est'.
1878 2590 2069 2652 tenueram.

262 2711 425 2758 sacrarum
461 2687 561 2752 iudex
592 2691 625 2750 et
653 2684 779 2748 consilii
815 2684 967 2747 comitem
1000 2686 1118 2749 meruit
1147 2692 1181 2748 et
1211 2685 1345 2751 laboris.
1396 2685 1481 2750 bone
1512 2685 1708 2751 venerandis
1740 2686 1916 2752 initiandus

261 2795 418 2860 altaribus
442 2798 475 2856 et
503 2792 536 2856 in
564 2790 648 2854 laica
678 2787 927 2852 conversatione
957 2787 1044 2872 quod
1075 2808 1201 2851 sacmm
1232 2795 1323 2852 esset
1348 2788 1485 2873 elegisti.
1529 2795 1565 2852 tu
1593 2789 1769 2875 pudicitiae
1799 2791 1832 2856 in
1860 2793 1948 2855 illa5

261 2904 370 2963 aetate
395 2903 505 2962 custos
529 2895 682 2958 inventus
706 2911 753 2968 es,
777 2891 810 2954 in
834 2910 898 2974 qua
922 2897 955 2953 et
977 2892 1033 2955 lex
1056 2890 1247 2974 obsequitur
1269 2890 1452 2956 desideriis.
1491 2893 1570 2956 satis
1588 2893 1673 2956 enim
1691 2899 1740 2957 cst
1757 2893 1917 2979 pueritiae

184 3039 189 3051 ·
262 3002 430 3079 ambitum,
455 3019 551 3084 quem
574 2995 706 3062 licentia
729 2994 831 3076 fulcit,
854 2994 990 3059 horreri.
1037 2993 1188 3059 Christus
1212 2995 1333 3060 milites
1357 3017 1444 3072 suos,
1468 3016 1549 3081 quos
1573 2996 1605 3059 in
1628 3017 1801 3082 personam
1824 2995 1917 3062 ducis

259 3104 406 3186 adtollat,
429 3103 515 3168 inter
538 3101 627 3167 acies
650 3099 780 3185 quaerit
802 3097 949 3162 hostiles.
988 3097 1133 3162 adscitus
1158 3099 1320 3164 eeclesiae
1346 3099 1532 3186 pontificem
1549 3100 1676 3166 actibus
1693 3100 1824 3184 inplesti
1841 3107 1916 3166 ante

260 3215 409 3295 tempora
431 3205 610 3292 dignitatis.
647 3224 713 3268 non
736 3202 798 3267 fuit
820 3201 948 3267 advena
970 3200 1168 3286 benignitas,
1193 3223 1277 3288 quae
1301 3208 1437 3266 naturae
1460 3202 1574 3267 innixa
1595 3203 1761 3267 radicibus
1778 3202 1818 3268 de
1836 3224 1917 3269 cano

259 3313 339 3378 flore
362 3332 498 3398 germen
522 3307 671 3374 ostendit.
709 3306 894 3392 temporale
918 3317 969 3372 est
994 3327 1089 3370 omne
1113 3304 1200 3390 quod
1223 3305 1365 3391 fingitur,
1389 3310 1584 3391 perpetuum
1608 3304 1695 3392 qnod
1719 3328 1792 3372 cum
1808 3313 1950 3374 aetated

259 3414 462 3480 maturescit.
500 3434 566 3478 non
589 3411 649 3476 tibi
673 3409 892 3476 sacerdotium
916 3431 985 3474 rem
1008 3408 1084 3473 doni
1107 3408 1271 3474 eredimus
1295 3409 1445 3474 evenisse
1468 3408 1527 3474 sed
1542 3411 1691 3495 praemii.
1729 3411 1811 3476 alios
1827 3413 1918 3497 vulgi

260 3539 340 3583 aura
362 3518 468 3604 gratia
490 3516 698 3581 lenocinante
722 3512 939 3588 commendat,
962 3513 1021 3577 tibi
1045 3512 1150 3597 rigida
1167 3514 1254 3577 eirca
1271 3512 1452 3598 culpabiles
1468 3513 1627 3578 districtio
1644 3512 1735 3579 dedit
1751 3514 1914 3580 affectum.

260 3627 371 3687 manet
400 3628 433 3686 tc
463 3619 638 3705 singularis
667 3616 846 3703 sapientia,
880 3637 965 3701 quae
998 3615 1075 3680 licet
1106 3616 1307 3700 generaliter
1334 3616 1477 3702 optanda
1505 3621 1569 3697 est,
1602 3623 1713 3682 tamen
1743 3619 1856 3684 existit
1884 3619 1917 3683 in

260 3725 415 3811 magistro
447 3723 644 3789 necessaria.
689 3721 811 3784 frustra
840 3721 1007 3784 monitoris
1036 3741 1211 3807 personam
1242 3722 1392 3806 suscipit,
1423 3720 1478 3806 qni
1506 3720 1628 3806 inpacti
1656 3742 1721 3785 non
1748 3724 1950 3809 praevalet‘l

259 3831 436 3895 aestimare
467 3826 595 3916 pondus
625 3824 740 3890 officii:
773 3824 939 3888 vilissimis
969 3823 1197 3910 conparandus
1226 3831 1288 3903 est,
1320 3824 1381 3888 nisi
1404 3825 1585 3909 praecellat
1609 3825 1761 3902 scientia,
1793 3827 1848 3912 qui
1869 3831 1919 3892 est

260 3933 384 3998 bonore
407 3930 635 4018 praestantior.
681 3925 771 3992 dedit
793 3927 853 3992 tibi
876 3928 1003 4014 apicem
1028 3949 1080 3992 res
1104 3928 1226 4008 iudicii,
1250 3950 1314 3994 non
1336 3928 1468 3994 favoris.
1507 3928 1626 4012 dignus
1650 3929 1803 4016 pontifice
1827 3951 1918 3995 amor

262 4043 327 4118 est,
359 4056 456 4122 quem
483 4054 623 4099 censura
653 4032 814 4097 conciliat.
859 4030 1057 4096 devenustat
1086 4032 1281 4097 institutoris
1312 4033 1460 4117 genium,
1491 4032 1547 4117 qui
1569 4053 1628 4118 per
1650 4034 1753 4098 solam
1776 4035 1916 4120 gratiam

225 4149 230 4154 ’
261 4142 331 4205 vult
354 4141 496 4227 plaeere.
533 4144 569 4202 tu
591 4137 643 4201 his
667 4134 813 4199 eruditus
836 4141 869 4198 et
891 4134 1050 4200 formatus
1074 4137 1158 4200 caeli
1180 4136 1339 4202 benificiis
1362 4135 1436 4222 plus
1459 4134 1588 4219 agendo
1612 4135 1742 4223 plebem
1765 4136 1950 4203 institues8

262 4265 359 4330 quam
389 4241 561 4330 loquendo.
606 4241 663 4306 illa
693 4239 818 4304 monita
850 4237 1084 4324 discipulorum
1115 4239 1347 4305 conscientiam
1378 4237 1569 4316 eruderant,
1606 4259 1690 4325 quae
1723 4241 1922 4326 praebentur

263 4349 425 4434 exemplo.
471 4348 542 4411 sine
571 4343 696 4431 pudore
720 4344 837 4408 invitat
860 4341 900 4406 ad
923 4341 1162 4423 innocentiam,
1193 4343 1247 4429 qui
1270 4343 1360 4407 illam
1383 4362 1447 4406 non
1471 4340 1569 4406 fuerit
1591 4342 1662 4428 ipse
1687 4349 1843 4408 sectatus.
1888 4350 1921 4407 te

263 4451 349 4515 inter
378 4454 506 4515 secreta
532 4446 753 4534 penetralium
776 4445 870 4531 quasi
894 4450 1014 4510 testem
1037 4451 1206 4526 metuunt,
1236 4444 1290 4531 qui
1314 4466 1452 4531 peccare
1477 4443 1664 4532 disponunt.
1708 4446 1921 4511 nascentibus

366 4741 491 4814 [CCXIV]
523 4743 643 4795 Isidorus
660 4741 728 4792 hanc
746 4739 880 4792 dietim
898 4740 1052 4808 Symmacho
1065 4758 1155 4807 papae
1173 4740 1260 4792 tribuit
1276 4741 1429 4791 inscribere:
1446 4741 1537 4807 incipit
1554 4739 1661 4806 epistola
1678 4739 1820 4806 symmachi
1839 4756 1921 4808 papae

261 4834 388 4884 lsnrentio
412 4830 609 4884 mediolanensis
632 4829 755 4881 ecclesiae
778 4829 969 4896 archiepiscopo
993 4830 1099 4880 directa.
1134 4828 1298 4879 dilectissimo
1320 4835 1397 4893 atque
1421 4827 1553 4878 carissimo
1577 4825 1650 4876 fratri
1676 4825 1802 4878 laurentio
1828 4828 1922 4878 medio·

261 4920 375 4971 lanensis
395 4917 519 4970 ecclesiae
542 4917 740 4984 archiepiscopo.
780 4915 946 4981 symmachus
968 4915 1104 4982 episcopus
1127 4915 1153 4965 in
1172 4915 1274 4964 domino
1291 4913 1438 4965 salntemA
1458 4910 1555 4976 (Paris.
1571 4911 1654 4976 9629)
1672 4911 1698 4961 B
1714 4909 1811 4976 (Vatia.
1826 4913 1922 4978 630)S

263 5004 359 5071 (Vatia.
371 5005 448 5070 3791)
572 5001 585 5054 l
604 5002 711 5054 stehnio
724 5000 758 5065 B,
780 5001 915 5068 stephanio
931 4999 976 5050 VL
1097 4998 1114 5051 3
1131 5000 1236 5052 assertio
1252 4998 1278 5050 V
1290 5008 1314 5050 et
1325 4998 1389 5050 leid.
1512 4995 1529 5048 8
1546 4998 1604 5050 uice
1626 4997 1667 5049 dei
1689 4999 1792 5050 mandat
1809 5000 1877 5050 nitor
1889 4999 1922 5062 B,

260 5092 358 5143 indicat
376 5117 408 5128 -
427 5107 483 5143 eom
501 5089 587 5156 mppl.
604 5089 633 5139 in
649 5105 698 5154 sup.
721 5087 814 5138 rodida
832 5086 920 5138 sclao
1065 5083 1096 5135 11
1115 5103 1168 5136 non
1189 5082 1252 5150 tam]
1275 5093 1365 5135 notum
1378 5082 1496 5149 Amas
1635 5079 1669 5132 12
1686 5081 1759 5150 mihi]
1778 5085 1813 5135 mi
1827 5083 1923 5135 Harrei

261 5179 369 5230 sumetis
386 5177 413 5228 Β
511 5178 538 5227 in
561 5172 720 5239 meritorum]
739 5175 925 5225 immeritorum
945 5170 1035 5222 V⁰TS
1173 5169 1206 5222 14
1228 5170 1336 5238 elegiB
1435 5168 1468 5221 15
1490 5171 1621 5222 castrinsis
1639 5169 1664 5220 Β
1811 5167 1843 5219 16
1867 5186 1923 5236 pro·

261 5265 366 5332 phetam
384 5263 408 5312 V
421 5272 444 5315 et
460 5262 526 5314 Iaid.
626 5257 734 5325 modico]
759 5261 864 5311 minimo
882 5258 907 5308 Β
1053 5254 1084 5309 17
1107 5275 1209 5310 saerum
1226 5257 1301 5308 Ans
1405 5257 1476 5309 iudix
1492 5256 1537 5308 B<⁸
1676 5254 1709 5306 18
1730 5255 1825 5322 eligisti
1841 5254 1875 5318 Β,
1898 5262 1924 5306 et

262 5351 348 5419 legisti
361 5349 413 5400 AB
527 5347 559 5400 19
577 5355 667 5400 custus
680 5345 706 5397 B
815 5343 851 5397 20
868 5361 946 5412 quam
964 5345 1084 5396 licentias
1097 5344 1172 5395 ABS
1281 5341 1314 5394 21
1334 5344 1435 5395 attollat
1450 5343 1478 5406 V,
1495 5343 1592 5395 adtolat
1605 5343 1629 5392 A
1742 5339 1776 5392 24
1795 5341 1860 5394 alios
1877 5339 1924 5404 3⁸2,

261 5439 329 5490 alius
341 5437 366 5488 Β
373 5433 541 5498 ῩΒΤῙΟΑΒ,
556 5435 615 5486 eliis
627 5433 653 5483 R
722 5431 797 5498 vulgi
815 5428 887 5495 aura]
907 5431 1009 5497 mulgeri
1025 5430 1059 5495 A,
1076 5431 1197 5498 uulgaria
1210 5429 1258 5481 Rs
1366 5427 1400 5480 ab
1417 5429 1610 5480 commendatur
1624 5427 1682 5480 01²3
1751 5427 1887 5494 culpabilis
1899 5427 1925 5477 B

262 5523 296 5574 26
314 5531 415 5574 manete
431 5522 571 5588 singularis
584 5518 625 5570 131
737 5515 773 5568 30
791 5518 959 5569 institutionis
974 5516 1032 5567 CPb
1151 5514 1184 5567 31
1203 5513 1328 5580 eruditus]
1346 5517 1465 5567 conditus
1478 5515 1557 5567 sian.
1631 5515 1763 5566 bonetimis
1781 5513 1807 5563 V
1819 5523 1842 5565 et
1856 5513 1919 5566 leid.

263 5611 363 5679 plebem
375 5609 409 5672 Β,
425 5609 549 5676 populum
562 5606 638 5658 aaa
734 5605 848 5655 instituis
862 5603 940 5654 Ss'rm.
1072 5601 1381 5654 sensumsensurn
1478 5603 1618 5669 probentur
1631 5601 1664 5664 B,
1681 5602 1822 5668 probentur
1835 5599 1924 5651 Schott

261 5699 290 5748 in
305 5695 372 5748 notis
389 5703 412 5745 et
424 5693 566 5745 Hineclsius

1665 5797 1720 5850 22*
