4538 6436
405 385 446 448 90
864 323 875 346 ⁰
1080 379 1179 435 LXXX
1198 379 1332 449 (OPUSC.
1351 381 1387 447 3).

405 556 579 622 seientiam
600 562 745 621 nostram
769 559 803 619 et
824 553 962 640 aperiris
984 555 1057 619 luce
1083 575 1218 640 operum
1251 576 1351 642 supra
1382 575 1478 639 quam
1506 555 1738 640 porrigebatur
1767 553 1900 641 opinio'.
1946 556 2065 640 quibus

405 661 551 725 breviter
570 659 753 745 perstrictis
778 661 932 744 suscepto
957 678 1070 722 omnes
1095 678 1229 724 munere
1252 657 1487 724 discesserunt.

352 767 392 829 47
456 809 464 820 .
514 762 593 826 Mox
622 761 683 826 sibi
713 761 830 825 beatus
857 761 996 825 antistes
1022 762 1155 848 proprio
1186 782 1242 827 ore
1271 763 1380 848 leges,
1415 761 1531 847 quibus
1560 783 1596 826 se
1618 768 1734 847 posset
1756 768 1887 843 tenere,
1921 761 2063 826 dietavit.

405 867 545 953 primum
572 865 686 930 statuit
717 885 783 929 non
812 864 1002 946 lavandum,
1036 886 1077 930 ne
1105 866 1244 929 nitorem
1274 867 1403 931 animae
1436 872 1470 928 et
1493 865 1655 928 interioris
1678 864 1817 929 hominis
1840 864 2064 930 fortitudinem

406 970 524 1035 balnea
547 969 652 1054 magis
677 967 827 1032 sordibus
851 967 956 1032 amica
979 968 1234 1055 confringerent.
1272 968 1392 1034 deinde
1409 969 1602 1033 decreverat
1618 988 1794 1054 numquam
1812 989 1884 1033 esse
1901 969 2065 1054 prandeu-
2132 990 2143 1024 ⁵

404 1072 492 1149 dum,
521 1071 580 1138 sed
604 1093 644 1137 ne
668 1072 829 1159 propositi
854 1071 1052 1136 sententiam
1077 1071 1365 1157 supervenientum
1389 1073 1439 1135 ris
1464 1072 1531 1135 ulla
1554 1077 1732 1136 temeraret
1755 1079 1788 1137 et
1811 1079 1869 1137 aut
1891 1072 2066 1138 iactantiae

404 1175 534 1242 nebulis
558 1183 614 1242 aut
636 1175 794 1240 avaritiae
818 1174 905 1239 lama
927 1174 1124 1254 laederetur,
1147 1165 1296 1240 delinivit
1318 1196 1483 1260 uunquam
1507 1175 1570 1240 sibi
1586 1174 1778 1254 cenandum,
1802 1185 1839 1240 ut
1854 1177 2066 1241 commutatio

353 1284 394 1346 ts
406 1279 559 1344 horarum
582 1300 621 1344 ac
643 1301 704 1366 per
725 1279 788 1343 hoc
811 1279 914 1343 semel
936 1278 969 1342 in
992 1277 1045 1343 die
1069 1277 1236 1343 reficiendi
1261 1286 1389 1364 tempus
1413 1279 1568 1344 adferret.
1614 1279 1706 1343 cibos
1730 1279 1826 1344 iussit
1849 1279 1911 1344 sibi
1933 1282 2066 1367 placere

406 1383 540 1449 viliores
564 1383 711 1468 nihilque
735 1383 768 1448 in
792 1382 1007 1468 apparatione
1036 1381 1234 1446 ferculorum
1264 1404 1361 1447 nares
1391 1403 1607 1470 saporemque
1636 1404 1730 1447 suum
1758 1403 1856 1468 posse
1886 1383 2064 1464 offendere,

406 1487 469 1552 nisi
492 1487 579 1574 quod
602 1486 803 1552 aromatibus
827 1484 1026 1550 condiretur.
1064 1485 1212 1549 holerum
1237 1491 1270 1550 et
1292 1485 1466 1571 leguminis
1485 1487 1681 1572 pascebatur
1697 1487 1814 1573 epulis,
1838 1487 1897 1552 sed
1912 1497 2063 1553 neutrum
2120 1507 2146 1544 ιο

250 1592 522 1656 wascanorum
545 1610 648 1677 usque
679 1589 719 1654 ad
749 1590 936 1654 satietatem
965 1588 1116 1675 capiens:
1150 1590 1215 1652 vini
1246 1589 1398 1675 quiddam
1426 1611 1557 1677 parum,
1585 1611 1681 1676 quam
1710 1597 1820 1655 tamen
1849 1592 2063 1677 exiguitatem
2079 1617 2154 1665 aare

352 1689 608 1781 49apostolicae
637 1693 868 1758 admonitionis
897 1713 1022 1757 memor
1055 1694 1206 1758 sumebat
1238 1693 1280 1758 ob
1304 1693 1463 1758 stomachi
1487 1693 1667 1758 cavendam
1691 1693 1904 1761 debilitatem.
1950 1716 2065 1781 proce-

405 1795 548 1864 dendum
572 1799 700 1864 censuit
724 1796 875 1882 omnibus
898 1797 932 1860 in
956 1794 1103 1882 quolibet
1126 1797 1214 1862 aeris
1238 1802 1364 1863 terrore
1388 1798 1563 1877 maturius,
1593 1799 1639 1861 ita
1662 1805 1699 1862 ut
1721 1798 1905 1884 vigiliarum
1928 1798 2066 1864 formam

405 1901 582 1968 lectoribus
616 1901 815 1968 antecedens
846 1901 888 1966 ad
921 1900 1094 1965 ecclesiam
1124 1901 1299 1986 praeberet
1330 1901 1515 1987 episeopus.
1564 1907 1738 1986 postquam
1771 1924 1849 1967 vero
1879 1903 1921 1968 ad
1952 1903 2064 1967 altaris

407 2006 547 2071 confinia
561 2006 776 2092 pervenisset,
800 2005 924 2069 nullam
941 2003 1138 2069 deliberavit
1153 2003 1295 2068 futuram
1311 2024 1385 2069 esse
1404 2005 1651 2084 necessitatem,
1676 2026 1740 2090 qua
1754 2006 1831 2072 inde
1846 2007 1909 2071 nisi
1932 2007 2065 2092 inpletis
2119 2025 2143 2062 1⁵

407 2109 622 2175 sollemnibus
644 2115 757 2196 posset
780 2107 910 2175 abduci.
956 2107 1077 2172 iunctis
1100 2106 1242 2193 pedibus
1266 2129 1370 2193 usque
1394 2107 1435 2172 ad
1459 2109 1775 2174 consummationem
1802 2110 1930 2196 mystici
1960 2111 2068 2198 operis

408 2220 493 2279 stare
518 2233 553 2277 se
577 2211 699 2278 debere
728 2211 912 2290 constituit,
946 2211 993 2275 ita
1015 2217 1051 2275 ut
1073 2231 1187 2276 umore
1210 2211 1424 2297 vestigiorum
1448 2215 1555 2277 locum
1579 2234 1671 2278 suum
1696 2213 1891 2300 depingeret
1912 2222 1946 2279 et
1968 2216 2067 2300 longe

354 2313 395 2374 50
408 2317 644 2404 aspicientibus
678 2315 849 2381 indicaret.
902 2313 1175 2380 intercessionum
1206 2320 1330 2381 tantam
1355 2315 1429 2380 sibi
1463 2317 1635 2403 proposuit
1667 2338 1794 2399 curam,
1829 2325 1865 2382 ut
1894 2319 2001 2404 ipsum
2031 2340 2067 2382 se
2154 2345 2155 2348 ¹

406 2421 534 2486 miseris
558 2420 680 2487 inferre
705 2418 855 2485 crederet
878 2418 1070 2500 molestiam,
1095 2439 1193 2502 quam
1209 2440 1269 2504 per
1290 2421 1535 2506 neglegentiam
1552 2441 1571 2483 a
1588 2419 1848 2507 quibuscumque
1863 2423 2068 2508 permisisset

404 2523 527 2591 inferri.
572 2525 614 2591 ad
638 2525 830 2613 patientiam
855 2522 974 2588 laboris
1004 2527 1151 2609 tempore
1181 2523 1255 2602 otii,
1286 2525 1476 2588 necessitati
1504 2531 1541 2616 ut
1569 2524 1752 2605 sufficeret,
1783 2547 1902 2612 corpus
1932 2526 2066 2612 aptavit.
2120 2569 2131 2579 -

408 2630 470 2694 hoo
500 2629 562 2695 sibi
584 2627 716 2695 vivendi
746 2628 985 2715 pragmaticum
1008 2626 1062 2691 vel
1093 2625 1287 2713 discipliuae
1315 2625 1435 2713 dogma
1458 2627 1628 2714 proposuit
1651 2627 1829 2714 adgressus
1853 2637 1904 2696 est
1927 2630 2070 2696 servavit

408 2735 555 2821 inplevit.

354 2829 391 2890 5¹
516 2837 597 2903 Mox
619 2858 696 2902 vero
719 2857 780 2924 per
801 2836 990 2900 universum
1014 2832 1171 2898 mundum
1196 2841 1343 2899 sanctam
1367 2835 1454 2900 illius
1480 2836 1762 2901 conversationem
1789 2837 1861 2917 illa,
1886 2838 2070 2922 quaelicet

407 2942 440 3006 in
463 2943 614 3028 gloriosis
638 2943 766 3007 actibus
791 2939 915 3004 tardior
938 2959 1013 3004 esse
1039 2939 1140 3017 solet,
1173 2937 1261 3002 lama
1283 2960 1348 3004 non
1372 2940 1488 3020 tacuit,
1518 2939 1577 3002 sed
1600 2938 1641 3004 ad
1665 2962 1761 3005 aures
1785 2941 1984 3020 Ricemeris,
2012 2943 2068 3026 qui

406 3052 483 3110 tuno
507 3044 659 3111 secundis
683 3045 724 3110 ab
748 3043 925 3109 Anthemio
954 3043 1103 3130 principe
1133 3041 1270 3107 habenis
1300 3043 1535 3129 rempublicam
1566 3044 1786 3128 gubernabat,
1819 3044 1947 3110 detulit.
1992 3067 2067 3110 nam
2122 3060 2140 3099 ε’·

407 3149 606 3236 imperatore
635 3149 760 3215 Romae
792 3149 900 3235 posito
930 3145 1140 3212 seminarium
1173 3145 1258 3211 inter
1289 3169 1347 3211 cos
1379 3147 1457 3211 iecit
1488 3146 1633 3212 scandali
1660 3148 1718 3212 illa
1749 3169 1833 3233 quae
1861 3148 2068 3212 dominantes

355 3249 396 3310 52
409 3259 596 3339 sequestrat
619 3253 743 3318 invidia
765 3259 799 3316 et
821 3274 882 3338 par
904 3250 1047 3336 dignitas
1071 3271 1172 3314 causa
1195 3249 1390 3316 discordiae.
1429 3257 1618 3316 surrexerat
1635 3251 1721 3316 enim
1738 3257 1828 3316 tanta
1843 3253 1952 3317 rabies
1969 3257 2068 3336 atque

409 3355 583 3439 dissensio,
606 3366 643 3422 ut
658 3365 771 3423 mutuo
789 3357 877 3421 bella
891 3361 1138 3442 praepararent,
1160 3361 1193 3420 ct
1210 3362 1440 3440 praeterquam
1458 3355 1549 3439 origo
1567 3355 1687 3419 irarum
1703 3357 1850 3442 proprios
1867 3355 2069 3440 suggerebat
2082 3378 2104 3418 u·
2117 3370 2156 3409 ³⁷³

410 3463 571 3544 stimulos,
595 3463 634 3528 lis
658 3463 730 3548 ipsa
754 3460 1032 3526 circumstantium
1058 3458 1195 3523 consilio
1212 3459 1404 3523 nutribatur.
1443 3458 1580 3524 nutabat
1596 3465 1701 3524 status
1717 3460 1935 3545 periclitantis
1952 3460 2068 3524 Italiae

356 3559 397 3620 53
411 3572 444 3631 et
467 3563 686 3651 adfligebatur
709 3565 789 3651 ipsis
812 3563 1053 3629 discriminibus
1076 3562 1219 3648 gravius,
1243 3562 1320 3627 dum
1344 3563 1545 3649 expectabat
1567 3564 1679 3628 lutura
1701 3563 1899 3631 discrimina.
1944 3565 2070 3628 interea
2122 3577 2147 3615 ³⁰

410 3668 496 3755 apud
518 3667 727 3734 Ricemerem
756 3667 931 3754 patricium
955 3666 1134 3732 Mediolani
1163 3689 1203 3732 ca
1232 3671 1431 3754 tempestate
1455 3667 1657 3732 residentem
1680 3669 1716 3732 fit
1740 3669 1888 3733 collectio
1912 3667 2069 3752 Ligurum

409 3772 602 3854 nobilitatis,
638 3773 694 3858 qui
716 3773 810 3838 flexis
841 3771 982 3857 genibus
1012 3771 1147 3855 soloque
1180 3771 1333 3856 prostrati
1362 3791 1478 3856 pacem
1509 3771 1647 3835 orabant
1669 3772 1854 3858 principum
1884 3777 1932 3851 et,
1964 3777 2000 3835 ut
2028 3771 2069 3836 ab

408 3876 563 3941 seandalo
592 3881 751 3961 utraeque
782 3882 894 3962 partes
924 3874 1129 3953 desinerent,
1163 3874 1354 3938 occasiones
1384 3874 1509 3958 gratiae
1538 3874 1579 3938 ab
1609 3896 1675 3940 una
1705 3876 1927 3961 precabantur
1950 3874 2070 3942 offerri.

411 3980 489 4066 quid
513 3982 607 4068 plura
638 3985 832 4046 contexam?
876 3978 1040 4044 mulcetur
1061 3976 1216 4041 Ricemer
1243 3984 1277 4041 et
1299 3977 1385 4041 velle
1415 3997 1451 4042 se
1480 3999 1634 4063 reparare
1667 3978 1875 4042 concordiam
1905 3985 2070 4066 permotus

411 4085 585 4149 multorum
609 4083 742 4149 fletibus
766 4083 949 4170 pollicetur.
988 4079 1058 4145 ‘sed
1074 4078 1138 4166 qui’
1161 4081 1208 4145 ait
1224 4081 1440 4167 ‘potissimum
1458 4081 1554 4146 huius
1570 4082 1745 4167 legationis
1761 4081 1887 4168 pondus
1905 4083 2069 4168 excipiet?
2122 4119 2138 4130 υ

411 4209 507 4273 quem
537 4195 648 4253 tantae
672 4187 768 4251 molis
792 4209 869 4251 cura
892 4190 1043 4251 maneat?
1089 4183 1160 4269 quis
1184 4189 1235 4249 est
1259 4185 1313 4270 qui
1336 4183 1487 4248 Galatam
1513 4188 1709 4250 concitatum
1731 4205 1885 4250 revocare
1909 4188 2014 4270 possit
2037 4193 2070 4251 et

411 4292 613 4379 principem?
659 4312 734 4356 nam
764 4312 904 4378 semper,
936 4312 1010 4356 cunr
1039 4296 1183 4375 rogatur,
1214 4296 1375 4376 exuperat
1402 4288 1457 4374 qui
1487 4289 1568 4356 iram
1597 4293 1737 4356 naturali
1760 4290 1984 4357 moderatione
2005 4313 2070 4356 nou

518 4549 532 4601 1
549 4553 660 4619 aperires
673 4551 706 4616 Β,
724 4553 829 4620 operiris
842 4553 865 4616 b,
884 4545 1002 4619 reperiris
1015 4552 1085 4604 Bell.
1195 4549 1213 4603 2
1230 4567 1336 4602 munere
1354 4550 1470 4602 omnesb
1580 4549 1597 4602 3
1614 4551 1719 4602 anwahs
1732 4550 1757 4601 B
1860 4549 1877 4602 4
1894 4553 2033 4604 labendum
2045 4551 2071 4602 Β

411 4637 428 4689 6
451 4639 558 4690 sentiam
584 4655 640 4705 sup.
659 4639 703 4689 lira
727 4647 772 4690 ten
786 4639 811 4689 Β
906 4639 1144 4706 super-uenientium
1162 4638 1198 4689 Ob
1338 4633 1479 4689 lnebules
1500 4637 1541 4685 V⁰
1637 4637 1749 4689 difiniuit
1763 4637 1855 4702 BVL,
1880 4639 2002 4689 diffiniuit
2023 4639 2070 4689 rel.

412 4742 552 4791 numquam
570 4723 594 4773 V
699 4721 716 4775 8
733 4720 774 4790 ac]
793 4725 841 4776 hac
853 4723 887 4789 B,
904 4723 1042 4776 delendam
1061 4743 1097 4776 aaa
1114 4726 1178 4776 haec
1194 4723 1373 4776 saetacum?
1442 4725 1585 4776 adlerretnr
1602 4723 1698 4775 Hortal
1766 4725 1834 4777 diam
1846 4724 1872 4775 B
1941 4725 2035 4792 placire
2046 4723 2072 4774 B

412 4808 615 4878 9lereulorum]
636 4813 753 4864 ciborum
766 4812 825 4864 OPb
941 4809 975 4864 10
992 4813 1061 4880 quod
1077 4831 1126 4865 om.
1140 4813 1176 4864 Cb
1290 4809 1323 4862 16
1340 4810 1457 4879 possitB
1531 4811 1793 4874 consummationel',
1815 4812 2009 4863 consumatione
2022 4810 2072 4860 BL

414 4894 446 4950 ll
463 4915 579 4950 umorem
591 4897 616 4948 B
685 4899 835 4966 depingeret
852 4896 896 4962 (de
907 4916 963 4964 rap.
976 4898 1034 4965 lira.)
1050 4898 1075 4948 V
1177 4896 1209 4950 18
1226 4899 1433 4950 intercessionem
1450 4898 1491 4946 Va
1599 4894 1632 4946 19
1649 4897 1832 4964 neghgentiam
1844 4897 1870 4949 B
1972 4895 2008 4948 20
2026 4897 2072 4948 otii

412 4992 443 5037 ut
469 4985 614 5037 necessitati
639 4991 669 5036 ut
686 4984 723 5048 B,
753 4985 799 5036 otii
822 4993 852 5036 ut
879 5001 935 5036 nec.
952 4984 1022 5037 Bott
1177 4983 1211 5035 28
1235 4985 1350 5051 proprios
1367 4981 1445 5046 Bw,
1471 4985 1572 5050 proprio
1593 4984 1669 5034 ceteri
1814 4983 1849 5035 ‘29
1876 4980 1941 5050 ipsa]
1969 4984 2017 5034 ista
2037 4983 2071 5034 Ob

296 5133 298 5138 Ι
413 5072 560 5124 nutribatnr
577 5069 614 5136 B,
636 5071 799 5123 nutriebatur
815 5071 891 5122 cerari
1002 5067 1038 5122 30
1055 5071 1219 5138 adfligibatur
1237 5070 1263 5121 B
1375 5067 1409 5121 33
1426 5067 1562 5137 utraeque]
1580 5070 1663 5136 utieq;
1682 5071 1708 5122 B
1820 5067 1854 5121 34
1872 5070 1979 5122 recimer
1995 5068 2020 5118 Β
2026 5068 2072 5118 VL

413 5167 541 5226 repararet
558 5155 599 5209 131
738 5153 773 5209 35
794 5158 854 5224 quis
873 5155 961 5209 Sabou
977 5165 1001 5209 ct
1019 5156 1097 5209 Siras.
1236 5154 1271 5208 36
1292 5157 1404 5224 galatam
1422 5155 1460 5220 Β,
1481 5156 1610 5223 galatham
1627 5157 1703 5208 ceteri
1840 5153 1874 5208 37
1897 5161 2021 5222 exuperat
2040 5155 2073 5218 B,

413 5246 539 5297 exuberat
555 5244 631 5296 ceteri

517 5449 553 5502 24
571 5447 826 5504 Permiserim
844 5445 970 5518 (Droye.;
986 5447 1044 5502 bist.
1062 5445 1134 5502 rraiee
1148 5445 1229 5501 XVI
1238 5455 1255 5501 4
1274 5445 1430 5517 Maratha
1451 5447 1505 5502 hoc
1522 5447 1643 5516 danique
1661 5446 1722 5516 ipso
1741 5445 1770 5499 in
1789 5448 1914 5516 tempore
1933 5444 2002 5516 [sert.
2020 5461 2074 5513 qao

416 5533 506 5603 Asper
523 5533 674 5602 massadae
691 5540 727 5589 est
743 5535 761 5589 i.
774 5552 795 5590 c.
813 5551 887 5588 carro
901 5534 966 5605 471]
985 5533 1060 5587 inter
1072 5533 1254 5587 Anthemium
1272 5531 1427 5603 principem
1448 5533 1563 5604 eiusque
1580 5549 1712 5603 generum
1725 5530 1895 5587 Ricimerum
1914 5531 2073 5602 patricium,

415 5620 464 5690 qui
486 5621 554 5674 tunc
573 5619 725 5675 Mediolani
749 5619 856 5690 positus
878 5621 1008 5689 praeerat
1025 5619 1171 5690 Liguriae,
1195 5637 1314 5689 magnus
1336 5619 1537 5675 discordiarum
1560 5619 1646 5674 lomes
1664 5619 1776 5673 exortus
1795 5621 1845 5684 est,
1863 5618 1966 5687 quibus
1984 5635 2013 5672 se
2031 5619 2075 5672 vir

416 5707 569 5767 sanctitate
585 5707 750 5782 conspicuus
762 5705 936 5781 Epiphanius
949 5705 1105 5763 Ticineusis
1119 5707 1266 5782 episcopus
1279 5705 1460 5782 interponens
1473 5723 1519 5761 eos
1537 5703 1656 5781 primum
1675 5702 1712 5760 cd
1730 5704 1905 5765 concordiam
1923 5703 2073 5764 revocavit.
