4538 6436
771 393 944 449 LIBELLVS
964 394 1036 450 PRO
1056 392 1211 450 SYNODO.
1779 399 1820 462 49

163 567 326 635 narrantis
354 568 498 654 ignorat,
529 574 587 632 aut
613 566 694 631 lucri
725 564 899 632 adstrictus
928 566 1128 654 conpedibus
1157 567 1289 653 linguae
1314 567 1424 633 vendit
1456 567 1649 653 obsequium
1681 575 1715 633 et
1743 567 1819 632 dum
1847 613 1848 616 κ

163 673 289 740 animus
319 671 462 737 habendi
492 671 644 758 cupidine
674 670 868 756 subiugatos
897 679 1141 758 praesumptum
1170 672 1324 737 aestimat
1354 672 1418 736 iarn
1448 677 1562 736 tencre
1592 672 1819 757 conpendium,

165 777 210 842 sic
231 776 416 861 ingruentia
438 797 498 861 per
520 775 585 839 stili
609 775 801 841 exercitium
831 776 936 839 nescit
964 776 1079 840 timere
1109 774 1309 856 discrimina,
1338 783 1395 839 aut
1425 775 1619 840 necessitate
1649 775 1852 841 conclusus2

164 879 289 967 profert
317 879 484 964 eloquium
511 880 580 943 sine
604 899 808 964 quacumque
831 877 909 942 lima
933 880 1096 964 captivum
1120 886 1154 943 ct
1176 879 1320 944 nesciam
1344 877 1476 964 pudoris
1498 878 1640 943 frontem
1663 863 1823 942 monstrat

164 984 198 1048 in
221 982 374 1065 medium,
394 989 433 1048 ut
454 981 532 1046 dum
554 981 728 1046 intentioni
750 981 935 1062 famulatur,
959 981 1163 1068 diligentiam
1180 981 1309 1047 decoris
1325 981 1465 1062 abiurat,
1489 981 1564 1066 quia
1579 979 1708 1045 dicendi
1725 967 1821 1045 orna·
1849 1015 1850 1020 κ

163 1092 275 1151 menta
296 1106 362 1150 non
385 1092 461 1150 sunt
482 1085 608 1170 negotii
636 1085 694 1150 sed
723 1085 857 1170 quietis,
889 1106 949 1151 nec
978 1087 1112 1151 militiae
1141 1091 1218 1150 sunt
1244 1085 1332 1171 picta
1355 1085 1457 1151 verba
1488 1084 1546 1148 sed
1574 1085 1642 1150 otii.
1687 1104 1822 1171 campus

163 1190 282 1255 sortem
313 1189 474 1276 postulat,
510 1210 577 1275 pax
609 1188 771 1276 profunda
802 1188 998 1256 redimitum.
1048 1191 1104 1275 qui
1138 1190 1308 1275 profutura
1342 1188 1477 1270 adserit,
1512 1188 1702 1273 loquellam,
1738 1207 1822 1272 quae

164 1293 316 1380 peniculo
340 1293 420 1357 artis
444 1299 495 1359 eet
518 1293 675 1375 colorata,
698 1295 909 1380 contempnit.
949 1293 999 1358 his
1017 1314 1096 1378 ergo
1119 1293 1166 1357 ita
1189 1313 1225 1356 se
1249 1290 1446 1357 habentibus
1471 1312 1603 1356 causam
1626 1289 1853 1384 narrationis3

165 1397 294 1462 insinuo
317 1402 351 1463 st
373 1403 521 1462 coactam
544 1418 659 1462 rocem
688 1417 862 1484 pravomm
891 1398 1013 1462 latratu
1041 1397 1202 1481 religiosis
1233 1396 1397 1461 mentibus
1425 1394 1634 1475 commendo,
1664 1395 1820 1480 scriptum

167 1519 240 1564 esse
263 1498 489 1564 reminiscens:
524 1501 664 1586 ‘tempus
687 1499 834 1580 tacendi,
865 1506 994 1587 tempus
1023 1497 1200 1585 loquendi’,
1228 1501 1280 1564 vel
1303 1504 1379 1585 post
1402 1499 1500 1564 iidem
1523 1496 1673 1585 profetici
1696 1483 1978 1592 oraculi¹³⁰⁰lf⁸ssfmu

163 1599 332 1667 cuiusdam
354 1603 491 1668 oratoris
514 1604 717 1689 exemplum,
748 1603 804 1689 qui
826 1603 942 1683 refert,
971 1603 1034 1667 nisi
1062 1625 1135 1667 cum
1158 1602 1380 1668 necessariam
1402 1601 1532 1668 dicendi
1555 1601 1652 1666 nimis
1675 1600 1821 1686 ineptam
1830 1594 1977 1699 ffigpfffiffd

164 1725 237 1770 esse
270 1703 506 1771 condicionem.
558 1706 623 1771 oris
654 1727 733 1791 ergo
764 1707 979 1772 ministerium
1016 1728 1075 1796 pro
1109 1706 1233 1792 ingenii
1262 1704 1442 1771 valitudine
1474 1704 1698 1770 sacerdotibus
1726 1702 1854 1784 dedo,4

163 1808 319 1874 adversus
343 1828 425 1894 qnos
447 1808 647 1874 sibilantium
664 1809 769 1874 effusa
790 1815 865 1874 sunt
880 1829 1009 1874 venena
1030 1811 1225 1895 linguarum,
1251 1811 1329 1875 licet
1351 1816 1443 1874 scuto
1466 1808 1593 1874 munita
1615 1807 1692 1873 fidei
1715 1807 1823 1894 spicu-

165 1913 272 1977 lorum
300 1912 439 1978 imbrem
468 1912 628 1998 patientia
660 1913 816 1998 religiosa
840 1933 907 1977 non
937 1912 1052 1978 timeat
1076 1918 1110 1978 ct
1133 1912 1173 1977 ad
1202 1921 1371 1979 auctorem
1394 1913 1531 1977 redeant
1554 1913 1622 1978 tcla
1644 1931 1728 1996 quae
1753 1911 1823 1976 sine

64 2034 112 2078 ‘rs
166 2013 312 2081 bellandi
334 2020 405 2081 arte
428 2015 622 2102 diriguntur.
667 2016 785 2102 quibus
809 2016 895 2081 enirn
928 2037 987 2103 pro
1017 2016 1121 2081 lorica
1144 2015 1293 2081 Christus
1321 2023 1389 2099 est,
1421 2005 1486 2081 rim
1515 2037 1580 2082 non
1611 2020 1761 2080 metrrunt
1791 2019 1825 2080 et

166 2117 316 2184 inimicos
352 2119 452 2206 longa
480 2120 711 2206 expectatione
742 2126 964 2206 prosternunt.
1017 2121 1230 2206 quisquamne
1260 2125 1370 2184 tamen
1399 2119 1433 2183 in
1465 2117 1526 2183 bac
1557 2118 1629 2183 acie
1661 2115 1855 2204 proelium5

166 2227 260 2308 putet
282 2243 357 2288 esse
380 2222 556 2305 formidini,
579 2225 612 2288 in
637 2245 702 2309 qua
726 2224 789 2289 deo
813 2229 846 2288 et
868 2223 1078 2310 pontificibus
1102 2223 1240 2289 infertur
1262 2223 1333 2288 eine
1357 2222 1475 2286 virium
1498 2221 1728 2286 aestimatione
1752 2243 1823 2287 cer·

70 2363 94 2406 p.
109 2355 149 2396 ne
166 2331 299 2390 temen?
345 2327 558 2412 quisquamne
582 2327 706 2392 fluxum
729 2332 763 2392 et
790 2327 1022 2392 lacessientem
1053 2327 1180 2392 hostem
1204 2325 1316 2391 videat
1345 2333 1379 2392 et
1407 2325 1606 2412 proeliomm
1635 2325 1744 2390 causis
1766 2323 1825 2389 ad·

165 2427 346 2493 versarium
369 2428 512 2495 debilem
534 2431 748 2516 expaviscat?
786 2429 912 2496 invidet
935 2431 998 2496 sibi
1020 2431 1091 2518 ipse
1113 2431 1294 2512 victoriam,
1318 2430 1374 2516 qui
1400 2429 1602 2494 conscientia
1617 2429 1825 2494 vulneratum

84 2557 112 2596 ao
166 2530 302 2616 adgredi
326 2538 436 2597 cessat
456 2533 636 2600 inimicum.
680 2533 722 2598 ad
744 2535 870 2599 lucmm
894 2534 998 2599 hostis
1022 2536 1072 2600 eui
1094 2534 1254 2621 procedit,
1277 2535 1333 2620 qui
1357 2535 1390 2598 in
1414 2531 1620 2597 conflictibus
1644 2553 1709 2598 non
1732 2529 1856 2618 priusli

166 2655 282 2700 causas
314 2657 413 2722 quam
443 2635 532 2701 aliud
561 2637 728 2724 expendit.
779 2637 836 2702 dat
864 2639 952 2703 vires
982 2638 1099 2703 iaculis
1127 2638 1317 2703 innocentia
1345 2645 1378 2703 et
1409 2657 1598 2702 mucronem
1628 2642 1750 2701 acuunt
1781 2656 1825 2700 ex

165 2759 271 2826 aequo
287 2740 455 2805 venientia
470 2744 547 2805 vota
564 2739 719 2806 bellandi.
758 2731 965 2828 percutiendi
980 2743 1127 2827 inpetum
1143 2742 1218 2829 plus
1234 2741 1355 2806 iustum
1378 2740 1526 2806 dolorem
1550 2739 1670 2805 scimus
1692 2737 1825 2804 dedisse
1868 2767 1871 2774 ·

165 2862 263 2928 quam
293 2842 442 2908 brachia:
477 2842 554 2908 inde
582 2864 761 2929 paucomm
794 2845 869 2910 telis
902 2845 1076 2910 multitudo
1105 2867 1170 2910 non
1202 2844 1358 2912 substitit.
1403 2843 1533 2910 dicente
1563 2864 1642 2928 ergo
1670 2862 1723 2906 me
1752 2851 1826 2906 cum

166 2946 309 3032 profeta:
344 2947 465 3032 ‘plures
487 2947 658 3012 nobiscum
685 2953 761 3013 sunt
783 2969 879 3035 quam
908 2969 982 3014 cum
1010 2948 1098 3031 illis',
1127 2948 1325 3036 placiturum
1342 2948 1465 3029 bonis,
1496 2952 1653 3033 quantum
1676 2945 1825 3024 aestimo,
1851 2937 1954 3045 Ilfflss·

170 3069 253 3135 opus
276 3049 439 3137 incipiam.

277 3152 451 3221 sufficeret
483 3155 614 3241 quidem
646 3157 865 3221 scismaticum
893 3157 1079 3243 inperitiam
1107 3155 1332 3243 propositione
1364 3153 1545 3236 cecidisse,
1581 3153 1723 3218 maxime
1752 3153 1859 3218 cumi

168 3276 282 3321 secum
310 3257 454 3324 babeant
482 3260 613 3326 obiecta
643 3280 839 3347 responsum
869 3265 903 3324 et
925 3264 1091 3324 mercetur
1114 3260 1229 3324 titulus
1254 3258 1324 3322 sine
1349 3257 1501 3322 lectionis
1524 3256 1729 3322 discussione
1753 3276 1827 3320 curn

167 3365 302 3425 anctore
332 3359 494 3442 damnari,
532 3384 607 3428 cum
635 3363 668 3427 in
696 3362 947 3449 praenotatione
977 3363 1051 3449 ipsa
1087 3363 1307 3448 significantia
1338 3361 1448 3448 operis
1476 3361 1653 3426 innotiseat
1680 3358 1829 3424 inmundi

169 3461 337 3528 dicentum
370 3463 538 3531 ‘aduersus
574 3464 733 3553 synodum
769 3467 985 3532 absolutionis
1019 3464 1240 3551 incongruae’.
1290 3486 1353 3550 ego
1382 3469 1494 3531 tamen
1523 3485 1608 3529 nunc
1642 3463 1688 3528 sic
1720 3483 1826 3547 agam,

169 3567 264 3652 quasi
280 3588 363 3653 opus
380 3569 421 3633 sit
440 3570 549 3635 alieno
566 3592 645 3636 ense
661 3571 770 3657 perire
786 3571 874 3634 mala
899 3575 1148 3656 proponentem.
1187 3569 1275 3635 istud
1300 3568 1525 3656 praeloquium
1548 3572 1669 3653 potest,
1693 3565 1827 3630 demen-

169 3671 287 3736 tissimi
309 3670 492 3754 bominnm,
522 3679 650 3739 tentum
680 3675 829 3740 inscitiae
864 3674 1029 3740 adscribit
1075 3681 1169 3742 estus
1193 3674 1310 3759 aliquis
1333 3678 1467 3760 praeter
1489 3691 1547 3736 vos
1571 3671 1618 3736 sic
1640 3671 1727 3735 inter
1749 3667 1860 3734 csee8

168 3774 337 3840 ulcerosas
360 3774 566 3862 deputandus
590 3778 820 3855 stomaticen,
850 3779 904 3864 qni
926 3799 1080 3863 magnum
1109 3797 1245 3863 gregem
1273 3777 1435 3863 potuisset
1457 3775 1614 3840 lacessire
1638 3777 1826 3860 pastorum?

169 3874 300 3944 dicente
323 3878 468 3964 profeta:
503 3881 599 3946 ‘filios
628 3881 747 3946 nutrivi
776 3887 810 3946 et
833 3880 992 3956 exaltavi,
1022 3880 1086 3966 ipsi
1115 3885 1225 3944 autern
1253 3885 1449 3966 spreverunt
1478 3877 1540 3942 rne’
1572 3883 1605 3942 et
1627 3876 1760 3941 domino
1784 3875 1825 3942 de
1843 3891 1895 3935 ua.
1911 3898 1931 3944 r,
1945 3897 1965 3938 s.

169 3982 344 4067 apostolis:
379 3983 445 4070 ‘qui
460 4006 520 4050 vos
537 3985 672 4072 spernit,
695 4005 748 4050 me
773 3983 919 4070 spernit’,
942 4005 1024 4070 quoe
1048 3985 1221 4071 episcopos
1245 3983 1349 4046 fuisse
1372 3982 1503 4068 profeta
1524 3986 1665 4048 testatur
1687 3979 1728 4046 de
1744 3979 1974 4048 ludanensem.

171 4082 326 4150 dicendo:
368 4088 413 4152 ‘et
445 4087 673 4175 episcopatum
705 4089 775 4154 eius
812 4087 954 4174 accipiet
988 4085 1093 4169 altcr’,
1128 4087 1278 4174 apostolo
1310 4106 1416 4171 aeque
1447 4087 1551 4152 Paulo
1584 4085 1826 4172 proclamante:
1864 4095 1947 4140 suun.

172 4186 336 4255 ‘oboedite
359 4191 558 4277 praepositis
580 4191 711 4274 scenis,
734 4193 887 4278 qnoniam
910 4190 975 4277 ipsi
998 4190 1183 4256 exorabunt
1204 4210 1263 4276 pro
1286 4187 1402 4254 robis’.
1828 4153 1983 4272 scidiis.

276 4479 516 4550 lignoretHartel
602 4495 628 4538 et
645 4487 707 4538 dum
720 4489 820 4553 seipsi,
837 4496 867 4540 ut
883 4489 946 4539 dum
958 4488 1017 4539 libri
1149 4485 1390 4539 dnesciatHartel
1477 4493 1570 4536 temere
1582 4479 1623 4532 13¹
1758 4481 1830 4535 bin·
1893 4505 1896 4512 ·

173 4567 327 4620 tentionieB
339 4566 403 4633 (scil.
421 4570 598 4639 diligentiaei)
661 4571 771 4640 abiuret]
785 4575 913 4642 perdatis
924 4592 973 4641 my.
986 4575 1129 4625 oddmoa.
1144 4573 1292 4639 antiquaire
1308 4571 1337 4634 V,
1354 4569 1591 4639 abperdatiuretA
1689 4567 1830 4638 iinegotii]

173 4655 321 4706 mundonis
346 4673 402 4722 cnsp.
421 4673 471 4710 scr.
493 4654 542 4723 Vi,
572 4659 722 4711 intenmmis
752 4661 849 4728 negotii
867 4659 1002 4724 LOPAB,
1036 4661 1134 4728 negotii
1160 4647 1350 4711 intentionisS
1496 4653 1512 4706 'l
1535 4653 1690 4723 redimitum]
1725 4658 1832 4709 redemit

173 4747 290 4791 ornatum
303 4740 341 4802 A,
363 4741 464 4793 redimit
485 4750 603 4795 ornatum
615 4745 652 4809 R,
677 4747 823 4799 redimitum
847 4755 965 4798 onustum
979 4745 1001 4796 S
1092 4745 1225 4811 loqnillam
1241 4743 1280 4809 B,
1304 4743 1432 4810 loquelam
1451 4743 1526 4794 ocuti
1671 4739 1688 4794 3
1705 4760 1767 4811 ergo
1784 4739 1830 4810 ita]

173 4824 320 4892 erigonam
411 4827 556 4882 9coectum
566 4829 610 4880 13⁶
662 4832 821 4884 scribtumB
907 4829 1100 4898 12dedoldedi
1111 4828 1173 4883 1321,
1262 4829 1295 4882 13
1313 4831 1475 4898 speculorum
1486 4827 1528 4880 B¹
1618 4829 1652 4881 15
1663 4830 1832 4883 lurioaBVL

175 4911 209 4966 18
225 4913 396 4966 lacissientem
408 4914 444 4979 B,
466 4917 634 4970 lacessentem
650 4920 725 4970 ceteri
866 4917 898 4971 19
920 4920 1024 4972 dibilem
1043 4919 1068 4969 B
1158 4919 1308 4986 expauiscat
1326 4913 1405 4980 BV¹‚
1431 4923 1586 4982 expauescat
1607 4916 1682 4968 ceteri
1771 4933 1830 4968 con-

173 5000 306 5052 scientiam
317 4999 363 5052 B·
465 4998 501 5053 20
517 5004 757 5058 condictiubusB
773 5003 851 5072 (erae.
864 5003 894 5070 li)
1000 5003 1032 5056 21
1052 5021 1203 5058 mucronem
1215 5001 1256 5054 Β1
1359 4998 1395 5053 23
1412 5001 1589 5054 subsutitLA
1656 5019 1756 5054 mecum
1771 5004 1832 5057 libri

173 5081 209 5136 34
226 5087 325 5154 profeta
336 5085 397 5151 BV,
413 5089 538 5156 propbeta
550 5091 644 5156 reliqui
707 5099 841 5158 quamtum
854 5091 899 5141 Βιι
1004 5088 1038 5142 25
1056 5091 1194 5158 incipiam.
1208 5091 1267 5142 linit
1283 5086 1555 5156 praecomm-
1572 5087 1741 5140 contrnIsid.
1757 5088 1832 5141 baec:

174 5171 281 5239 explicit
296 5173 421 5240 praefacio
439 5210 446 5224 .
464 5174 558 5226 hocin
576 5175 664 5228 libello
682 5175 726 5240 (=
739 5177 788 5229 hac
805 5179 833 5229 in
850 5178 940 5230 sinodo
958 5177 1014 5228 Vnt.
1029 5175 1104 5243 1344,
1122 5194 1153 5229 ac
1169 5178 1197 5228 in
1215 5177 1304 5229 sinodo
1317 5174 1351 5238 A)
1369 5176 1463 5242 optime
1481 5175 1561 5226 lector
1577 5173 1722 5240 regularem
1739 5176 1832 5241 synodi

175 5259 295 5326 intellege
320 5259 445 5312 rationem
470 5261 579 5328 eiusque
605 5263 762 5315 obiectorum
789 5262 998 5331 (obtrectatorum
1016 5264 1039 5316 S
1059 5273 1082 5316 ct
1105 5262 1250 5330 Rotomagi.)
1277 5263 1393 5313 discerne
1418 5261 1538 5311 lanatum
1565 5259 1626 5311 licet
1652 5261 1778 5313 ennodius
1804 5263 1831 5313 in

175 5361 283 5412 persona
300 5346 388 5398 doctor
405 5347 581 5415 episcoporum
599 5351 713 5401 omniurn
731 5351 829 5403 adhoc
847 5351 984 5402 concilium
1001 5351 1211 5402 conuenientium
1228 5347 1266 5412 (A
1278 5357 1302 5400 ct
1316 5347 1372 5398 Vct.
1385 5348 1462 5410 1344,
1480 5347 1568 5398 doctor
1579 5347 1739 5399 sacedotum
1749 5348 1833 5399 nabis

176 5432 290 5484 omnium
306 5469 313 5483 .
332 5468 339 5483 .
358 5469 364 5484 .
382 5434 590 5486 conuenientium
619 5436 718 5487 omisds
735 5435 784 5488 Rs
805 5435 927 5503 Mosae)
960 5438 1088 5504 scripserit
1114 5444 1219 5504 rogatus
1246 5434 1357 5502 (rogitus
1374 5433 1437 5498 AB)
1583 5430 1618 5484 28
1645 5434 1782 5486 innotiscat
1798 5434 1832 5498 B,

175 5518 318 5570 mnetcscat
333 5519 409 5570 ceteri
520 5517 555 5572 29
573 5522 713 5575 dicentium
733 5523 844 5576 CbABS
957 5519 989 5574 31
1013 5523 1129 5576 inscitiae
1141 5521 1179 5587 B,
1200 5522 1348 5574 inscientiae
1366 5519 1441 5571 cetea
1555 5515 1590 5568 32
1606 5517 1722 5588 gregem]
1746 5537 1832 5588 regem

177 5601 255 5655 Sirnt.
324 5603 506 5658 nemi-rsa
575 5616 704 5675 pastorum
722 5607 942 5676 (montacelli
1051 5606 1086 5660 33
1103 5608 1287 5676 prophetabat
1399 5603 1433 5656 34
1451 5605 1575 5671 propbeta
1590 5603 1635 5655 Vn
1740 5603 1775 5658 35
1792 5623 1833 5658 sc-

177 5690 254 5757 cipiet
266 5687 318 5738 AB
386 5687 509 5758 apostolo]
528 5694 637 5760 apostoli
649 5691 690 5744 Β1

280 5793 420 5852 ennomus.
1611 5796 1626 5848 7
