4538 6436
892 362 980 416 vrrs
1000 363 1155 418 aninam.
1384 341 1395 362 '
1814 373 1855 434 89

105 558 127 601 a·
144 552 183 592 ιιι
199 535 296 599 istum
319 555 384 600 non
405 541 557 621 oportere
581 557 640 621 pro
665 535 783 600 aetatis
799 535 1019 601 inmaturitate
1035 539 1162 603 censeri
1179 559 1240 603 nee
1256 537 1376 603 debere
1393 541 1502 623 gravis
1525 542 1653 604 consilii
1669 542 1855 607 hominibus

198 644 327 702 teneros
348 638 563 724 proquodam
581 639 676 704 obice
693 638 942 704 annosadforri.
981 641 1030 704 vir
1046 663 1185 727 namque
1210 663 1292 706 cana
1315 664 1439 707 morum
1463 645 1653 727 integritate
1676 646 1854 730 probabilia

197 742 361 826 geminata
394 742 489 808 laude
523 743 640 829 dignus
672 750 738 823 est,
774 746 800 808 si
832 745 879 809 illi
914 746 954 811 ad
987 747 1173 813 venerabile
1212 749 1330 813 mentis
1363 748 1534 834 imperium
1572 750 1698 836 puerile
1737 772 1853 837 corpus

197 850 412 931 optemperat.
457 847 530 912 vive
554 853 589 911 tu
612 853 740 930 tamen,
763 848 852 929 vive,
877 850 1062 935 exemplum
1085 857 1119 915 et
1141 851 1246 915 formo
1269 851 1427 916 bonorum
1451 874 1604 938 operum,
1628 861 1662 918 et
1684 852 1853 918 uberiores

133 975 144 1010 ,ι
197 949 230 1012 ιιι
253 969 307 1027 eo,
338 949 366 1012 si
389 949 496 1015 adhuc
523 959 660 1036 possunt
682 974 847 1033 erescere,
878 953 1005 1019 lucidae
1030 956 1286 1020 conversationis
1315 956 1439 1021 fructus
1468 957 1632 1044 adiunge'.
1678 960 1727 1023 hia
1758 959 1907 1024 dietia39

195 1052 362 1120 conticuit.
407 1061 441 1117 at
464 1053 520 1118 ille
542 1055 709 1140 piissimus
732 1057 880 1143 pontifex
904 1058 1146 1124 benivolentiae
1171 1059 1241 1124 eius
1264 1060 1446 1145 inpendens
1469 1063 1607 1146 gratias,
1632 1059 1717 1147 quod
1741 1083 1853 1126 seeum

195 1155 266 1241 pari
294 1155 335 1219 de
363 1154 523 1242 discipulo
552 1159 781 1225 aestimatione
812 1162 963 1239 sentiret,
996 1161 1083 1226 dicto
1111 1164 1183 1227 vale
1213 1162 1364 1228 discessit
1396 1170 1495 1249 atque
1519 1164 1669 1231 Ticinum
1697 1166 1789 1250 quasi
1812 1165 1853 1229 ad

197 1259 405 1345 sepulchrum
429 1260 589 1326 festinans
613 1284 782 1348 regressus
806 1270 867 1330 est.
913 1267 967 1351 qui
990 1266 1167 1351 aliquantis
1196 1266 1313 1331 diebus
1344 1270 1485 1332 emensis
1516 1268 1628 1333 morbo
1658 1269 1749 1353 regio
1779 1291 1853 1356 per·

197 1362 289 1427 fusus
313 1362 418 1427 lucem
442 1365 564 1430 saeculi
588 1369 690 1432 nostri
714 1390 856 1454 superna
877 1368 1081 1436 habitatione
1105 1373 1327 1437 commutavit.

306 1465 360 1531 Ex
382 1472 529 1554 tempore
552 1469 584 1534 in
608 1470 671 1535 isto
694 1471 854 1537 bonorum
877 1473 1019 1539 omnium
1044 1496 1225 1539 consensus
1255 1474 1436 1554 adducitur,
1468 1497 1606 1562 magnus
1629 1477 1703 1541 ilico
1726 1477 1759 1540 in
1783 1475 1905 1541 rotato

195 1570 275 1635 urbe
309 1592 496 1636 concursus.
550 1574 676 1660 rapitur
706 1598 725 1640 a
757 1576 991 1643 lamentatione
1028 1579 1159 1644 funebri
1199 1580 1231 1644 in
1271 1580 1424 1665 gaudium
1464 1579 1576 1666 populi
1615 1579 1855 1645 consecrandus

195 1677 344 1742 antistes.
390 1677 490 1742 flebat
516 1679 576 1744 iste
605 1681 863 1768 intemperanter
885 1682 995 1748 dolore
1018 1686 1130 1748 mortis
1154 1690 1327 1770 paternae,
1359 1685 1411 1748 cui
1434 1683 1526 1748 reddi
1550 1683 1679 1749 debitas
1702 1683 1853 1748 lacrimas

195 1780 399 1867 promiscuae
423 1782 638 1849 multitudinis
660 1786 787 1851 laetitia
807 1809 870 1850 non
890 1788 1027 1852 sinebat.
1065 1789 1242 1853 resistebat
1260 1789 1292 1852 in
1314 1794 1471 1874 quantum
1489 1795 1618 1874 poterat
1634 1793 1668 1852 et
1683 1787 1853 1873 indignum

197 1905 232 1948 se
261 1885 327 1948 iam
355 1886 537 1970 apostolica
566 1888 746 1954 imitatione
778 1890 981 1956 clamitabat:
1017 1892 1074 1956 sed
1106 1898 1233 1956 tantum
1262 1893 1367 1978 magis
1400 1891 1557 1977 surgebat
1584 1891 1617 1954 in
1649 1914 1687 1957 eo
1719 1890 1854 1957 dileetio

121 2009 144 2046 u
196 1994 396 2068 cunctorum,
421 1994 634 2075 quantumin
657 1993 863 2059 multitudine
887 2016 1007 2080 magna
1031 1995 1120 2059 solus
1144 2002 1223 2075 erat,
1247 1997 1301 2084 qui
1319 2019 1354 2060 se
1373 1996 1531 2061 vocitaret
1546 1995 1727 2080 indignum.
1766 1995 1899 2060 nuncll

196 2092 273 2178 quid
303 2093 449 2179 pluribus
479 2101 563 2170 utar,
591 2099 645 2182 qui
673 2099 781 2164 omnia
808 2098 975 2185 explicare
999 2120 1065 2163 non
1089 2101 1202 2164 valeo?
1248 2100 1457 2164 finitimarum
1482 2099 1652 2163 civitatum
1675 2099 1855 2184 iunguntur

197 2195 305 2261 studia
328 2203 363 2261 ct
385 2195 568 2263 adtrahitur
590 2205 682 2264 tanta
697 2200 860 2282 collectio,
883 2223 921 2266 ac
938 2202 965 2265 ai
981 2203 1158 2266 initiandus
1174 2209 1263 2267 esset
1281 2204 1381 2268 totius
1398 2203 1484 2268 orbis
1501 2203 1687 2289 episcopus.
1725 2203 1856 2269 ducitur

103 2325 125 2368 p.
141 2319 180 2358 aro
197 2299 416 2365 Mediolanum
438 2301 544 2368 adhuc
561 2305 726 2369 reluctans
742 2312 777 2371 ct
791 2327 911 2391 magna
929 2307 956 2369 si
979 2305 1199 2370 dimitteretur
1222 2327 1357 2370 munera
1381 2306 1586 2391 promittens,
1611 2306 1666 2392 qui
1689 2313 1725 2370 ut
1748 2306 1852 2386 fieret,

194 2403 300 2468 noluit
323 2404 484 2491 spondere
507 2407 561 2472 vel
584 2407 728 2473 minima.
773 2416 982 2475 consecratur
1005 2431 1079 2474 cum
1103 2411 1190 2474 omni
1214 2410 1407 2475 celebritate
1432 2416 1632 2474 cunctorum.
1679 2410 1852 2474 exultabat

117 2527 143 2567 ao
195 2508 332 2573 mundus
354 2509 395 2574 de
419 2515 485 2574 tam
510 2518 644 2576 sanctae
667 2511 879 2578 ordinationis
902 2512 1096 2598 insignibus.
1135 2519 1367 2578 extranearum
1391 2512 1595 2578 habitatores
1615 2513 1744 2578 urbium
1759 2513 1905 2578 tant042

194 2632 230 2676 se
262 2611 402 2698 tripudio
437 2614 619 2694 iactabant,
653 2618 746 2703 quasi
776 2616 855 2702 ipsis
886 2616 1016 2702 proprio
1047 2617 1237 2702 profuturus
1267 2617 1386 2681 infulas
1418 2616 1640 2681 sacerdotales
1674 2617 1852 2702 exceperit.

193 2715 320 2801 aliquos
344 2723 454 2781 tamen
479 2739 669 2804 magnarum
694 2720 823 2785 urbium
848 2719 974 2783 incolas
998 2719 1082 2783 edax
1106 2720 1321 2784 consumebat
1337 2720 1470 2800 invidia,
1494 2719 1580 2807 quod
1597 2725 1723 2785 tantum
1741 2721 1853 2806 oppidi

193 2815 376 2884 'lirinensis
399 2822 551 2906 angustia
574 2821 695 2888 habere
719 2824 895 2888 meruisset
917 2823 1105 2906 antistitem,
1130 2845 1203 2889 eum
1226 2824 1313 2911 apud
1336 2825 1426 2912 ipsos
1450 2824 1520 2889 sola
1540 2824 1712 2910 pontifices
1729 2831 1851 2889 metro·

193 2923 358 3009 politanae
383 2923 558 2992 iactantiae
583 2927 742 2992 vocabula
764 2932 943 2991 tuerentur.

117 3045 141 3084 ιι
303 3025 431 3092 Exacto
455 3050 535 3114 ergo
561 3028 777 3095 dedicationis
802 3051 880 3095 suae
904 3029 958 3094 die
981 3030 1131 3095 Ticinum
1155 3030 1251 3094 rediit
1282 3031 1536 3117 convocatisque
1565 3031 1728 3095 universis
1758 3031 1904 3117 pres-43

194 3130 318 3215 byteris
341 3153 380 3196 ac
403 3133 558 3197 ministris
583 3133 703 3198 talibus
727 3155 783 3199 eos
806 3133 962 3198 instruxit
985 3141 1018 3198 et
1041 3133 1239 3198 confortavit
1262 3133 1437 3218 adloquiis:
1452 3135 1621 3220 '‘quamvis
1645 3155 1708 3214 me,
1732 3134 1850 3198 fratres

193 3234 366 3315 carissimi,
402 3235 487 3301 iuter
515 3237 692 3322 primordia
720 3238 883 3303 inmatura
912 3237 1110 3301 titubantem
1139 3236 1251 3300 iudicii
1281 3238 1383 3302 vestri
1413 3245 1446 3302 et
1475 3243 1649 3324 susceptae
1682 3236 1851 3322 dignitatis

191 3336 321 3423 pondus
345 3341 561 3426 oppresserit,
591 3341 724 3406 memini
748 3349 858 3406 tamen
882 3341 969 3427 quod
994 3363 1113 3432 magna
1135 3341 1261 3426 gratiae
1285 3348 1416 3406 vestrae
1445 3340 1602 3420 debeam,
1633 3341 1685 3404 cui
1708 3339 1852 3404 maxima

193 3442 388 3507 contulistis.
434 3450 468 3508 et
490 3443 569 3509 licet
592 3444 728 3531 parendi
751 3445 844 3510 vobis
867 3445 971 3530 magia
994 3467 1092 3531 qnam
1121 3445 1256 3510 iubendi
1283 3444 1454 3510 habuerim
1477 3446 1695 3526 voluntatem,
1727 3443 1851 3509 mutavi
1865 3449 1905 3508 44

116 3561 142 3600 ιιι
193 3553 304 3611 tame'n
334 3569 394 3634 per
423 3548 565 3613 officium
594 3571 770 3636 personam
802 3549 983 3630 serviendi,
1016 3551 1158 3614 animum
1189 3570 1252 3614 non
1281 3548 1385 3613 omisi.
1430 3552 1536 3613 estote
1568 3547 1712 3635 pacifici,
1745 3553 1851 3612 estote

192 3649 392 3727 unianimes;
423 3672 503 3717 onus
526 3674 636 3718 meum
658 3675 787 3719 mecum
809 3652 957 3719 dividite.
1002 3653 1039 3717 fit
1062 3654 1148 3718 enim
1172 3652 1213 3717 ad
1236 3653 1432 3740 portandum
1455 3652 1561 3716 facilis
1585 3651 1729 3730 sarcina,
1754 3672 1851 3737 quam

193 3754 369 3818 multorum
393 3756 478 3821 colla
501 3763 697 3825 sustentant.
735 3777 842 3824 meam
858 3756 951 3822 vobis
967 3757 1227 3821 communionem
1246 3755 1439 3822 servandam
1457 3777 1530 3820 cum
1552 3755 1641 3820 omni
1664 3754 1850 3819 humilitate

193 3857 361 3942 polliceor,
385 3879 491 3944 neque
513 3859 659 3924 futurum
683 3882 758 3926 esse
782 3881 976 3946 quenquam,
999 3861 1055 3945 qui
1070 3843 1133 3942 me,
1157 3859 1219 3924 nisi
1236 3881 1309 3924 cum
1327 3858 1389 3924 deo
1406 3865 1527 3938 nostro,
1550 3859 1655 3946 possit
1671 3856 1849 3924 offendere.

102 3985 174 4034 asu
193 3970 362 4028 auctorem
385 3961 545 4028 bonorum
573 3985 709 4051 operum
738 3971 867 4030 servate
896 3963 1098 4050 pudicitiam;
1131 3970 1164 4030 et
1185 3985 1227 4029 ne
1250 3961 1443 4027 iniuriosum
1471 3962 1594 4049 putetis
1618 3960 1705 4047 quod
1729 3961 1847 4046 grand·
1863 3967 1903 4028 45

115 4081 139 4120 ιι
191 4086 292 4130 aevoa
315 4071 349 4131 et
371 4066 583 4153 presbyteros
606 4067 648 4132 de
672 4068 876 4133 coutinentia
891 4075 924 4133 et
946 4067 1135 4153 integritate
1158 4065 1319 4133 servanda
1338 4089 1421 4152 puer
1444 4067 1605 4153 appellat:
1629 4067 1848 4146 conversatio,

193 4189 256 4233 non
284 4169 377 4250 anni,
406 4176 463 4234 aut
492 4169 751 4236 adulescentiam
778 4171 885 4258 aperit
915 4177 972 4236 aut
995 4176 1173 4237 senectam.
1220 4169 1434 4257 speculamini
1465 4191 1559 4234 meae
1589 4169 1849 4235 conversationis

192 4270 320 4336 interna
350 4278 399 4348 et,
434 4275 461 4338 si
488 4274 657 4361 indignum
688 4274 811 4360 aliquid
839 4273 1036 4360 agnoscitis,
1069 4281 1230 4338 coercete.
1284 4295 1379 4338 nemo
1409 4280 1446 4338 ut
1476 4273 1638 4338 ecclesiae
1668 4273 1849 4360 prinoipem

192 4375 370 4442 admonere
393 4378 517 4460 timeat,
542 4379 570 4444 si
593 4378 712 4466 probat
735 4376 921 4444 errantem'.
967 4376 1018 4442 hia
1042 4376 1088 4441 ita
1110 4376 1205 4441 dietis
1229 4377 1395 4442 conticuit.
1441 4383 1655 4442 surrexerunt
1678 4398 1793 4441 omnes
1817 4383 1851 4440 et
1863 4379 1904 4440 46

193 4500 337 4544 consona
361 4481 454 4566 quasi
477 4503 521 4550 ax
542 4483 682 4568 pristina
704 4481 934 4562 meditatione,
964 4480 1024 4545 sub
1047 4485 1276 4546 momentanea
1300 4487 1409 4546 tamen
1432 4501 1513 4544 voce
1542 4479 1710 4545 dixerunt:
1744 4479 1850 4559 ‘have,

194 4590 288 4670 pater
310 4584 562 4676 probatissime,
593 4585 677 4652 have
708 4586 855 4672 pontifex
883 4585 1070 4670 singularis.
1116 4585 1237 4649 bonum
1267 4591 1299 4649 te
1328 4584 1459 4671 quidem
1490 4583 1716 4648 universorum
1748 4583 1851 4648 sensit

194 4687 327 4768 electio,
358 4686 418 4754 sed
446 4688 603 4776 optimum
632 4689 731 4755 etiam
755 4694 811 4754 tua
833 4694 998 4754 testantur
1021 4688 1175 4773 alloquia.
1220 4689 1343 4754 crescis
1368 4688 1490 4754 sanetis
1513 4688 1639 4754 meritis
1660 4687 1747 4774 apud
1770 4708 1849 4752 eon-

234 4981 240 4988 !
295 5002 313 5054 2
329 5005 469 5072 propabilia
479 5003 525 5054 Βαι
645 4998 664 5052 4
682 4998 877 5067 obtemperatV
995 4994 1010 5048 7
1028 4998 1243 5050 existimationeh
1325 4993 1403 5064 dicto]
1426 4998 1485 5048 data
1497 4997 1534 5061 B,
1555 4999 1614 5050 dato
1634 4997 1723 5050 Schott
1739 5007 1763 5050 et
1780 4998 1850 5050 Botl.

195 5086 227 5139 10
244 5097 390 5158 extempore
406 5090 440 5155 B,
463 5090 590 5157 extemplo
607 5085 697 5152 ΠΗ),
719 5086 837 5153 exemplo
853 5083 916 5136 VlO
999 5085 1048 5135 isto
1065 5083 1099 5148 B,
1121 5085 1198 5136 istum
1216 5084 1292 5135 ceteri
1377 5099 1485 5150 magnos
1497 5083 1522 5134 B
1663 5081 1695 5134 12
1711 5086 1813 5137 audatis
1826 5083 1851 5135 Β

192 5175 284 5227 debitis
296 5176 341 5226 B⁶
392 5175 491 5228 debias
507 5177 607 5242 aliquas
624 5175 743 5228 Ιιιοιίιιιιιιι
753 5170 793 5225 1³¹
797 5173 812 5223 b
909 5167 941 5220 17
954 5170 1091 5222 attrahitur
1101 5169 1127 5220 V
1219 5167 1252 5221 18
1264 5170 1291 5220 in
1304 5169 1475 5222 mediolanum
1490 5169 1534 5221 VJ.
1540 5169 1625 5223 T10P
1718 5169 1751 5222 19
1763 5172 1850 5223 eeleri-

191 5268 243 5313 tate
252 5260 307 5311 ΒΤ
418 5259 451 5312 21
470 5263 616 5329 trepudium
626 5259 669 5311 B¹
747 5257 876 5311 infolssB
953 5257 1082 5322 exceperit
1091 5254 1124 5318 B,
1141 5256 1271 5323 exciperet
1282 5257 1358 5308 ceteri
1473 5253 1508 5307 23
1525 5259 1669 5310 antestitem
1680 5257 1706 5308 Β
1784 5256 1850 5325 sola]

192 5348 245 5399 sala
262 5347 307 5398 13⁶
402 5348 629 5415 metropolintansa
644 5346 670 5397 Β
808 5343 843 5396 25
859 5343 1006 5412 prespiteris
1022 5342 1048 5393 B
1185 5340 1219 5392 26
1236 5343 1356 5410 alloquiis
1374 5343 1399 5393 V
1532 5341 1565 5394 27
1584 5345 1707 5396 carissimi
1726 5384 1771 5397 ...
1791 5347 1850 5397 titu-

191 5435 295 5486 bantem
311 5434 339 5485 ia
356 5451 405 5501 arg.
424 5435 472 5501 ins.
492 5435 577 5501 suppl.
589 5431 634 5486 Β2
714 5435 856 5486 inmaturae
868 5430 904 5494 B,
926 5431 1062 5481 humature
1075 5428 1145 5480 Bell.
1267 5427 1301 5480 28
1318 5426 1396 5497 quod]
1419 5430 1481 5496 quid
1498 5429 1576 5480 Sirm.
1659 5449 1753 5498 magna
1770 5433 1850 5483 ooth

192 5517 225 5570 29
238 5521 351 5572 haberim
364 5537 421 5587 rap.
432 5521 477 5573 lin.
490 5537 508 5572 u
517 5521 543 5571 Β
627 5517 663 5571 30
674 5522 748 5572 amisi
758 5521 836 5572 Sim,
849 5519 950 5573 etBoll.
1031 5516 1062 5569 31
1078 5519 1211 5570 unanimes
1225 5517 1282 5569 Ten
1369 5514 1402 5568 33
1413 5533 1567 5584 quemqnam
1581 5515 1604 5564 V
1686 5514 1721 5567 34
1732 5517 1849 5585 operum]

192 5608 306 5659 omnium
322 5605 401 5659 Siras.
492 5609 589 5676 putetis
606 5606 653 5675 (pu
671 5608 699 5659 ia
711 5607 760 5674 tir.)
773 5608 798 5658 Β
927 5603 961 5656 36
979 5605 1174 5657 adolescentiam
1192 5604 1241 5668 νῦ,
1263 5603 1453 5656 adoliscerrtiam
1472 5603 1498 5654 B
1628 5601 1661 5654 37
1683 5603 1813 5670 agnoscite
1826 5604 1851 5653 B

191 5694 299 5746 coercita
316 5691 407 5757 VLOb,
423 5694 548 5746 coercitae
560 5693 586 5744 B
655 5689 693 5762 nt]
713 5694 755 5745 rel
772 5694 823 5748 rive
840 5701 867 5746 ot
883 5693 972 5745 malim
1081 5689 1115 5743 39
1133 5693 1199 5743 haba
1212 5690 1245 5754 B,
1261 5708 1310 5743 aaa
1329 5691 1386 5744 Tea
1491 5687 1523 5741 41
1542 5707 1660 5742 crescens
1671 5689 1697 5740 B

294 5783 435 5844 aaronica.
1610 5781 1643 5834 12
