4538 6436
451 367 508 426 116
704 359 870 412 nxxxvrn
888 357 1011 424 inrisu.
1024 359 1049 414 a.
1068 359 1119 424 rs),
1143 357 1283 410 nxxrux
1301 356 1424 424 (nrisr.
1437 358 1462 422 a,
1482 358 1531 426 ro),
1550 358 1596 412 xo
1614 358 1736 424 (aaran.
1748 360 1774 422 a,
1790 360 1844 426 aa.

1024 666 1253 734 LXXXVIII
1277 666 1387 755 (srrsr.
1405 670 1434 750 3,
1454 669 1519 756 18).

901 862 1139 939 ENNODIVS
1165 861 1399 938 EPISCOPO
1426 861 1645 938 EVLALIO.

415 1022 428 1081 ¹
555 1019 623 1110 Ad
661 1048 817 1130 quantum
855 1063 908 1106 me
952 1039 1120 1126 fastigium
1163 1038 1356 1126 perduxerit
1398 1039 1520 1105 donum
1563 1040 1718 1128 spiritalis
1758 1042 1907 1128 alloquii,
1950 1041 2103 1127 angustia

442 1156 631 1228 testaretur,
663 1149 690 1212 si
720 1167 870 1212 sermone
900 1145 1028 1211 valeret
1055 1145 1188 1226 ambiri,
1223 1143 1264 1210 ad
1297 1143 1384 1230 quod
1413 1145 1633 1210 enarrandum
1660 1146 1779 1212 idonea
1808 1168 1872 1212 non
1901 1152 1953 1212 est
1979 1147 2100 1211 mentis

443 1254 574 1318 exilitas
597 1273 658 1317 nee
688 1250 808 1316 sufficit
836 1249 901 1314 cris
930 1255 1070 1334 egestas.
1118 1269 1175 1313 vos
1204 1249 1290 1314 enim
1316 1248 1382 1313 mei
1412 1270 1573 1315 memores
1606 1250 1755 1316 extitisse
1783 1251 1859 1336 quid
1889 1249 1977 1315 aliud
2009 1271 2100 1316 com·

443 1358 566 1444 putabo
591 1373 687 1443 quarn
710 1362 848 1442 peccata
872 1353 1041 1440 superari?
1072 1353 1230 1418 memoria
1252 1354 1352 1417 vestri
1381 1374 1477 1418 omne
1507 1353 1593 1440 quod
1623 1363 1755 1420 actuum
1784 1355 1969 1420 obscenitas
1993 1355 2100 1439 potuit
2167 1400 2172 1412 .

412 1461 628 1526 2ministrare
652 1460 716 1526 iam
740 1451 867 1546 depulit
891 1465 924 1523 et
947 1479 1007 1545 per
1030 1456 1146 1522 sudum
1170 1458 1335 1543 respicere
1360 1479 1535 1545 supemum
1560 1481 1677 1524 munus
1701 1459 1845 1524 indulsit.
1887 1458 2019 1524 domine
2043 1458 2100 1536 mi,

443 1565 647 1630 salutationis
671 1564 829 1648 obsequia
858 1562 1015 1628 decenter
1044 1560 1224 1647 inpertiens
1253 1559 1351 1626 deum
1378 1583 1468 1647 rogo,
1500 1569 1536 1626 ut
1566 1564 1652 1628 cirea
1680 1564 1875 1648 parvitatem
1905 1585 2012 1628 meam
2043 1563 2101 1626 illa

443 1670 562 1749 anima,
586 1669 620 1732 in
643 1689 707 1753 qua
730 1689 825 1732 omne
848 1667 935 1752 quod
957 1666 1040 1732 deus
1065 1665 1197 1730 mandat
1227 1667 1397 1746 exuberat,
1430 1667 1653 1754 dignationem
1682 1671 1859 1757 pollicitam
1892 1670 1962 1734 sine
1990 1671 2101 1753 aliqua

443 1781 596 1862 procuret
627 1773 843 1839 inminutione
875 1793 1017 1837 servare.
1071 1792 1169 1856 quam
1206 1792 1274 1836 rem
1306 1793 1350 1837 ex
1383 1772 1516 1837 arbitrio
1548 1774 1625 1838 mihi
1657 1774 1847 1858 contingere
1877 1773 2099 1858 frequentium

442 1878 608 1943 declarate
631 1877 819 1942 testimonio
842 1877 1035 1942 litterarum.

1051 2182 1242 2252 LXXXIX
1258 2132 1416 2271 (uersat,
1435 2185 1499 2270 19).

1035 2381 1273 2457 ENNODIVS
1306 2381 1509 2459 FAVSTO.

552 2529 640 2625 Deo
670 2558 803 2644 gratias,
835 2560 890 2644 qui
921 2561 1014 2625 iuxta
1042 2560 1207 2627 desideria
1234 2582 1318 2641 mea,
1353 2580 1394 2624 ne
1423 2560 1599 2647 aliquando
1630 2561 1672 2626 ab
1703 2561 1880 2648 scriptione
1906 2567 2099 2648 temperem,

441 2663 615 2750 negotiosa
636 2663 714 2728 lacit
738 2683 809 2727 esse
834 2665 1018 2749 conloquia.
1053 2670 1164 2750 potest
1187 2666 1274 2729 enim
1299 2671 1332 2729 et
1354 2665 1489 2728 utilitati
1508 2664 1665 2750 prodesse
1682 2665 1770 2749 quod
1785 2667 1889 2750 exigit
1905 2666 1952 2730 vis
1968 2669 2098 2732 amoris.

441 2767 587 2854 proinde,
610 2766 753 2846 domine,
776 2765 897 2832 indicia
920 2789 1013 2833 meae
1038 2767 1228 2833 valitudinis
1252 2768 1376 2833 faciens
1400 2768 1550 2853 fugacem
1573 2789 1711 2854 puerum
1736 2775 1878 2833 vestrum
1895 2768 2097 2836 Germanum

440 2871 613 2949 vocabulo,
644 2871 701 2956 qui
734 2877 810 2934 ante
838 2872 1012 2936 triennium
1047 2873 1159 2958 lapsus
1191 2878 1250 2950 est,
1281 2893 1333 2937 me
1364 2872 1511 2958 suspicor
1539 2873 1720 2938 invenisse:
1755 2871 1796 2936 de
1825 2893 1889 2958 quo
1918 2873 2097 2939 indiculum
2163 2897 2173 2932 r

440 2973 613 3039 destinavi.
659 2974 763 3060 quisi
787 2994 865 3040 rere
889 2982 1000 3041 vester
1022 2982 1084 3054 est,
1108 2982 1235 3040 mature
1260 2975 1430 3060 sequenda
1452 2997 1658 3061 cognoscam.

1104 3299 1165 3369 XC
1187 3302 1296 3386 (arrsr.
1314 3305 1344 3384 3,
1363 3305 1417 3386 20)

1036 3496 1273 3573 ENNODIVS
1300 3496 1501 3573 FAVSTO.

409 3656 420 3716 l
542 3644 797 3760 Multiplicibus
820 3673 1021 3739 veneratoris
1044 3673 1144 3738 vestri
1174 3673 1291 3738 adfinis
1322 3674 1387 3738 mei
1410 3673 1528 3738 Iuliani
1557 3673 1725 3758 negotium
1754 3673 1938 3738 Marcellini
1966 3674 2097 3739 laborat

437 3775 571 3858 insidiis,
595 3779 650 3863 qui
673 3776 713 3842 ad
737 3778 918 3863 querellam
942 3775 1166 3841 tantummodo
1193 3783 1327 3861 paratus
1351 3776 1391 3842 de
1416 3777 1526 3842 iudicii
1550 3778 1739 3862 integritate
1755 3776 1889 3843 diffidit:
1913 3779 1994 3842 vitat
2010 3799 2095 3864 quae

437 3887 529 3967 optat
552 3882 716 3948 examina.
761 3904 836 3947 nam
861 3889 1037 3968 postquam
1066 3883 1178 3947 nescio
1207 3880 1291 3966 quod
1319 3889 1532 3969 praeceptum
1557 3881 1598 3947 ad
1622 3880 1779 3946 Gavicam
1803 3881 1994 3946 exhibuisse
2017 3903 2093 3968 per·

437 3984 579 4069 bibetur,
611 3986 798 4072 praedictus
829 3986 969 4071 supplex
996 3993 1107 4051 vester
1136 3987 1177 4050 ad
1201 3985 1456 4051 Mediolanensis
1484 3987 1546 4052 fori
1569 3984 1769 4052 audientiam
1793 4005 1870 4049 mox
1894 3986 2038 4050 cucurrit
2061 3992 2094 4050 et

396 4108 398 4112 ·
436 4109 495 4175 per
516 4089 651 4174 triginta
674 4096 730 4154 aut
753 4089 970 4175 quadraginta
993 4088 1063 4154 dies
1086 4089 1305 4176 praesentiam
1331 4110 1422 4154 suam
1451 4091 1593 4176 publico,
1627 4091 1713 4154 sicut
1741 4089 1925 4173 oportebat,
1955 4089 2094 4174 ingessit

406 4190 564 4259 liudicis.
609 4198 812 4257 contestatus
851 4202 902 4258 est
939 4194 1045 4279 ipsum
1084 4192 1258 4270 (ioricam,
1303 4193 1356 4278 qui
1395 4193 1565 4258 ordinatus
1604 4190 1818 4257 adserebatur
1855 4192 2019 4276 inpulsor:
2058 4199 2093 4255 ut

436 4301 625 4383 susceptum
660 4317 753 4360 suum
787 4296 828 4360 ad
861 4296 983 4361 iudicia
1015 4295 1210 4377 destinaret,
1243 4295 1420 4362 admonuit.
1473 4297 1624 4360 domnum
1659 4315 1788 4381 quoque
1819 4294 2092 4374 Trasamundum,

436 4400 521 4463 sicut
551 4419 593 4464 ex
620 4400 736 4465 litteris
767 4400 869 4486 ipsius
897 4400 1044 4486 poteritis
1074 4409 1265 4484 agnotcere,
1296 4399 1375 4463 fecit
1403 4399 1495 4465 scire.
1542 4400 1600 4466 sed
1630 4399 1711 4463 nihil
1739 4397 1825 4484 apud
1853 4419 1926 4461 cum
1959 4399 2091 4485 proluit,
2142 4431 2147 4444 ·

436 4505 488 4567 cui
513 4503 603 4567 solae
626 4503 775 4568 latebrae
799 4506 833 4568 in
856 4525 955 4569 eausa
978 4505 1099 4568 misera
1121 4511 1257 4590 possunt
1286 4525 1360 4569 esse
1391 4504 1547 4569 remedio.
1593 4524 1652 4588 pro
1681 4522 1745 4587 quo
1773 4523 1863 4587 rogo,
1893 4523 2090 4587 quamquam

435 4605 521 4692 apud
547 4627 604 4671 vos
628 4607 780 4692 precibus
804 4629 884 4692 cpus
908 4630 973 4672 non
1002 4615 1063 4687 est,
1094 4609 1292 4694 ubicumque
1322 4609 1440 4673 veritas
1466 4608 1651 4686 innotescit,
1680 4607 1755 4692 quia
1783 4607 1892 4669 omnia
1920 4607 2017 4671 huius
2045 4609 2091 4672 rei

434 4711 653 4776 instrumenta
676 4711 866 4790 transmisit,
890 4718 927 4775 ut
949 4712 1154 4777 ordinatione
1178 4722 1286 4777 restra
1308 4713 1350 4776 ab
1373 4713 1558 4777 huiusmodi
1582 4712 1741 4775 molestiis
1765 4711 1927 4775 efficiatur
1950 4712 2090 4775 alienus.

538 4967 719 5038 [LXXXVIII]
762 4970 775 5021 l
796 4973 897 5025 Eulalia
915 4973 1034 5039 episcopo
1051 4971 1131 5024 Siras.
1251 4973 1269 5025 2
1287 4974 1432 5041 angustiam
1445 4972 1482 5036 Β,
1504 4972 1623 5039 augustia
1641 4988 1698 5023 mea
1709 4973 1777 5037 sort.
1897 4970 1915 5021 4
1933 4972 2055 5024 exmtissc
2067 4971 2092 5021 B

432 5055 449 5106 6
472 5053 517 5124 mi]
541 5059 605 5108 mihi
621 5057 698 5109 BVL
819 5056 1019 5112 'isalutationcs
1039 5059 1141 5110 VL¹T¹
1222 5077 1304 5112 meam
1325 5077 1381 5126 arcp.
1400 5060 1445 5109 lin.
1458 5059 1483 5108 B
1609 5058 1625 5107 9
1642 5059 1818 5110 immutatione
1836 5057 1886 5121 Va,
1909 5058 2050 5111 inritatione
2067 5057 2092 5108 Β

431 5144 581 5210 contingere
600 5143 624 5210 (c
641 5144 670 5196 ia
687 5143 735 5212 tir.)
748 5144 774 5195 B

537 5245 695 5314 [LXXXIX]
724 5246 758 5299 12
776 5266 832 5300 mea
850 5267 899 5300 orn.
913 5249 992 5300 Sirra.
1050 5264 1083 5299 no
1100 5265 1149 5298 om.
1163 5247 1188 5297 B
1243 5245 1285 5314 ab]
1303 5249 1335 5300 ad
1347 5248 1373 5298 Β
1473 5245 1506 5297 13
1523 5248 1650 5314 colloquia
1667 5248 1691 5297 V
1743 5249 1829 5315 exegit
1841 5247 1867 5298 Β
1929 5244 1980 5312 via]
2000 5248 2040 5298 ius
2053 5247 2090 5299 Po

433 5331 466 5383 15
483 5334 624 5385 indiculum
635 5334 662 5384 'B
767 5333 799 5386 16
816 5335 948 5402 mauritta
959 5333 985 5384 Β

536 5436 601 5506 [XC]
639 5437 671 5489 17
690 5441 785 5491 Fausto
804 5440 936 5491 Eunodius
949 5439 1028 5491 Sir-m.
1146 5436 1179 5489 18
1197 5439 1353 5490 ueneratoris
1369 5437 1432 5501 (ain
1445 5437 1492 5504 lit.)
1505 5437 1530 5488 B
1645 5436 1679 5489 19
1697 5439 1827 5504 querelam
1843 5436 1868 5487 V
1977 5435 2011 5488 21
2031 5453 2090 5488 cou-

431 5525 512 5576 currit
529 5524 588 5575 01²1»
713 5523 748 5575 22
766 5528 849 5577 XXX.
867 5534 913 5578 aut
930 5527 985 5576 XL.
1003 5527 1057 5576 dies
1074 5525 1099 5574 B
1225 5523 1258 5574 23
1278 5525 1354 5576 iudici
1372 5525 1462 5576 malim
1547 5525 1743 5577 adscribatan
1868 5521 1901 5574 24
1921 5524 2054 5574 dominum
2067 5523 2091 5572 B

430 5609 466 5661 25
487 5611 581 5660 sieutix
598 5609 647 5672 1⁷⁰,
669 5612 744 5663 sicuti
763 5628 795 5662 ex
815 5613 838 5662 L
934 5613 998 5662 scira
1016 5613 1043 5661 in
1061 5612 1096 5661 lit.
1110 5611 1147 5673 B,
1170 5619 1244 5677 tygre
1260 5610 1310 5674 Vss,
1333 5611 1383 5661 del.
1402 5619 1424 5660 et
1441 5612 1507 5662 scire
1526 5628 1651 5676 uipereor.
1670 5612 1711 5662 Vr
1854 5608 1887 5660 26
1905 5609 2094 5675 quanquaml'

430 5692 464 5746 21
482 5695 652 5747 innotiscitB
