4612 6442
1024 412 1051 470 11
1070 410 1189 486 (clau.
1209 406 1233 474 1,
1251 409 1288 477 s),
1306 405 1347 466 111
1366 405 1469 479 (pror.
1488 403 1524 472 t).

813 587 944 657 Gaudia
965 592 1014 656 sio
1037 591 1157 656 tollunt
1179 585 1315 675 placidis
1338 583 1524 650 discrimina
1546 583 1656 662 robus,

859 695 960 762 Nulla
982 695 1064 761 fides
1087 695 1183 760 lastis
1205 694 1336 777 integra
1357 711 1420 756 nec
1444 688 1562 755 dubiis.

813 799 886 864 Non
910 800 1006 865 aliter
1028 799 1128 864 variis
1150 797 1258 863 tenuit
1281 817 1362 880 quos
1385 794 1489 859 Roma
1512 794 1643 878 periclis

862 904 983 970 Litoris
1006 904 1110 991 optati
1133 899 1274 968 reddidit
1297 898 1339 964 ad
1362 899 1532 983 gremium.

735 1021 759 1059 ¹⁵
812 1007 1023 1074 Permuloent
1046 1007 1156 1094 pelagi
1177 1025 1299 1071 numen
1321 1002 1511 1068 venerabile
1535 1008 1643 1082 cantu,

862 1112 1017 1178 Anchora
1040 1110 1126 1198 quod
1149 1095 1316 1196 proprium
1340 1105 1467 1172 mordet
1490 1106 1619 1172 obunca
1642 1108 1758 1174 solnm.

815 1215 966 1280 Flamina
989 1215 1048 1280 sed
1070 1215 1166 1280 lassis
1189 1220 1339 1280 tenerum
1362 1211 1489 1275 factura
1512 1231 1660 1295 soporem

862 1319 1062 1386 Perturbant
1085 1325 1229 1384 mentem
1251 1317 1363 1381 militis
1387 1314 1551 1400 aequorei,

815 1422 919 1488 Arma
941 1423 1020 1488 ratis
1043 1422 1175 1507 subigit,
1199 1441 1308 1486 remos
1332 1425 1366 1485 et
1389 1419 1493 1484 lintea
1516 1418 1637 1482 vibrat:

736 1540 762 1579 ‘2⁰
867 1526 922 1590 Sic
946 1548 1040 1592 mens
1064 1527 1269 1611 naufragium
1294 1522 1489 1610 suspicionis
1513 1521 1623 1586 habet.

816 1629 982 1696 Adveniet
1006 1631 1099 1696 siccis
1123 1630 1179 1716 qui
1202 1629 1323 1716 pressit
1347 1627 1479 1692 caerula
1502 1626 1622 1713 plantis

864 1734 964 1821 (Nam
986 1740 1100 1820 portus
1124 1733 1217 1797 fossis
1240 1731 1295 1796 ille
1320 1731 1435 1794 salutis
1460 1728 1535 1815 erit)
1567 1817 1571 1824 .

818 1838 881 1912 Qui
905 1837 1021 1903 latices
1044 1837 1149 1901 vinxit
1171 1834 1310 1900 fundens
1333 1835 1367 1898 in
1389 1834 1508 1918 pocula
1532 1852 1659 1913 saxum,

866 1943 929 2017 Qui
952 1942 1081 2030 lapides
1104 1941 1212 2022 solvit,
1235 1941 1290 2026 qui
1314 1938 1467 2004 solidavit
1491 1959 1604 2023 aquas,

738 2062 763 2101 2⁵
817 2047 924 2121 Quem
946 2046 1100 2131 genetrix
1123 2043 1207 2109 fudit
1229 2043 1347 2108 saeclis
1372 2043 1442 2107 sine
1467 2042 1592 2108 semina
1617 2043 1685 2108 feta

865 2150 918 2216 Ad
941 2157 1079 2216 matrem
1101 2151 1242 2234 iungens
1266 2148 1463 2232 virginitatis
1488 2169 1581 2230 onus,

820 2256 883 2330 Qui
905 2260 1043 2320 mortam
1066 2253 1217 2340 propriae
1242 2253 1410 2338 superavit
1432 2273 1569 2317 munere
1592 2253 1707 2317 mortis

865 2357 958 2423 Dans
981 2358 1080 2422 vitam
1103 2357 1235 2436 mundo,
1258 2356 1375 2420 iuuere
1399 2377 1497 2441 quam
1520 2355 1660 2442 peperit.

818 2461 881 2528 Ille
904 2484 964 2549 per
986 2463 1155 2528 excelsum
1179 2462 1291 2526 videat
1313 2482 1365 2526 me
1389 2459 1505 2524 dexter
1528 2459 1722 2547 Olympum:

739 2579 765 2618 ³⁰
868 2567 961 2632 Tunc
984 2568 1121 2652 patriam
1146 2573 1287 2645 teneam,
1310 2572 1387 2629 tunc
1412 2565 1561 2629 stationis
1585 2587 1693 2650 opem.

823 2671 947 2737 Nubila
970 2672 1072 2736 laxati
1095 2677 1228 2736 verrant
1251 2671 1329 2735 licet
1350 2690 1494 2755 aequora
1517 2669 1617 2749 venti,

867 2776 1019 2841 Rimosae
1043 2776 1145 2862 puppi
1167 2776 1212 2840 uil
1235 2775 1387 2840 nocitura
1409 2780 1537 2860 petunt.

821 2878 940 2944 Dulcia
963 2879 1142 2966 conpositis
1166 2879 1311 2964 quatiam
1333 2885 1412 2943 tunc
1436 2885 1592 2964 tympana
1615 2877 1733 2957 cordis⁷

868 2983 1020 3048 Floribus
1044 2991 1079 3050 et
1100 2983 1234 3069 pingam
1258 2982 1403 3048 cannino
1425 2989 1543 3047 nostra
1566 2983 1672 3048 novis.

742 3102 766 3140 ³⁵
819 3087 865 3153 Vt
887 3090 1003 3168 fatear,
1027 3086 1131 3151 doctis
1154 3092 1284 3152 constat
1306 3086 1391 3152 bene
1414 3086 1523 3150 dicere
1546 3087 1688 3162 laetnm;

868 3193 993 3258 Tristia
1014 3193 1060 3257 nil
1084 3193 1217 3277 capiunt
1239 3197 1374 3276 pectora
1397 3191 1586 3275 versiloqui.

822 3299 890 3363 Sed
913 3297 1026 3364 redeat
1048 3318 1194 3378 vernum,
1219 3303 1326 3360 cesset
1347 3297 1412 3360 iam
1436 3296 1552 3360 brume
1574 3295 1711 3359 timoris:

870 3402 1027 3487 Stringite
1051 3422 1135 3488 quae
1159 3406 1292 3467 nectant
1314 3399 1453 3465 frondea
1475 3407 1563 3465 serta
1586 3405 1715 3465 comos!

824 3504 962 3570 Cantem
985 3526 1069 3590 quas
1094 3505 1220 3586 solitus,
1243 3504 1321 3568 dum
1343 3504 1477 3586 plebem
1499 3511 1654 3590 pasceret
1677 3523 1743 3585 ore,
1838 3587 1840 3590 Ι

742 3623 769 3662 ⁴⁰
873 3608 1069 3674 Ambrosius
1093 3610 1176 3673 vatis
1200 3609 1343 3673 carmina
1365 3609 1481 3694 pulora
1503 3609 1601 3693 loqui.

1164 3901 1227 3970 III
1251 3903 1344 3990 (ulcr.
1362 3905 1406 3990 7).

490 4087 605 4162 ITEM
633 4085 792 4161 DICTIO
821 4083 962 4160 CUlUS
989 4083 1151 4158 SUPRA
1178 4083 1226 4156 IN
1254 4079 1575 4158 DEDICATIONE
1603 4081 1853 4158 AVDITORll
1881 4082 2081 4174 QVANDO

831 4226 897 4298 AD
923 4222 1094 4297 FORVM
1120 4220 1429 4296 TRANSLATIO
1456 4223 1618 4297 FACTA
1646 4222 1746 4295 EST.

430 4402 444 4460 1
579 4371 629 4465 Vt
652 4422 786 4488 campus
810 4399 958 4479 militem,
983 4420 1074 4465 mare
1097 4399 1235 4478 navitas,
1260 4397 1332 4463 fora
1356 4399 1557 4464 causidicum
1580 4399 1769 4478 sollicitant,
1792 4399 1918 4463 incerta
1935 4405 2113 4486 raptorem:

322 4499 441 4604 Q’Pffl}
460 4505 507 4569 ita
529 4504 658 4589 linguas
682 4503 843 4568 auditoria
867 4509 1035 4570 exercent.
1081 4525 1157 4569 nam
1181 4525 1276 4590 quae,
1300 4505 1432 4585 malum,
1455 4506 1539 4570 ratio
1563 4504 1717 4569 suadebit
1740 4504 1906 4576 silentium
1922 4505 1954 4568 in
1972 4505 2057 4585 loco,
2081 4504 2115 4567 in

461 4629 526 4694 quo
550 4615 626 4672 sunt
648 4608 795 4694 praemia
819 4609 999 4674 constituta
1014 4609 1208 4673 verborum?
1245 4607 1303 4672 ubi
1327 4609 1481 4674 orationis
1497 4609 1617 4696 palma,
1642 4609 1670 4672 si
1685 4608 1738 4672 hio
1755 4609 1863 4693 gratia
1879 4608 2112 4672 taciturnitati?
2167 4632 2179 4669 s

461 4713 545 4776 bene
571 4712 740 4776 solvuntur
763 4711 890 4776 sudoris
912 4713 1029 4798 pretia,
1053 4711 1110 4777 ubi
1136 4716 1213 4776 sunt
1235 4712 1360 4799 templa
1382 4713 1553 4794 victoriaej
1577 4712 1662 4778 benc
1686 4711 1851 4795 effugatur
1874 4712 2012 4775 servitus
2028 4712 2115 4775 inter

429 4816 546 4880 latria
576 4814 748 4880 libertatis.
801 4817 912 4880 vincta
940 4816 992 4880 hic
1019 4837 1077 4880 ora
1104 4822 1218 4882 teneat
1245 4836 1339 4880 mens
1374 4815 1513 4902 captiva.
1565 4837 1629 4880 non
1659 4815 1810 4900 agnoscit
1838 4814 1946 4878 lorum
1975 4814 2116 4879 Romani

461 4919 589 5005 populi,
621 4939 687 4983 non
709 4919 856 4986 liberalis
881 4919 1073 4985 eruditionis
1095 4921 1303 5007 gymnasium
1327 4919 1382 5005 qui
1405 4919 1511 4984 adhuc
1534 4922 1627 5005 quasi
1650 4921 1684 4984 in
1708 4918 1895 4984 secessibus
1920 4918 2114 4984 conticisoit.

565 5197 591 5230 v.
610 5177 643 5230 13
662 5181 743 5232 uariis
760 5182 844 5233 tenuit
857 5180 891 5245 B,
909 5181 993 5233 tenuit
1010 5182 1090 5234 uariis
1107 5181 1183 5233 ceteri
1324 5197 1352 5231 v.
1369 5177 1402 5232 19
1420 5181 1523 5248 subegit
1534 5180 1561 5231 B
1604 5217 1606 5222 ·
1703 5198 1728 5230 v.
1748 5175 1782 5231 22
1800 5177 1899 5248 portus]
1918 5188 2008 5248 protus
2025 5180 2071 5232 Ba
2089 5189 2117 5231 ut

461 5267 561 5318 videtur
648 5265 730 5331 lassis]
749 5268 811 5319 felix
831 5267 909 5320 Sim.
1049 5286 1074 5320 v.
1093 5265 1128 5319 28
1145 5263 1232 5335 quam]
1251 5284 1328 5334 quem
1347 5267 1426 5318 Sirra.
1566 5283 1591 5317 v.
1611 5263 1645 5317 32
1663 5267 1771 5318 timeam
1792 5269 1875 5335 puppi
1897 5267 1997 5330 Scbott,
2023 5267 2117 5319 rimosa

461 5351 594 5421 pompis,
611 5354 730 5404 rimosam
748 5355 855 5420 puppim
871 5355 947 5407 ceteri
1015 5373 1041 5405 v.
1059 5353 1094 5406 33
1111 5351 1261 5421 conpositis]
1280 5353 1478 5421 conpetuntB⁰
1547 5347 1672 5419 quatiam]
1692 5354 1823 5418 quantiam
1836 5353 1862 5402 Β
1931 5371 1956 5403 v.
1972 5351 2007 5404 35
2025 5350 2117 5420 doctis]

403 5507 405 5510 Ι
462 5441 536 5492 dictis
551 5439 593 5490 Vs
611 5447 634 5490 ct
653 5439 732 5490 Sim.
837 5459 862 5492 v.
881 5439 917 5493 40
934 5450 1008 5494 uates
1027 5441 1106 5494 Sis-m.

568 5539 626 5609 [111]
663 5541 863 5595 cananeum
881 5543 906 5593 V
999 5541 1016 5594 4
1034 5544 1136 5611 lingum
1154 5544 1281 5596 sursera
1292 5543 1326 5608 Β,
1343 5545 1471 5596 sursera
1488 5543 1591 5610 unguas
1609 5543 1684 5594 asa·
1700 5505 1751 5593 εἶς.
1768 5541 1913 5594 rnroor
1962 5561 2022 5594 nam
2039 5540 2116 5609 quas]

462 5647 548 5696 namq.
568 5629 667 5680 codices
802 5627 1018 5682 blacitunritutis
1037 5631 1115 5684 Siron.
1244 5628 1260 5682 'l
1278 5632 1352 5683 uinta
1371 5630 1416 5680 Bc
1508 5648 1553 5682 ors
1570 5635 1595 5692 (o
1612 5630 1640 5680 in
1659 5630 1706 5695 tit.)
1724 5629 1750 5678 B
1879 5628 1897 5680 8
1913 5630 2074 5696 gomnosium
2093 5629 2120 5679 B

462 5717 611 5768 conticescit
627 5715 651 5765 V
