4596 6450
734 401 895 458 ccxxxlx
914 402 1017 470 (DlC'l'.
1037 402 1089 471 17),
1107 401 1198 458 0ch
1217 399 1351 468 (OPUSC.
1368 402 1405 468 4).
1835 404 1894 467 185

243 575 438 640 constitutis.
471 597 610 642 necesse
634 583 684 641 est
698 577 804 662 optari
828 575 915 662 quod
931 575 1064 641 modum
1080 577 1171 663 ponit
1194 575 1428 642 amaritudinis.
1462 597 1549 662 rogo,
1574 577 1693 662 quibus
1717 583 1768 642 eat
1790 576 1928 641 beluial

243 678 484 764 conparandua,
513 680 568 766 qui
591 681 819 766 procuratione
844 700 903 744 aua
926 679 1024 744 infert
1047 680 1127 745 dura
1150 679 1221 744 sina
1252 679 1406 743 termino:
1443 679 1535 744 cuius
1559 679 1641 760 doli,
1674 680 1749 744 dum
1779 701 1895 746 manns

244 781 387 846 abstinet
410 781 453 847 ab
469 789 601 847 auctore
617 783 710 862 lucis,
733 784 799 846 leto
816 781 1047 846 commutanda
1061 788 1283 868 pepererunt?
1308 783 1371 845 iam
1396 789 1467 847 erat
1482 784 1610 868 genitor
1625 784 1719 847 istius
1736 803 1895 847 annorum

244 885 333 950 saaca
357 885 524 964 contritus,
547 886 612 950 iam
636 907 695 972 par
716 885 888 950 tremenda
910 886 999 950 sanis
1023 885 1171 972 membra
1194 885 1268 950 aevi
1282 885 1494 973 depopulatio
1511 888 1651 972 vestigia
1666 887 1743 952 olim
1761 887 1896 951 robusta

245 989 462 1070 subverterat,
485 987 550 1054 iarn
573 989 795 1054 diuturnitatis
812 988 977 1053 morsibus
1001 989 1033 1052 in
1057 1008 1165 1073 rugas,
1189 1008 1273 1074 quae
1289 988 1479 1055 declarabat
1495 990 1669 1070 hominem,
1693 990 1798 1054 forma
1820 1011 1893 1055 ver-

244 1092 359 1177 gebat:
384 1113 448 1156 non
473 1099 584 1158 tamen
607 1092 677 1157 sina
702 1113 760 1178 spa
784 1091 919 1156 subsidii
942 1093 983 1156 ad
1008 1093 1227 1156 maturitatem
1243 1101 1450 1177 pervenerat,
1474 1095 1525 1160 cui
1549 1095 1614 1159 iarn
1637 1095 1741 1160 maior
1763 1094 1895 1159 subole·

243 1194 423 1262 adridebat.
468 1196 584 1282 potiori
606 1196 725 1262 fiducia
748 1197 789 1262 ad
812 1197 932 1263 victum
956 1205 1156 1284 congregata
1179 1197 1342 1284 dispersit,
1367 1218 1463 1283 quem
1487 1218 1618 1284 semper
1634 1198 1754 1262 seimus
1777 1197 1926 1263 horreat

244 1321 303 1364 sua
318 1300 351 1363 in
367 1299 512 1385 pignoris
528 1301 698 1366 alacritate
714 1301 877 1387 posuisse.
915 1323 1012 1366 omen
1035 1303 1161 1387 putavit
1184 1301 1330 1387 cogitare
1355 1301 1395 1366 da
1421 1302 1615 1382 substantia,
1639 1303 1691 1366 cui
1715 1300 1898 1366 exsistebat

244 1409 340 1468 natus
363 1404 554 1486 incolumia,
586 1405 627 1470 ad
659 1405 802 1490 gelidam
826 1405 979 1470 canitiem
1007 1405 1069 1470 hoc
1093 1412 1213 1491 putans
1236 1426 1335 1492 posse
1360 1404 1527 1486 sufficere,
1559 1405 1646 1490 quod
1670 1412 1841 1492 reparatus
1865 1405 1897 1468 in

244 1508 417 1593 prosapiae
447 1509 541 1572 annis
563 1509 768 1574 viridioribus
797 1531 862 1574 non
891 1510 1036 1595 peribat,
1070 1531 1144 1575 cum
1174 1516 1312 1596 repente
1340 1509 1495 1594 egregins
1525 1509 1654 1576 insanis
1682 1510 1739 1574 tali
1770 1515 1898 1594 patrem

243 1611 420 1677 securitate
442 1611 586 1676 nudavit.
626 1613 744 1677 sellem
768 1614 946 1700 paulisper,
969 1613 1147 1679 venerandi
1172 1613 1367 1698 cognitores,
1391 1611 1431 1676 ad
1456 1613 1542 1678 hunc
1566 1613 1666 1678 verba
1690 1613 1929 1686 convertere;6

243 1712 301 1780 sed
325 1735 399 1779 reor
421 1715 529 1800 perire
545 1717 678 1796 monita,
701 1737 785 1802 quae
802 1716 985 1802 profligatis
1001 1717 1147 1781 moribus
1165 1715 1375 1786 exhibentur.
1406 1721 1570 1802 putamus,
1593 1716 1772 1782 venerandi
1794 1715 1898 1781 horni-

244 1838 338 1896 num,
368 1817 410 1882 ad
440 1818 500 1882 hoa
524 1838 603 1883 usus
627 1820 754 1904 prolem
777 1818 960 1904 cuiuspiam
982 1820 1173 1905 magisterio
1197 1821 1390 1905 perveniret
1423 1819 1544 1884 suflicit
1576 1821 1716 1905 germini
1739 1820 1898 1884 institutio

244 1927 398 2002 naturae,
430 1921 559 2007 quando
583 1921 670 2007 quod
694 1923 803 1987 solant
825 1922 934 1988 lacera
957 1922 1126 2005 doctores,
1149 1922 1293 1988 infundit
1316 1944 1429 1988 eornm
1453 1925 1641 2010 pectoribus
1667 1925 1723 1990 lex
1745 1925 1898 1989 humana.

181 2070 184 2082 .
246 2045 310 2088 uon
334 2030 385 2088 est
408 2045 451 2089 ax
467 2023 632 2089 adcidenti
648 2025 770 2090 bonum
794 2024 906 2090 debita
929 2027 1099 2111 conplere;
1122 2047 1184 2091 nec
1207 2025 1326 2091 deesse
1344 2032 1453 2112 potest
1477 2028 1604 2092 ratione
1619 2027 1788 2113 praeditis,
1812 2024 1899 2112 quod

244 2126 360 2192 avibus
383 2126 558 2213 probamus
587 2129 759 2194 insertum.
804 2150 900 2194 screa
932 2129 1003 2194 vica
1030 2128 1156 2214 aquilas
1185 2128 1326 2214 legimus
1358 2127 1483 2194 fetuum
1515 2130 1698 2195 ministerio
1728 2130 1836 2216 pasci,
1865 2129 1929 2194 etl

243 2230 404 2296 beneficia
425 2239 609 2318 parentum,
632 2238 712 2317 quot
728 2232 891 2317 inplumes
916 2234 993 2312 nati,
1017 2231 1148 2319 qnando
1165 2253 1300 2297 ovorum
1324 2232 1446 2299 tunicis
1465 2239 1639 2315 exuuntur,
1664 2231 1790 2319 indepti
1813 2239 1898 2312 aunt,

244 2333 384 2421 quadam
407 2334 546 2399 districti
568 2335 735 2420 aequitate
759 2336 945 2402 restituunt.
979 2357 1044 2401 non
1068 2342 1185 2422 putant
1208 2337 1358 2402 volucres
1381 2358 1454 2402 essa
1477 2337 1617 2403 liberum
1634 2337 1775 2423 adcepta
1797 2335 1897 2401 dana-

244 2459 335 2523 gara.
372 2439 468 2525 quale
492 2447 542 2504 est
564 2440 741 2526 ingenium,
766 2439 854 2525 quod
878 2441 965 2505 circa
988 2440 1192 2526 diligentiam
1209 2461 1341 2504 suorum
1364 2441 1461 2506 alites
1477 2441 1584 2506 nascit
1599 2441 1742 2506 imitari?
1765 2445 1897 2504 transeo

243 2541 477 2628 multiplicibus
502 2543 662 2629 exemplis
692 2543 843 2630 lnporum
866 2543 1079 2630 rapacitates:
1111 2544 1219 2609 ieiuno
1251 2564 1343 2609 escas
1375 2545 1568 2631 parentibus
1598 2566 1653 2609 cre
1684 2544 1837 2609 deferunt
1865 2549 1899 2608 et

242 2646 371 2732 inpaata
386 2645 565 2711 visceribus
589 2647 660 2712 fera
682 2646 724 2711 ad
741 2654 908 2713 creatores
933 2669 1010 2712 suos
1027 2649 1129 2713 currit
1153 2668 1210 2714 ora
1233 2649 1403 2735 locupleti.
1439 2670 1497 2714 sos
1515 2648 1709 2736 perpendite
1727 2645 1931 2713 conamen-8

242 2750 321 2813 tiam
346 2750 404 2830 rei,
427 2750 515 2834 quali
538 2770 644 2836 poena
667 2749 766 2836 digna
797 2752 838 2814 ait
868 2772 952 2837 quac
983 2752 1139 2817 inusitata
1161 2752 1326 2833 conmisit,
1358 2754 1434 2838 qnia
1466 2760 1691 2839 propagantur
1714 2752 1895 2838 inpunitate

243 2855 323 2919 vitia
346 2861 389 2935 at,
414 2855 476 2920 nisi
498 2855 697 2921 indicantum
722 2878 859 2922 censura
882 2865 1099 2933 succurreret,
1122 2856 1279 2944 peccandi
1303 2857 1351 2922 sis
1375 2878 1435 2943 per
1457 2856 1616 2943 generale
1641 2877 1759 2942 eorpus
1782 2856 1898 2921 exiret.

913 3149 1026 3218 GGXIr
1050 3151 1166 3236 (ceusu.
1184 3151 1229 3236 t).

763 3330 824 3403 DE
850 3331 965 3404 VITA
992 3330 1136 3404 ΒΕΑΤΙ
1163 3328 1355 3419 ΑΝΤΟΝΙ.

938 3493 1205 3562 PRAEFATIO.

367 3613 416 3709 Vt
438 3646 638 3731 proeliantes
660 3645 842 3731 adsurgunt
866 3644 1003 3724 bucinis,
1026 3650 1062 3708 ut
1086 3664 1241 3729 equorum
1262 3642 1414 3707 celeritas
1437 3639 1478 3704 ad
1502 3640 1663 3725 potiorem
1680 3657 1809 3701 cursum
1833 3634 1927 3702 ter-1

247 3754 319 3812 reta
342 3750 432 3814 calce
461 3755 671 3835 provocatur,
702 3749 747 3814 ita
778 3749 853 3814 dum
883 3747 1043 3812 maiorum
1073 3748 1174 3812 virtus
1201 3746 1356 3810 sollicitat
1386 3743 1519 3829 ingenia
1550 3741 1696 3820 novella,
1728 3740 1898 3804 confortat.

246 3852 302 3937 qni
324 3873 406 3917 cana
428 3854 588 3919 exercitia
611 3860 644 3918 et
669 3859 816 3919 veterum
832 3859 928 3938 gesta
943 3852 1072 3938 ralegit,
1095 3851 1137 3916 ad
1154 3849 1400 3935 disciplinarum
1424 3848 1550 3932 surgam
1567 3845 1746 3931 propositis
1769 3843 1902 3909 laudum

246 3955 403 4040 praemiis
434 3956 619 4023 inardescit.
667 3957 775 4042 imago
809 3955 1039 4042 praecedentis
1071 3954 1198 4039 gloriae
1230 3960 1267 4016 ut
1300 3950 1343 4017 ad
1375 3957 1526 4038 posteros
1560 3948 1684 4027 veniat,
1717 3947 1901 4032 linguarum

247 4066 365 4125 catana
387 4060 556 4127 retinetur.
592 4081 659 4126 non
690 4061 768 4126 licet
798 4081 857 4146 per
880 4063 1009 4124 aetates
1033 4058 1158 4144 perire,
1190 4055 1218 4120 ei
1249 4053 1324 4141 quid
1356 4054 1454 4119 lectio
1485 4051 1613 4117 sarenis
1641 4051 1768 4116 actibus
1796 4051 1902 4116 amica

246 4162 436 4249 susceperit.
476 4164 586 4249 itaque
610 4163 819 4251 eloquentiae
843 4162 1039 4228 diuturnitas
1063 4161 1209 4224 mortalis
1232 4166 1369 4224 naturae
1394 4159 1465 4223 sina
1490 4156 1733 4240 congressionis
1756 4149 1933 4242 parieulo2

245 4265 344 4328 vincit
365 4267 566 4350 angustiam,
589 4287 649 4352 per
673 4288 770 4352 quam
793 4267 990 4352 optimorum
1013 4263 1218 4328 conversatio
1242 4263 1322 4348 ipsis
1347 4259 1584 4326 decedentibus
1607 4258 1713 4322 nescit
1736 4278 1899 4324 occasum.

244 4368 426 4432 restituitur
449 4369 580 4454 quidem
602 4391 721 4456 corpus
744 4370 860 4454 origini
883 4376 917 4434 et
939 4368 1123 4434 destinatus
1147 4388 1167 4430 a
1191 4367 1318 4452 superis
1342 4366 1474 4452 spiritus
1498 4363 1539 4428 ad
1567 4362 1735 4449 proprium
1762 4361 1901 4428 recurrit

250 4509 336 4516 *v--w-
348 4511 574 4519 -------—---...-
586 4513 661 4518 ...q-—

349 4593 367 4645 2
384 4596 491 4648 tennino
507 4595 543 4660 (te
554 4597 633 4657 corr.)
648 4597 673 4646 B
776 4593 794 4646 4
812 4599 881 4648 saaca
895 4592 973 4658 BT',
991 4597 1047 4647 tace
1063 4592 1159 4658 Vaut,
1182 4594 1246 4644 falce
1263 4591 1308 4644 ΟΡ
1376 4590 1512 4662 trementia
1528 4590 1625 4651 malim,
1643 4590 1811 4641 tremebunda
1824 4588 1902 4640 Mons

245 4677 263 4730 b
280 4679 462 4732 diuturnitates
479 4680 524 4731 Vn
530 4679 566 4730 T!
635 4698 710 4748 rogas
722 4681 748 4731 B
850 4681 868 4732 6
884 4681 982 4734 subolis
994 4679 1027 4744 Β,
1044 4680 1145 4732 soboles
1162 4679 1186 4729 V
1286 4675 1302 4726 ‘l
1320 4677 1450 4728 arridebat
1465 4674 1490 4723 V
1555 4677 1659 4727 l'nducia
1671 4674 1696 4724 Β
1759 4675 1855 4726 scimus
1868 4701 1901 4709 -

245 4768 386 4818 exsistebat
403 4786 451 4818 ont.
467 4771 489 4820 U
589 4767 606 4817 8
624 4769 725 4836 potauit
739 4767 763 4817 Β
832 4768 958 4820 emtebat
973 4767 997 4815 V
1096 4763 1113 4815 9
1132 4773 1223 4832 potans
1235 4765 1260 4814 B
1366 4759 1398 4812 10
1415 4763 1532 4830 prosapie
1545 4761 1624 4812 istm.
1695 4760 1865 4811 ueridioribns
1878 4757 1903 4808 B

247 4850 355 4919 peribat]
375 4855 487 4906 merebat
499 4855 539 4904 Bb
558 4863 580 4905 at
592 4853 688 4904 Hortel
810 4852 840 4903 ll
860 4854 948 4905 uellim
966 4853 1049 4904 facilis
1067 4851 1252 4919 parnenarnndi
1270 4851 1409 4917 cognitoris
1421 4849 1446 4899 B
1566 4845 1598 4897 12
1616 4847 1660 4898 sed
1678 4843 1744 4912 reor]
1763 4845 1857 4896 sedicio
1869 4843 1903 4908 B,

246 4940 290 4991 aad
308 4941 361 4990 scio
379 4941 443 4992 omri.
460 4940 553 4991 Hortcl
605 4949 723 5007 potamus
736 4939 761 4989 B
856 4937 887 4990 13
906 4939 952 4990 bos
966 4937 1041 5004 usual
1054 4939 1155 4990 occisus
1167 4936 1192 4986 Β
1248 4935 1395 4988 iustitutiB
1490 4930 1687 4984 reuocatae
1742 4931 1851 4982 int'ondit
1863 4929 1903 4980 B¹

247 5027 574 5092 perihermeniaca
680 5024 712 5076 15
729 5027 863 5078 adcidendi
875 5025 908 5088 B,
925 5025 1051 5078 accidenti
1067 5025 1091 5073 V
1200 5021 1231 5074 16
1249 5023 1359 5090 legimur
1370 5019 1396 5070 Β
1465 5017 1544 5086 pasci]
1564 5020 1635 5086 parci
1647 5016 1673 5067 Β
1777 5013 1809 5067 ll
1827 5017 1903 5068 bene·

246 5111 331 5163 ficium
346 5111 423 5163 eim.
506 5122 570 5180 quot
585 5113 685 5179 scripti,
706 5113 774 5178 quod
791 5112 897 5176 codices,
918 5129 984 5178 quse
997 5112 1093 5163 Hortcl
1176 5110 1299 5176 inplumia
1311 5108 1337 5158 B
1413 5103 1530 5172 ovorum]
1550 5106 1659 5157 duorum
1671 5105 1696 5154 B
1776 5103 1867 5154 torricia
1880 5101 1904 5153 Β

248 5197 280 5248 18
297 5201 435 5265 equitatate
447 5199 473 5250 B
558 5217 614 5252 assa
631 5200 750 5251 uolucres
762 5199 787 5249 B
871 5207 974 5266 accepts
991 5198 1015 5246 V
1135 5195 1166 5248 19
1183 5198 1257 5248 aliter
1269 5194 1294 5245 Β
1414 5191 1449 5244 20
1468 5192 1584 5259 luporem
1597 5191 1621 5241 Β
1625 5199 1641 5228 ⁰
1721 5189 1868 5256 rapacitatis
1879 5188 1904 5238 Β

246 5301 318 5337 sacar
329 5282 371 5334 B¹
491 5284 521 5337 21
544 5283 606 5350 lars]
626 5288 682 5337 tora
694 5284 738 5334 Β(Ι
755 5293 783 5335 nt
800 5285 900 5336 addente·
985 5292 1071 5336 curret
1086 5284 1112 5333 Β
1191 5281 1311 5348 loceplati
1324 5278 1363 5329 Β1
1485 5277 1520 5329 22
1538 5279 1608 5346 digni
1625 5273 1666 5326 Β1
1787 5271 1822 5326 23
1839 5275 1904 5326 iudi·

247 5376 360 5427 cantium
379 5375 404 5426 Τ
417 5385 440 5427 et
453 5375 530 5426 Siren.
605 5375 647 5426 nia
665 5373 706 5424 nis
724 5371 782 5436 (alt
795 5371 857 5436 dcl.)
871 5371 897 5422 Β

349 5475 460 5546 [CCXL]
496 5477 530 5528 24
549 5478 635 5546 magni
654 5477 735 5528 felicis
752 5476 846 5528 ennodi
864 5475 896 5527 de
918 5477 975 5526 uita
997 5475 1063 5526 besti
1085 5473 1182 5524 antonii
1198 5471 1277 5533 VLT,
1298 5469 1385 5521 onaB
1507 5466 1542 5519 25
1560 5467 1649 5540 incipit
1667 5465 1790 5532 praefatio
1803 5464 1829 5515 Β
1835 5463 1910 5515 VLT

246 5563 281 5616 26
299 5567 379 5617 lerata
393 5565 419 5616 Β
518 5563 553 5616 28
570 5564 667 5630 releget
679 5562 705 5612 B
798 5559 833 5612 29
850 5562 993 5614 inardescet
1005 5560 1031 5611 Β
1092 5559 1259 5626 praecidentis
1272 5557 1297 5607 B
1391 5553 1426 5605 30
1443 5555 1533 5606 mutis
1546 5553 1572 5604 Β
1674 5550 1708 5602 31
1727 5552 1868 5618 susciperet
1880 5549 1906 5600 Β

246 5652 439 5719 congressiones
452 5651 477 5702 Β
607 5647 641 5700 32
659 5650 841 5702 decedentibus
857 5649 949 5715 scripsi
969 5646 1014 5711 (cs.
1030 5665 1058 5713 p.
1072 5651 1125 5708 177,
1143 5647 1181 5710 4),
1202 5643 1379 5696 decidentibus
1397 5643 1457 5694 titre·
1589 5639 1624 5692 33
1647 5639 1790 5692 restituitur
1802 5637 1907 5700 Hartcl,

246 5739 395 5792 restituetur
412 5739 471 5788 libri
541 5737 639 5803 origeni
651 5735 677 5786 Β
746 5745 860 5789 recurrat
872 5734 898 5785 Β

351 5831 488 5890 &socrus
1664 5816 1698 5869 24
