4538 6436
778 368 951 424 LIBELLVS
972 371 1043 426 Pho
1063 372 1218 426 SYNODO.
1786 377 1827 438 65

173 545 210 600 ut
232 537 310 601 fiant
332 537 464 623 indigna
488 547 683 614 memoratu:
707 543 801 626 plura
824 543 940 609 levitas
963 545 1169 626 dehonestat,
1193 546 1268 610 dum
1293 546 1460 610 subductis
1484 548 1706 613 eviscerantur
1728 548 1827 615 verba

77 653 155 702 nm
175 648 284 705 vestra
306 642 503 727 ponderibus
526 653 560 708 et
582 645 623 710 dc
648 645 815 730 religionis
839 651 946 714 causis
969 651 1110 714 elocutio
1133 658 1270 714 ventosa
1302 652 1502 736 conponitur,
1533 653 1620 715 aruis
1651 673 1827 736 congruam

174 745 288 808 sortita
315 746 527 830 gravitatem,
557 771 640 835 quae
667 751 698 815 in
728 751 897 836 palearum
927 753 1128 818 abundantia
1152 755 1232 818 nihil
1257 760 1307 818 cst
1330 754 1455 818 horreis
1478 755 1620 820 inlatura
1641 755 1682 819 de
1706 754 1823 836 tritico,

173 845 249 912 dum
278 849 486 914 infecundam
517 852 666 938 frugibus
695 855 875 920 culmomm
906 858 1046 942 parturit
1073 859 1256 923 ubertatem
1286 865 1320 923 et
1349 880 1442 944 spem
1470 856 1511 922 de
1541 857 1665 923 herbae
1695 858 1825 922 luxuria
1906 855 1912 865 '

105 977 116 1012 a
173 952 329 1016 mentitur
351 954 510 1038 agricolis.
556 954 596 1020 de
620 957 737 1041 quibus
761 958 841 1023 nihil
865 960 947 1024 lucri
969 961 1153 1026 ventilabra
1180 963 1348 1047 reperiunt
1377 962 1445 1046 igni
1474 962 1582 1027 debita
1609 961 1825 1046 incendioque

93 2015 118 2052 lh

172 1056 331 1140 peritura,
361 1057 402 1122 de
425 1058 475 1122 his
498 1060 741 1146 scriptumest:
779 1062 992 1129 ‘dormierunt
1020 1066 1078 1128 viri
1111 1066 1270 1129 somnium
1301 1087 1410 1145 suurn,
1441 1071 1474 1130 et
1498 1065 1579 1129 nihil
1608 1062 1978 1130 invenerunt’amnaa

120 1234 128 1252 ι
172 1157 253 1222 nihil
281 1167 345 1238 est,
379 1163 551 1240 carissimi,
583 1185 664 1249 pace
693 1164 836 1243 dulcius,
870 1169 896 1232 si
926 1175 1035 1232 tamen
1064 1190 1214 1255 saporem
1242 1169 1312 1232 eius
1342 1190 1406 1232 uon
1434 1170 1569 1254 plenum
1603 1166 1896 1232 amaritudinelte

172 1268 288 1346 pectus
319 1264 482 1330 excludat.
532 1267 715 1332 breviorem
747 1269 878 1355 quidem
909 1270 1164 1336 admonitionem
1201 1271 1397 1353 debueram,
1436 1295 1534 1359 quam
1563 1273 1724 1358 prolixam
1757 1292 1821 1335 non

172 1385 273 1449 parva
296 1368 396 1430 vestri
427 1369 643 1434 consideratio
668 1378 701 1435 et
730 1371 784 1436 diu
813 1374 844 1437 in
873 1374 965 1439 vobis
996 1375 1108 1461 iurgiis
1142 1377 1324 1440 exercitata
1354 1376 1444 1440 frons
1473 1376 1619 1463 protulit.
1664 1396 1743 1439 usus
1774 1380 1825 1439 cst

173 1468 275 1533 multe
296 1472 504 1554 peccantium
528 1475 642 1538 stricta
663 1474 872 1541 adlocutione
897 1500 960 1543 non
977 1480 1106 1565 corrigi,
1131 1486 1164 1544 et
1181 1480 1374 1544 effusionem
1390 1480 1518 1566 plurimi
1534 1501 1630 1564 quam
1646 1479 1679 1542 in
1695 1477 1825 1543 delictis

173 1571 366 1654 habueruut,
390 1575 423 1638 in
440 1577 610 1642 monitoris
627 1581 832 1646 sermonibus
848 1581 933 1646 hane
957 1585 1136 1668 requirunt.
1177 1605 1229 1648 me
1254 1585 1334 1648 satis
1357 1590 1408 1648 est
1432 1590 1464 1648 ct
1487 1582 1677 1668 diligentiae
1693 1588 1824 1646 vestrae
1842 1580 1901 1641 ¹20

173 1683 208 1740 et
234 1677 331 1741 iussis
361 1680 559 1747 caelestibus
590 1683 791 1750 obsecutum.
838 1686 871 1749 in
894 1687 962 1768 his,
994 1709 1077 1773 quae
1102 1695 1255 1752 secutura
1279 1693 1368 1766 sunt,
1401 1688 1507 1752 locum
1532 1686 1736 1752 sermonibus
1760 1706 1824 1748 uon

174 1779 370 1866 relinquam,
393 1784 469 1869 quia
495 1785 576 1851 haec
607 1787 730 1868 refero,
760 1790 872 1854 mundi
902 1798 1001 1877 caput
1023 1792 1163 1855 Romam
1192 1814 1250 1878 per
1273 1798 1400 1858 uestras
1428 1793 1626 1856 intentiones
1651 1811 1724 1854 esee
1749 1809 1824 1874 pro-

175 1889 309 1948 stratam
333 1891 366 1951 et
388 1889 547 1954 nutricem
570 1892 729 1976 pontificii
754 1894 943 1959 cathedram
967 1896 1059 1980 quasi
1083 1896 1231 1960 ultimum
1255 1894 1368 1961 videre
1392 1895 1495 1960 sedile
1518 1890 1730 1982 despectam’.

283 1986 384 2054 Cuius
408 2012 521 2057 vocem
545 1993 662 2059 beatus
684 1997 807 2061 Paulus
832 1999 964 2085 excepit
988 2008 1021 2064 et
1044 2000 1101 2063 illa
1124 2022 1187 2086 qna
1209 2022 1339 2086 semper
1361 2021 1441 2064 usus
1465 2006 1516 2064 est
1539 1999 1660 2085 eloquii
1682 1995 1824 2061 intenuit
1839 1998 1894 2059 121

172 2088 335 2172 libertate,
359 2096 580 2180 apostolerum
604 2100 786 2186 principem
810 2102 955 2167 leuitatis
979 2105 1159 2184 incessens,
1183 2104 1270 2188 qnod
1294 2104 1392 2168 fluxis
1410 2110 1443 2168 et
1458 2103 1640 2191 profligatis
1664 2099 1827 2165 mentibus

173 2195 318 2278 parentis
347 2197 452 2263 adhuc
482 2211 629 2268 servaret
660 2206 815 2269 affectum
844 2227 904 2271 nec
928 2208 961 2270 in
985 2207 1182 2292 profundum
1206 2206 1314 2272 ductis
1337 2207 1507 2272 ulceribus
1531 2206 1617 2271 ferro
1641 2204 1826 2269 medicante

174 2309 388 2382 succurreret,
412 2304 630 2373 rescindenda
646 2307 769 2374 doeens
787 2311 949 2374 lamminis
967 2309 1095 2375 secreta
1116 2311 1303 2375 morborum
1328 2319 1361 2376 et
1383 2310 1579 2374 manifestae
1603 2307 1827 2394 desperationi

78 2433 101 2475 p.
117 2426 157 2466 :aa
175 2401 376 2468 salutiferum
393 2428 468 2473 esse
485 2409 602 2475 vulnus
625 2412 857 2493 adhibendum,
880 2436 921 2479 ne
946 2414 1022 2478 dum
1047 2436 1161 2479 manus
1185 2414 1304 2480 medici
1328 2437 1388 2501 per
1409 2415 1614 2501 impietatem
1638 2434 1657 2477 a
1680 2413 1827 2476 sectione

93 2532 122 2571 eo
176 2508 281 2572 carnis
311 2518 482 2597 corruptae
511 2514 732 2601 suspenditur,
764 2517 804 2583 de
833 2519 1033 2584 abstinentia
1063 2519 1120 2583 teli
1143 2520 1300 2584 invitetur
1332 2519 1482 2598 exitium,
1514 2517 1591 2603 quia
1617 2515 1693 2580 dum
1724 2515 1829 2601 parcit

173 2611 280 2694 aegris
303 2611 450 2696 dextera,
475 2619 637 2684 curandos
662 2621 823 2700 interficit,
848 2644 910 2688 nce
933 2622 1068 2708 grandis
1093 2630 1145 2687 est
1167 2623 1364 2702 differentia,
1388 2628 1496 2686 utrum
1521 2622 1623 2686 letum
1647 2620 1770 2684 inferas
1786 2639 1838 2683 an.

173 2712 333 2781 admittas.
371 2725 508 2785 mortem
524 2722 757 2808 languentibus
775 2726 829 2811 qui
846 2747 920 2791 eum
936 2727 1041 2812 possit
1065 2748 1131 2791 non
1155 2726 1302 2792 excludit
1324 2725 1452 2790 inflixit.
1491 2725 1543 2790 his
1567 2745 1646 2810 ergo
1670 2723 1828 2789 aduersus

173 2835 230 2882 eos
254 2818 319 2882 oris
342 2820 473 2886 ianuam
495 2825 652 2911 patefecit
675 2829 844 2915 alloquiis:

279 2920 403 2990 ‘Omnis
419 2929 474 3012 qui
491 2927 627 3012 iudicas,
650 2932 683 2996 in
705 2952 769 3018 quo
793 2933 892 2998 alium
917 2932 1053 3006 iudices,
1077 2943 1110 2999 te
1134 2935 1240 3021 ipsum
1264 2932 1476 2998 condemnas:
1502 2931 1618 2998 eadem
1642 2931 1730 2998 enirn
1753 2929 1902 3015 agis122

94 3049 112 3088 e.
174 3024 228 3108 qui
251 3024 385 3094 iudicas.
428 3031 546 3098 ecimus
570 3041 680 3099 autern
703 3038 779 3121 quia
802 3036 956 3102 iudicium
979 3039 1032 3103 dei
1056 3045 1107 3104 est
1130 3039 1310 3104 secundum
1332 3037 1506 3103 veritatem
1530 3037 1563 3100 in
1587 3037 1644 3115 eis,
1669 3036 1723 3121 qni
1747 3034 1980 3100 taliamenti.

173 3136 282 3212 agunt,
307 3132 495 3199 etiterum:
519 3137 636 3202 beatus
660 3141 715 3225 qui
739 3162 803 3205 non
827 3141 961 3223 iudicat,
985 3143 1017 3206 in
1042 3165 1105 3230 quo
1122 3145 1240 3230 probat
1257 3164 1292 3208 se
1310 3142 1427 3228 ipsum.
1466 3161 1560 3226 quae,
1583 3140 1716 3220 malurn,
1740 3137 1823 3203 ratio
1839 3151 1868 3194 ib.
1885 3155 1917 3204 ιι,
1933 3155 1966 3195 n.

174 3237 239 3310 est,
269 3239 305 3297 ut
332 3235 501 3320 praedicet
529 3261 593 3305 nou
625 3242 798 3309 furandum
827 3248 882 3333 qni
914 3247 1039 3312 furatur
1067 3255 1102 3313 et
1131 3246 1302 3334 prodigam
1327 3244 1545 3312 verecundiae
1574 3243 1716 3309 frontem
1739 3242 1826 3307 nube

173 3336 293 3401 vestiat
315 3339 559 3426 inpugnationis
582 3347 732 3414 alienae?
767 3371 864 3415 nemo
881 3359 970 3415 recte
987 3351 1156 3416 monitoris
1171 3371 1346 3438 personam
1365 3349 1512 3436 suscipit,
1535 3348 1598 3413 nisi
1622 3348 1676 3434 qui
1699 3345 1903 3411 actibus123

175 3440 242 3504 suis
266 3450 372 3509 errata
394 3445 590 3513 condemnat
613 3457 647 3514 et
669 3473 813 3518 amorem
836 3455 1045 3519 innocentiae
1069 3454 1318 3520 conversatione
1342 3452 1554 3518 demonstrat.
1601 3472 1676 3516 narn
1699 3450 1830 3515 adiacet

174 3545 272 3610 etiam
308 3547 489 3633 publicanis
527 3553 631 3617 amica
666 3555 812 3620 moribus
840 3558 919 3622 vitia
954 3557 1109 3622 damnare
1147 3579 1298 3624 sermone
1328 3563 1362 3622 et
1394 3555 1661 3623 sceleratioribus
1695 3554 1829 3639 linguae

175 3647 291 3715 officiis
315 3653 430 3737 punire
454 3654 540 3740 qnod
563 3655 719 3743 diligunt,
742 3660 837 3746 quasi
860 3682 925 3726 non
949 3661 1113 3747 quoddam
1137 3682 1241 3748 genus
1266 3662 1309 3726 sit
1331 3661 1489 3725 maiorum
1514 3678 1727 3739 excessuum,
1750 3657 1829 3722 dare

174 3753 221 3816 rei
249 3755 402 3821 allectum
431 3759 544 3840 labiis,
576 3783 673 3848 qnam
705 3771 815 3829 mente
843 3763 1022 3851 despicias,
1056 3772 1090 3831 et
1117 3765 1241 3852 ingenii
1265 3765 1354 3829 virus
1385 3763 1549 3849 conloquii
1577 3761 1675 3826 melle
1698 3759 1831 3832 vestire.

174 3856 254 3921 haec
277 3859 324 3924 sic
348 3880 426 3945 ago,
451 3864 562 3947 quasi,
586 3865 612 3929 si
634 3865 728 3931 vobis
752 3875 840 3934 esset
863 3868 967 3956 pudor
989 3869 1148 3955 pudicitia
1171 3875 1327 3934 venustas
1350 3869 1497 3948 affectui,
1529 3866 1645 3932 liceret
1668 3885 1826 3930 accusare
1842 3859 1903 3923 124

174 3959 340 4029 doctorem
356 3971 390 4030 et
405 3965 563 4032 adversus
586 3968 729 4035 electum
753 3972 818 4036 oris
842 3972 932 4037 lividi
954 3995 1082 4038 morsus
1107 3981 1232 4061 aptare,
1257 3994 1330 4037 eum
1354 3977 1431 4036 ante
1454 3971 1555 4035 futuri
1578 3967 1746 4056 praescius
1769 3989 1828 4054 per

95 4081 122 4120 ³⁵
176 4065 351 4150 epistulam
374 4067 416 4132 ad
438 4090 496 4135 vos
520 4070 630 4137 datam
653 4075 755 4159 plena
773 4095 854 4141 uoce
878 4077 1093 4142 monuissem:
1122 4079 1206 4163 ‘quis
1231 4077 1400 4142 accusabit
1424 4074 1582 4140 adversus
1606 4073 1728 4138 electos
1751 4071 1900 4137 deitssom·
1915 4082 1935 4130 ⁸,
1950 4081 1983 4122 ³³·

176 4168 257 4234 deus
280 4171 334 4256 qni
356 4172 519 4255 iustificat,
543 4177 615 4262 quie
640 4183 692 4242 est
715 4180 770 4264 qui
793 4178 1021 4246 condemnet’?
1057 4187 1090 4246 et
1113 4182 1246 4246 iterum:
1276 4183 1306 4245 ‘o
1330 4181 1437 4262 homo,
1461 4179 1517 4265 qui
1541 4176 1666 4241 iudicas
1690 4196 1748 4240 eos
1771 4174 1827 4260 qui
1840 4181 1871 4224 a.
1884 4186 1905 4235 ¹,
1919 4186 1940 4226 ³·
1954 4184 1974 4223 t·

82 4295 106 4338 e
120 4287 159 4329 ³⁵⁴
175 4271 255 4337 talia
282 4280 384 4359 agunt
407 4283 440 4341 et
467 4278 550 4344 faeie
578 4279 650 4360 illa,
679 4288 775 4368 putas
803 4283 954 4368 quoniam
984 4284 1123 4370 effugies
1153 4284 1308 4350 iudicium
1331 4284 1409 4348 deit
1454 4303 1496 4347 an
1519 4280 1649 4345 divitias
1672 4277 1827 4344 bonitatis

177 4376 248 4442 eins
272 4385 305 4444 et
327 4381 508 4465 patientiae
531 4391 565 4450 et
587 4385 844 4470 longanimitatis
868 4387 1107 4473 contempnis't
1152 4388 1313 4454 accusatis
1335 4386 1493 4452 malitiam
1517 4383 1635 4470 repleti
1658 4383 1829 4468 iniquitate
1844 4383 1904 4445 125

176 4480 389 4550 fornicatione
412 4487 549 4552 aranda
569 4490 715 4574 nequitia
737 4490 861 4558 invidia
876 4492 1059 4558 homicidiis
1077 4492 1347 4558 condemnatione
1363 4490 1437 4555 dolo
1453 4489 1670 4574 malignitate,
1694 4486 1829 4573 superbi
1858 4481 1959 4582 {Pffqlb

97 4601 125 4639 ⁴⁰
178 4586 255 4651 elati
271 4587 458 4656 inventores
474 4592 641 4675 malorum,
659 4597 787 4680 parenti
803 4618 866 4661 non
882 4597 1108 4678 oboedientes,
1125 4598 1316 4683 insipientes
1333 4592 1541 4680 incompositi
1556 4592 1627 4657 sine
1643 4589 1828 4656 adfectione

176 4689 246 4756 sine
269 4691 500 4760 misericordia.
545 4696 669 4763 docetis
692 4698 928 4765 fornicantibus
955 4702 1121 4767 neminem
1151 4723 1226 4766 esse
1256 4697 1475 4779 miscendum,
1508 4694 1648 4761 adulteri
1670 4692 1830 4759 Laurenti

281 4986 293 5036 ¹
313 4989 387 5056 P¹¹¹¹⁸
404 4987 433 5055 (¹¹
445 5007 476 5043 ⁰²
487 4989 514 5055 11)
527 4991 553 5044 Β
672 4992 866 5063 2eonpeuetur
881 4997 907 5048 B
1028 4995 1045 5047 4
1063 5003 1177 5064 parturet
1194 4995 1219 5046 B
1339 4993 1357 5045 5
1374 4991 1496 5061 maulia
1512 4991 1539 5041 B
1619 4990 1768 5043 uentelabra
1785 4985 1829 5039 131

176 5073 323 5140 arnam
335 5073 391 5125 BV
463 5080 594 5146 speum
613 5078 656 5148 (a
669 5077 743 5150 sunt>
762 5083 819 5150 rga
831 5083 927 5135 aasz
1047 5081 1206 5135 amasam
1219 5081 1244 5132 a
1322 5097 1440 5133 ameum
1452 5077 1599 5130 naman
1722 5071 1756 5126 10
1773 5091 1829 5143 pa-

176 5167 279 5211 eantum
296 5159 356 5212 Tot
373 5160 450 5216 Sim.
538 5167 692 5220 allocutione
708 5168 733 5218 V
851 5167 884 5220 13
905 5171 989 5237 capud
1005 5168 1031 5219 B
1152 5166 1186 5219 14
1207 5168 1346 5234 dispectum
1362 5166 1388 5216 B
1511 5161 1544 5216 15
1567 5181 1636 5231 qua·
1655 5159 1733 5227 (eree
1751 5159 1787 5225 m)
1804 5159 1830 5211 B

179 5243 210 5297 15
227 5247 358 5315 proligatiss
374 5247 399 5298 Β
531 5250 564 5304 18
581 5255 753 5307 reecendenda
765 5255 790 5306 a
877 5257 985 5308 lanienis
1004 5255 1082 5306 Sir-m.
1168 5253 1333 5322 disperationi
1350 5252 1375 5303 B
1507 5247 1540 5300 19
1556 5249 1711 5316 impietatem
1730 5245 1777 5312 Vl,
1794 5250 1829 5300 im

176 5334 297 5398 capenae
313 5333 359 5398 V2,
377 5337 494 5403 pietatem
507 5339 587 5392 Sirm.
706 5340 740 5393 21
759 5343 887 5395 interfecit
898 5342 924 5393 B
1001 5342 1106 5409 grandis
1129 5340 1158 5404 (n
1175 5358 1232 5406 mp.
1251 5341 1307 5402 tin.)
1321 5339 1346 5389 B
1425 5337 1506 5390 letum
1523 5353 1579 5402 nep.
1595 5352 1645 5387 scr.
1663 5353 1678 5387 ο
1697 5334 1725 5399 V,
1748 5336 1829 5388 lotum

176 5437 232 5487 αφ.
244 5437 293 5473 scr.
311 5421 370 5487 eL,
387 5423 504 5476 lotumA
609 5427 643 5480 25
660 5431 705 5496 qui
723 5431 821 5482 iudicas
834 5429 867 5492 B,
884 5447 951 5496 quae
967 5429 1064 5480 iudicas
1076 5429 1151 5480 ceteri
1214 5428 1251 5479 eis
1263 5427 1296 5490 Β,
1314 5443 1357 5478 eos
1368 5425 1444 5478 ceteri
1507 5422 1572 5474 tulin
1584 5421 1631 5471 Β(ι
1735 5419 1769 5471 29
1787 5424 1830 5474 ad-

177 5509 236 5560 :aa
247 5508 281 5571 B,
297 5525 346 5560 om.
360 5509 394 5561 cu
496 5511 529 5564 31
548 5515 656 5584 diligam
668 5515 747 5567 am.
851 5513 886 5566 32
904 5517 1022 5583 caprae
1033 5515 1060 5565 B
1157 5511 1192 5565 aa
1210 5514 1283 5565 libini
1295 5513 1322 5564 Β
1384 5512 1472 5563 anas
1483 5509 1510 5560 Β
1609 5505 1644 5558 35
1661 5509 1794 5561 nauem
1805 5509 1831 5560 a

176 5591 211 5647 36
227 5596 374 5648 condemnit
386 5595 426 5648 131
563 5599 597 5653 37
616 5611 641 5656 et
658 5621 707 5655 ons.
720 5602 746 5653 B
885 5601 920 5654 38
937 5610 1068 5654 accusatas
1081 5601 1106 5652 B
1244 5599 1278 5651 39
1296 5599 1462 5652 fornicatione
1483 5595 1636 5647 inmunditia
1659 5595 1768 5647 euantis
1780 5594 1831 5646 An
1850 5667 1858 5681 ι

177 5677 508 5739 fermentationem.
527 5686 606 5739 Sim.
711 5686 743 5740 41
763 5690 874 5742 laurenti
886 5689 919 5752 B,
935 5688 1056 5740 laurentii
1074 5688 1149 5740 ceteri

282 5771 420 5831 arnonus.
1610 5770 1626 5822 9
