4596 6450
435 389 597 444 ooxxvm
615 389 738 458 (uersu
757 393 782 451 s,
802 391 853 458 ra),
872 389 1007 444 ccxxix
1027 390 1253 460 (osannae)
1272 421 1306 432 -
1323 393 1458 448 ccxxxr
1477 395 1597 462 (crau.
1615 397 1640 462 a,
1661 398 1730 464 rm).
1851 402 1906 463 181

846 645 1061 714 ocxxvm
1082 648 1192 736 (errsr.
1210 655 1241 732 5,
1260 650 1325 734 12).

748 824 984 900 ENNODIVS
1012 825 1200 902 FAVSTO
1227 828 1424 904 IVNIORI.

365 955 452 1051 Deo
476 986 599 1070 gratias
621 986 799 1070 praefatus,
823 988 878 1072 qui
901 988 1069 1052 oculorum
1092 1008 1238 1052 meorum
1261 1009 1343 1072 quas
1366 989 1608 1075 inexplicabilis
1630 991 1722 1056 dolor
1737 996 1939 1078 pepereratl

255 1088 360 1152 nubes
383 1089 547 1170 abstersit,
570 1090 639 1153 iure
664 1089 704 1153 ad
729 1090 834 1175 ipsum
858 1090 1018 1154 beneficia
1041 1111 1101 1154 sua
1124 1091 1280 1170 referens,
1303 1092 1357 1176 qui
1382 1093 1492 1157 lumen
1514 1093 1606 1158 dedit
1623 1101 1657 1159 et
1672 1094 1820 1160 reddidit.
1858 1096 1914 1159 vix

257 1194 343 1257 enim
375 1198 451 1278 post
481 1195 669 1258 innumeros
699 1193 771 1258 dies
804 1195 951 1257 sanitatis
981 1194 1099 1258 fiducia
1129 1195 1293 1260 animante
1323 1197 1459 1280 respiro.
1505 1201 1538 1260 et
1566 1197 1627 1260 hoc
1656 1197 1698 1261 ad
1729 1197 1913 1262 absentiam

190 1343 195 1355 .
256 1298 406 1361 culminis
434 1299 535 1361 vestri
563 1297 774 1383 prolixiorem
805 1295 954 1382 respicit,
985 1303 1022 1360 ut
1049 1318 1145 1381 quem
1175 1298 1290 1382 genius
1323 1318 1400 1361 suus
1423 1297 1464 1362 de
1488 1299 1654 1363 vicinitate
1678 1299 1838 1380 deseruit,
1868 1300 1915 1364 nil

255 1401 390 1466 videret.
446 1400 504 1465 sed
537 1407 654 1487 potens
685 1407 736 1466 est
766 1401 839 1478 ille,
873 1401 928 1486 qui
960 1401 1105 1485 corporis
1139 1400 1214 1463 tulit
1244 1400 1398 1476 nebulas,
1437 1423 1544 1466 rerum
1577 1402 1754 1467 serenitate
1787 1409 1914 1467 mutare

255 1505 433 1569 tristitiam.
479 1512 552 1591 post
580 1505 798 1569 elocutionem
826 1505 1032 1569 necessitatis
1056 1503 1096 1567 ad
1122 1504 1287 1588 negotium
1312 1504 1427 1585 redeo,
1457 1505 1542 1589 quod
1565 1513 1712 1570 coactum
1736 1507 1945 1591 inpetravit2

256 1609 453 1695 adloquium.
504 1610 671 1687 amabitis,
707 1616 743 1672 ut
772 1630 882 1694 spero,
918 1609 1078 1680 baiolum,
1116 1628 1212 1692 quem
1241 1607 1363 1671 adserit
1393 1629 1492 1672 causa
1521 1609 1684 1673 veniendi.
1730 1609 1914 1688 Partenius,

257 1713 378 1776 sororis
402 1733 495 1778 meae
519 1713 616 1790 lilius,
639 1733 699 1798 per
722 1713 868 1778 liberalis
893 1712 991 1776 studii
1009 1711 1198 1797 disciplinas
1216 1713 1378 1795 ingenuus
1395 1713 1464 1776 vult
1481 1712 1594 1778 videri.
1632 1720 1733 1799 optat,
1758 1713 1790 1776 ni
1807 1712 1913 1793 fallor,

198 1835 199 1838 ’
257 1817 378 1902 peculii
395 1818 495 1881 vestri
519 1817 641 1881 habere
666 1817 899 1880 testimonium.
937 1815 1127 1900 magnitudo
1144 1817 1243 1901 igitur
1259 1824 1370 1898 vestro
1385 1815 1635 1900 praeteritorum
1653 1822 1764 1894 tenax,
1788 1821 1943 1882 memor3

257 1921 489 2007 praesentium,
513 1920 656 2007 prudens
680 1921 791 1998 futuri,
814 1920 1012 2006 perlatorem
1036 1939 1190 2003 promea
1214 1918 1497 1984 commendatione
1522 1920 1689 2005 suscipiet,
1713 1927 1747 1984 et
1771 1921 1827 2005 qui
1851 1921 1913 1984 erit
1929 1916 2045 2026 εἰδῇ-Β,

256 2045 314 2109 per
336 2025 495 2090 visionem
520 2031 661 2088 vestram
692 2024 854 2087 scribente
882 2022 1019 2098 felicior,
1049 2023 1321 2106 peregrinationis
1350 2043 1416 2087 non
1445 2023 1588 2107 patiatur
1614 2022 1752 2088 adverse
1781 2024 1911 2088 sentire.

257 2128 386 2192 domine
411 2129 469 2208 mi,
493 2127 637 2192 debitum
663 2127 830 2190 servitium
854 2126 996 2190 reddens
1018 2145 1144 2209 precor,
1168 2131 1203 2188 ut
1225 2127 1278 2189 vel
1301 2147 1361 2212 per
1384 2126 1467 2190 hanc
1491 2127 1712 2206 occasionem,
1737 2148 1801 2213 qua
1823 2127 1911 2190 illinc

257 2231 430 2296 Partenius
454 2237 622 2316 susceptas
646 2231 764 2316 poterit
787 2230 924 2315 paginas
949 2227 1124 2302 destinare,
1148 2228 1326 2293 desiderati
1350 2230 1584 2316 multiplicetur
1606 2229 1710 2294 forma
1734 2230 1910 2315 conloquii.

868 2520 1045 2588 coxxlx
1068 2523 1174 2608 (crau.
1192 2525 1221 2604 2,
1238 2521 1305 2604 98).

645 2700 707 2772 DE
734 2699 896 2774 ANVLO
924 2700 1158 2774 FIRMINAE
1184 2700 1275 2774 INL.
1302 2699 1523 2774 FEMINAE.

624 2849 680 2914 Nil
702 2849 786 2914 fallit
810 2851 979 2916 simulans:
1004 2850 1090 2936 quod
1112 2850 1206 2914 finxit
1230 2849 1377 2930 dextera,
1401 2871 1515 2914 verum
1538 2857 1597 2914 est.

626 2955 797 3019 Inmobilis
821 2962 963 3021 stantem
987 2955 1106 3040 fugitat
1128 2955 1223 3040 lepus
1248 2961 1317 3019 arte
1341 2955 1530 3034 molossum,

624 3058 773 3124 Incertus
797 3060 919 3124 rabidis
943 3060 1027 3124 ridet
1049 3059 1140 3122 furor
1163 3078 1281 3122 aureus
1306 3059 1399 3132 ursis,

623 3162 809 3228 Gestandus
832 3164 983 3228 manibus
1008 3163 1113 3226 saevit
1137 3162 1188 3225 leo
1213 3161 1363 3227 blandior
1386 3163 1444 3227 ira.

552 3282 564 3319 ⁵
623 3267 800 3352 Cognoscit
822 3269 986 3333 dominam
1011 3269 1128 3352 genius
1150 3267 1331 3331 famulante
1355 3267 1499 3332 metallo.

624 3373 756 3457 Mitigst
778 3373 834 3437 illa
857 3372 954 3454 feras,
977 3372 1054 3435 dum
1078 3371 1210 3457 plebem
1233 3372 1338 3456 pascit
1362 3378 1527 3456 egentum.

880 3661 1035 3732 OGXXX
1059 3663 1166 3750 (axau.
1183 3665 1212 3742 2,
1229 3663 1294 3748 99).

625 3804 754 3890 Aspicis
778 3803 934 3867 Albinum
958 3804 1072 3866 titulos
1095 3809 1168 3888 post
1192 3801 1288 3866 busta
1310 3799 1451 3876 dedisse,

671 3905 802 3970 Funera
826 3907 881 3992 qui
903 3907 1030 3970 meritis
1053 3905 1220 3968 vivacibus
1244 3904 1381 3986 iugulat.

626 4010 753 4086 Inclite,
778 4010 841 4088 eui,
864 4011 1028 4096 princeps,
1051 4009 1128 4073 dum
1151 4007 1262 4072 subdis
1286 4008 1357 4070 iura
1379 4006 1537 4090 magistri,

673 4112 760 4176 Vere
784 4114 972 4199 sepulturae
997 4111 1133 4195 contigit
1155 4111 1211 4174 ille
1234 4110 1336 4173 locus.

858 4385 1035 4454 ccxxxl
1059 4389 1164 4468 (exau.
1181 4390 1212 4466 2,
1230 4385 1316 4465 100).

980 4565 1201 4638 ALIVNDE.

628 4716 777 4782 Creticus
800 4717 852 4781 hic
876 4716 992 4780 sollers
1015 4712 1146 4800 quidam
1169 4711 1331 4776 vocitatur
1353 4711 1527 4791 homullus,

627 4821 768 4886 Naribus
792 4826 936 4906 argutus,
960 4839 1077 4904 gressu
1102 4818 1200 4894 celer,
1224 4838 1280 4882 ore
1303 4814 1477 4894 timendus,

262 4941 430 4948 --..—-—.—
441 4941 474 4947 ..-
485 4941 571 4947 ——-.

364 5049 542 5118 [ccxxvm]
575 5029 982 5112 irritamentorum
1075 5041 1255 5094 cassinuus
1271 5040 1334 5092 vm
1430 5039 1600 5108 rquomum
1613 5039 1639 5090 a
1733 5039 1917 5107 smroqnum

259 5141 285 5202 (d
304 5140 355 5191 del.
373 5147 395 5189 at
413 5140 421 5189 l
440 5136 562 5205 mperrc.)
576 5136 608 5199 B,
626 5136 767 5200 alloquium
784 5132 808 5182 V
862 5132 987 5184 amauetis
1000 5129 1025 5179 B
1080 5129 1193 5180 baiolum
1206 5127 1239 5192 B,
1256 5128 1371 5178 baiulum
1390 5128 1464 5177 ceteri
1557 5127 1691 5178 illiberali
1704 5125 1729 5176 B
1784 5126 1917 5210 opmmB,

260 5234 351 5293 optans
357 5227 423 5292 sort.
512 5221 545 5274 10
562 5223 692 5275 haberetis
710 5220 885 5272 testimonium
899 5217 924 5267 B
1013 5213 1045 5266 13
1064 5213 1108 5280 mi]
1122 5215 1184 5264 milri
1198 5213 1274 5264 BVL
1361 5211 1606 5265 loconessam
1658 5213 1794 5278 conloquii.
1813 5211 1918 5279 expliB

365 5325 518 5396 [CCXXIX]
553 5327 597 5378 inl.
617 5328 635 5376 f.
652 5324 705 5388 Vt,
722 5323 811 5376 om.B
914 5341 939 5372 v.
961 5321 971 5372 l
993 5319 1102 5372 falletB
1206 5335 1229 5368 v.
1247 5315 1264 5367 2
1282 5318 1365 5384 laipus
1381 5312 1459 5367 V¹L¹
1528 5318 1654 5368 molosum
1670 5315 1740 5368 VLC

365 5429 502 5498 [CCXXX]
529 5427 861 5486 deAlbinoimcr.Sirm.,‘
879 5427 932 5477 sinc
950 5425 1005 5476 ulto
1023 5423 1169 5474 damnum
1188 5419 1316 5486 superiori
1333 5419 1443 5470 conviari
1460 5419 1624 5486 mbiuoqttB
1722 5419 1770 5470 v.l
1789 5419 1919 5472 titulnsB

260 5539 284 5572 v.
302 5519 319 5572 4
338 5518 408 5586 uere]
427 5521 483 5572 iuro
496 5517 583 5569 Setott
595 5524 618 5568 et
631 5515 728 5566 Horret

364 5612 1365 5689 [0091041]ιιῑιιιιᾱοΒ,οηι.αιεή;ᾱεωιιοιιοιιιᾱοοοιαςῃαεῑηη.
1476 5610 1666 5661 electorali
1774 5629 1799 5661 v.
1817 5608 1835 5660 2
1851 5611 1919 5662 celer

260 5728 303 5761 ore
321 5707 458 5772 timendus]
476 5710 559 5760 celero
578 5708 741 5760 redimendus
760 5708 786 5767 (d
804 5724 834 5756 ar
851 5716 862 5758 t
880 5705 958 5762 corr.)
972 5705 997 5755 B
