4566 6532
892 395 991 452 cuxn
1009 395 1131 464 (EplS'l'.
1150 397 1176 463 8,
1194 397 1248 468 35),
1267 397 1379 453 coxssl
1398 395 1521 465 (EPIS'l'.
1539 396 1564 460 8,
1582 396 1637 461 36).

1068 707 1202 776 cuxll
1226 708 1334 794 (nrrsr.
1352 712 1382 791 8,
1399 710 1465 795 35).

815 903 1052 977 ENNODIVS
1079 903 1359 978 AVRELIANO
1387 903 1717 978 PRESBYTERO.

411 1064 424 1124 ¹
544 1053 741 1145 Inamabilis
773 1079 904 1165 quidem
933 1078 1106 1145 desideriis
1135 1079 1217 1144 meis
1246 1080 1398 1145 militavit
1426 1081 1555 1146 occasio
1585 1088 1618 1146 et
1645 1080 1729 1144 votis
1757 1078 1880 1143 aditum
1910 1077 2102 1144 necessitas

439 1187 494 1250 vix
516 1183 652 1251 ferenda
676 1182 840 1271 patefecit.
886 1182 1057 1268 amplexus
1085 1175 1239 1268 paginam
1271 1184 1474 1270 praefatione
1503 1183 1727 1249 blandientem
1756 1182 1908 1268 sequenti
1929 1181 2003 1246 eius
2028 1181 2101 1245 elo·

440 1290 570 1354 cutione
595 1286 751 1353 confusus
775 1307 856 1352 sum.
902 1306 977 1348 nam
1001 1285 1097 1351 dulce
1120 1287 1315 1372 principium
1334 1294 1367 1352 et
1383 1288 1491 1352 sereni
1507 1288 1606 1352 mella
1624 1288 1786 1372 conloquii
1802 1288 1906 1352 relata
1922 1287 2101 1351 calamitas

440 1393 533 1478 quasi
556 1398 649 1470 veste
673 1391 779 1456 noetis
803 1389 950 1454 obnubit.
996 1409 1072 1454 vere
1096 1389 1304 1475 loquentibus
1329 1390 1420 1456 vobis
1442 1391 1572 1476 ingesta
1596 1397 1671 1455 sunt
1694 1391 1797 1456 oculis
1820 1411 1904 1476 quae
1926 1389 2101 1475 legebam.

408 1505 516 1564 lnam
539 1494 618 1560 dum
640 1493 809 1559 absentiae
830 1493 1020 1558 felicitatem
1036 1493 1159 1578 pagina
1176 1493 1334 1579 sapientis
1351 1494 1534 1581 intercepit,
1560 1501 1692 1559 coaetus
1708 1515 1780 1558 sum
1797 1493 1886 1558 illam
1901 1492 2102 1558 Aetheriam

439 1600 535 1664 nimis
565 1599 687 1664 vidisse
717 1605 880 1663 terrenam
905 1603 939 1660 et
961 1619 981 1661 a
1004 1597 1202 1662 sublimitate
1229 1597 1381 1662 vocabuli
1409 1598 1441 1661 in
1471 1604 1630 1663 tartarum
1661 1596 1742 1662 duce
1775 1597 1871 1684 eulpa
1899 1595 2103 1684 depositam.

440 1710 532 1767 taceo
557 1701 633 1788 quid
656 1701 808 1767 debuerit
830 1698 1033 1786 parentibus,
1057 1700 1134 1785 quid
1154 1699 1280 1786 pudori.
1316 1721 1358 1765 ex
1381 1722 1446 1786 qua
1468 1701 1563 1766 domo
1587 1700 1703 1766 infelix
1725 1702 1887 1786 prooessit
1908 1699 1951 1766 ad
1972 1700 2101 1765 scelus!

440 1807 527 1894 quod
551 1814 664 1872 secuta
688 1813 738 1871 est
761 1804 883 1870 relictis
907 1803 960 1868 dei
983 1804 1162 1868 cultoribus
1180 1805 1345 1890 lupanaris
1362 1805 1433 1869 vice
1452 1805 1651 1890 coniugium!
1677 1804 1800 1869 credite
1821 1804 1909 1884 mihi,
1932 1805 2102 1869 ultionem

441 1910 595 1987 criminis,
619 1909 695 1973 dum
719 1907 859 1972 admittit
883 1908 1016 1985 crimen,
1045 1915 1203 1971 exsecuta
1225 1914 1286 1988 est,
1301 1901 1303 1905 ’
1319 1913 1352 1972 et
1380 1909 1468 1994 turpi
1499 1929 1606 1972 mersa
1634 1906 1848 1972 contubernio
1874 1914 1907 1972 et
1934 1907 2103 1991 flagitium

444 2023 477 2079 et
499 2035 639 2101 poenam
659 2013 775 2097 flagitii
798 2011 945 2098 repperit
966 2011 999 2076 in
1022 2010 1147 2075 marito.
1193 2032 1304 2076 secum
1329 2012 1375 2076 rei
1406 2032 1581 2097 personam
1609 2011 1753 2097 portavit
1775 2017 1809 2076 et
1831 2010 1946 2076 iudicis
1968 2011 2105 2090 mulier,

410 2117 518 2185 {idum
543 2116 644 2201 elegit
666 2114 847 2200 indignum.
893 2113 1106 2200 producerem
1140 2114 1276 2190 litteras,
1309 2114 1372 2178 nisi
1406 2114 1597 2179 memoriam
1633 2112 1797 2179 infaustae
1831 2113 1975 2178 feminae
2008 2113 2103 2178 desi·

442 2220 593 2286 derarem
621 2219 780 2283 oblivione
811 2217 955 2303 sepeliri.
1000 2237 1070 2295 vos,
1101 2223 1136 2281 ut
1164 2216 1293 2283 Galliae
1326 2219 1520 2304 expulsione
1549 2216 1678 2281 illorum
1714 2218 1926 2283 subleventur
1958 2217 2104 2303 eligitis:

440 2345 511 2405 nos,
534 2345 576 2389 ne
598 2323 695 2388 Italia
718 2323 945 2408 coinquinetur
968 2327 1129 2407 optamus.
1164 2328 1322 2407 expetant
1342 2322 1451 2407 potius
1468 2320 1610 2406 Libycas
1626 2319 1741 2406 Syrtes
1763 2327 1796 2386 et
1818 2320 1858 2385 ab
1880 2321 2103 2385 humanitatis

441 2427 606 2492 consortio
629 2425 830 2492 dividentia:
865 2427 940 2512 quia
969 2426 997 2490 si
1024 2423 1100 2489 inde
1125 2423 1280 2490 domnum
1303 2424 1517 2489 Aurelianum
1546 2424 1700 2510 fugerint,
1727 2423 1802 2487 hinc
1824 2423 2025 2504 Ennodium,
2059 2424 2103 2488 ad

412 2538 526 2616 lquae
550 2531 622 2595 loca
645 2530 877 2595 declinabunt?
901 2528 1018 2593 domno
1043 2526 1209 2614 praefecto
1232 2547 1315 2612 quae
1339 2527 1479 2591 iussistis
1504 2527 1649 2614 pressius
1667 2527 1823 2608 intimavi,
1847 2528 1902 2613 qui
1919 2535 2106 2614 praecepta

442 2635 534 2719 regia
563 2655 638 2699 mox
669 2635 791 2719 exegit,
824 2654 882 2719 per
911 2653 995 2718 quae
1027 2630 1189 2695 credimus
1224 2631 1311 2694 viros
1346 2630 1450 2695 bonos
1481 2637 1515 2695 et
1546 2631 1668 2694 amieos
1696 2632 1901 2696 occasionem
1931 2631 2106 2696 invenisse

444 2735 643 2824 praestandi.
688 2744 722 2801 et
744 2758 801 2802 vos
825 2744 934 2801 tamen
959 2738 1100 2801 animum
1127 2737 1168 2802 ab
1196 2737 1365 2802 anxietate
1395 2743 1574 2816 removete,
1604 2735 1679 2820 quia
1707 2736 1861 2801 caelestis
1891 2735 2038 2799 sufficiet
2062 2734 2106 2798 ad

443 2840 601 2904 ultionem
624 2840 782 2904 malorum
807 2841 898 2926 vigor
920 2841 1089 2907 examinis.
1124 2841 1246 2905 domini
1263 2842 1316 2921 mi,
1340 2839 1544 2904 salutationis
1562 2839 1721 2924 obsequia
1736 2842 1954 2925 praesentans
1971 2858 2105 2924 precor,

443 2948 479 3008 ut
502 2943 617 3008 erebro
641 2963 693 3007 me
716 2943 944 3028 prosperitatis
966 2952 1108 3025 vestrae,
1140 2946 1216 3030 quia
1239 2945 1491 3011 commeantium
1520 2946 1724 3032 oportunitas
1748 2943 1918 3030 ingeritur,
1943 2943 2105 3008 relevetis

444 3047 604 3134 alloquiis.

1063 3269 1219 3338 cnxlll
1242 3272 1354 3353 (nerse.
1371 3276 1401 3348 8,
1419 3271 1486 3356 36).

1029 3465 1265 3542 ENNODIVS
1293 3468 1516 3544 ΒΟΕΤΗΙΟ.

415 3633 428 3694 1
558 3613 768 3705 Perdiderat
790 3641 980 3708 eruditionis
1003 3645 1143 3731 pretium
1167 3647 1288 3731 lingua,
1324 3645 1399 3710 dum
1430 3648 1560 3725 retices,
1589 3647 1664 3731 quia
1692 3635 1768 3710 dum
1795 3651 2009 3710 venustatem
2033 3645 2106 3708 elo-

444 3744 599 3830 quentiae
623 3745 829 3810 taciturnitas
853 3747 1053 3828 includebat,
1078 3749 1273 3815 credebatur
1297 3771 1362 3814 non
1385 3770 1458 3816 csse
1482 3749 1568 3836 quod
1592 3769 1695 3834 nuper
1718 3748 1880 3814 efferbuit.
1915 3746 2107 3834 produxisti

444 3849 478 3911 in
509 3848 616 3913 lucem
646 3870 767 3914 novum
797 3850 891 3915 iubar
921 3852 1043 3938 eloquii
1073 3860 1116 3933 et,
1151 3853 1227 3918 dum
1256 3853 1343 3919 diem
1375 3855 1407 3919 in
1439 3853 1580 3939 epistula
1612 3853 1703 3927 facis,
1739 3851 1948 3937 splendorem
1982 3871 2105 3916 recens
2159 3879 2171 3918 ι

446 3950 585 4037 adeptus
608 3951 751 4017 crederis
775 3954 839 4018 iam
863 3962 1035 4021 maturum.
1071 3958 1193 4041 gratias
1217 3979 1290 4042 ago,
1315 3956 1399 4043 qnod
1423 3977 1475 4020 me
1499 3955 1540 4020 ad
1564 3955 1728 4021 amicitiae
1753 3953 1936 4020 custodiam
1960 3955 2107 4041 paginae

414 4061 522 4124 ttuae
551 4056 628 4120 flore
659 4059 826 4142 conpellis.
873 4059 932 4124 sed
963 4059 990 4123 si
1017 4060 1094 4126 fidei
1123 4082 1216 4127 meae
1245 4082 1335 4126 esses
1367 4061 1529 4140 conscius,
1558 4058 1794 4124 dubitationem
1821 4057 1862 4123 de
1892 4057 1992 4122 rebus
2025 4079 2107 4122 con-

446 4159 609 4224 stantibus
633 4181 696 4224 non
720 4160 870 4228 haberes.
909 4164 1019 4244 timeo,
1042 4186 1084 4230 ne
1108 4165 1355 4250 ambiguitatem
1372 4186 1469 4250 quam
1484 4162 1590 4229 eredis
1607 4161 1768 4228 exhibeas
1792 4168 1835 4242 et,
1858 4160 1936 4225 dum
1960 4162 2107 4226 amantis

445 4266 593 4347 teporem
616 4263 747 4344 metuis,
777 4265 811 4328 in
836 4264 1020 4331 adfectione
1044 4268 1214 4353 frigescas.
1259 4267 1400 4348 domine,
1428 4273 1465 4331 ut
1493 4289 1601 4354 supra,
1634 4265 1838 4331 salutationis
1860 4263 2004 4349 gratiam
2027 4286 2106 4351 per-

447 4365 577 4429 solvens
601 4385 708 4451 spero,
732 4374 769 4432 ut
791 4367 905 4433 erebro
929 4369 1045 4434 adme
1069 4371 1282 4457 epistolarum
1306 4371 1503 4436 commercia
1526 4370 1658 4456 dirigas,
1692 4370 1769 4455 quia
1790 4368 1825 4432 in
1847 4367 1899 4432 his
1923 4367 2046 4433 muniis
2072 4375 2108 4434 et

446 4467 618 4553 diligentia
640 4475 673 4534 te
696 4469 851 4536 admonet
874 4478 908 4536 et
930 4473 1088 4559 perfectio
1111 4481 1148 4538 ut
1170 4474 1291 4539 multus
1315 4474 1497 4541 incumbas.

447 4628 638 4635 ..ψ-

551 4745 667 4815 [CDXII]
703 4745 894 4800 domicenio
968 4749 1052 4801 ccasio
1065 4748 1091 4799 Β
1163 4750 1276 4801 additum
1290 4750 1316 4801 Β
1436 4749 1629 4818 3inplexusB
1749 4747 1905 4815 tcolloquii
1922 4748 1947 4799 V
2024 4750 2111 4802 relata

445 4835 602 4886 relatsmitas
618 4834 644 4885 B
764 4834 781 4886 5
799 4836 914 4887 obnubet
925 4834 951 4885 B
1070 4833 1087 4886 6
1109 4836 1230 4888 felicitate
1243 4836 1269 4886 B
1349 4837 1479 4904 intercipit
1495 4836 1553 4888 coni
1575 4835 1671 4887 Hartel
1792 4832 1808 4884 7
1829 4842 1883 4887 ctas
1906 4834 2072 4888 sublimitate
2085 4836 2111 4887 Β

447 4919 480 4972 10
497 4921 614 4972 admittet
625 4919 651 4970 Β
782 4920 813 4971 12
831 4922 910 4988 eliget
925 4921 958 4984 Β,
975 4923 1048 4989 eligit
1065 4921 1129 4973 coni.
1143 4921 1240 4973 Horret
1330 4923 1380 4972 nisi
1398 4939 1446 4973 cm.
1459 4921 1485 4972 B
1577 4920 1741 4972 disiderarem
1758 4919 1784 4971 Β
1918 4917 1952 4971 13
1970 4921 2073 4988 sepiliri
2085 4921 2112 4972 Β

446 5009 541 5075 eligitis
557 5004 607 5071 Ti,
627 5008 741 5076 religatis
753 5007 786 5072 B,
808 5008 909 5074 eligetis
927 5009 1003 5059 ceteri
1108 5004 1394 5073 14qu0nquinetur13
1464 5015 1581 5074 optamus
1599 5023 1647 5057 cm.
1661 5004 1740 5058 Sirm.
1810 5005 1909 5072 lybicas
1926 5005 1955 5070 V,
1974 5007 2073 5073 lyricas
2086 5007 2112 5058 B

448 5093 480 5146 15
498 5095 615 5146 diuidant
626 5094 652 5145 Β
716 5097 836 5162 fugerent
847 5093 873 5146 B
939 5094 1073 5145 innodium
1084 5093 1129 5143 13⁰
1192 5095 1226 5146 ad
1244 5091 1320 5161 quae]
1339 5101 1417 5160 atque
1429 5094 1455 5145 B
1559 5089 1591 5144 lt
1609 5094 1725 5146 iussistes
1737 5092 1763 5143 Β
1862 5089 1894 5142 17
1912 5092 1996 5161 regin]
2016 5096 2074 5148 reia
2087 5096 2113 5147 B

445 5183 575 5235 invenisse
593 5199 621 5234 se
638 5182 783 5250 praestandi
801 5182 897 5234 conicio
1003 5179 1036 5232 19
1053 5183 1155 5233 domine
1169 5182 1203 5233 Ob
1273 5179 1317 5257 mi]
1335 5182 1399 5233 mihi
1410 5181 1488 5232 BVL
1591 5175 1773 5232 20'reuelletis
1786 5178 1812 5228 B

551 5283 680 5353 [CDXlll]
717 5283 751 5335 22
769 5286 857 5337 Boetio
874 5285 954 5337 Siren.
1076 5282 1110 5336 23
1129 5287 1214 5336 reticio
1231 5285 1256 5336 Β
1376 5283 1410 5337 24
1427 5286 1575 5338 credibatur
1586 5284 1612 5335 B
1697 5281 1854 5336 efferuuitB
1979 5281 2015 5335 27
2035 5283 2113 5353 tiore]

445 5373 537 5423 flamm
550 5371 576 5422 B
674 5372 738 5422 cesis
750 5370 776 5420 B
908 5367 943 5422 28
959 5371 1061 5422 haberis
1074 5370 1099 5422 B
1231 5367 1266 5421 29
1284 5378 1423 5440 temporem
1441 5378 1542 5424 maenis
1554 5370 1580 5421 B
1678 5370 1811 5423 adcedens
1826 5367 1852 5419 V
1951 5370 2076 5440 frigiseas
2088 5371 2116 5424 B

446 5456 478 5510 31
499 5459 586 5510 multis
599 5457 624 5508 B
