4538 6436
129 1292 141 1326 ,1

409 415 411 420 ν
453 383 584 439 XXXVII
603 383 726 453 (EPIS'I'.
738 385 763 446 2,
781 386 818 450 4),
837 382 982 437 XXXVIII
1001 379 1123 448 (EPIST.
1136 383 1162 446 2,
1180 381 1216 450 5),
1235 381 1351 436 XXXIX
1372 381 1493 450 (EPIST.
1510 385 1535 453 2,
1554 385 1590 452 6).
1810 389 1850 450 37

807 604 986 674 XXXVII
1009 604 1119 692 (arur.
1143 609 1173 688 2,
1196 605 1242 694 4).

778 784 1015 861 ENNODIVS
1043 784 1268 860 OLYBRIO.

306 917 413 1014 Nulli
437 947 570 1013 dubium
595 953 646 1013 est
669 947 756 1013 inter
776 943 955 1032 prudentes
979 964 1093 1009 sacrae
1115 942 1213 1007 fidem
1237 943 1463 1029 promissionis
1484 944 1601 1032 inpleri
1617 951 1651 1012 et
1666 945 1882 1028 amicitiam,l

198 1076 282 1142 qnae
304 1053 468 1119 fertilibus
492 1057 544 1119 est
566 1053 720 1118 maritata
744 1051 922 1132 fomitibus,
955 1051 1117 1114 fructuum
1141 1048 1314 1114 nobilitate
1337 1048 1494 1135 gaudere.
1540 1071 1601 1137 ego
1623 1050 1854 1116 conscientiam

198 1165 341 1225 vestram
376 1156 507 1243 appello
541 1156 605 1221 iam
640 1155 771 1222 statutis
803 1154 956 1220 fidelibus
989 1153 1179 1239 obligatam,
1218 1174 1280 1240 ego
1314 1160 1480 1240 tamquam
1514 1153 1555 1219 de
1588 1155 1696 1222 bonae
1731 1154 1856 1220 arboris

198 1261 316 1343 reditu,
340 1261 386 1325 ita
409 1259 450 1324 de
475 1260 612 1325 caritate
636 1265 750 1325 mutua
773 1257 912 1324 idoneus
937 1276 1035 1343 carpo
1059 1277 1156 1343 poma
1178 1277 1371 1342 possessor.¹
1395 1258 1486 1322 nulla
1508 1260 1650 1346 partium
1666 1259 1699 1324 in
1717 1259 1856 1346 aucupio

197 1363 407 1432 discessionis
430 1363 517 1450 quod
540 1364 612 1428 fieri
636 1364 737 1429 voluit
760 1369 862 1448 neget
885 1362 1055 1449 inpletum.
1100 1360 1187 1446 apud
1211 1360 1308 1428 deum
1331 1363 1415 1427 votis
1432 1369 1488 1428 ant
1504 1364 1700 1450 supplicium
1714 1363 1887 1430 debetur2

198 1478 255 1536 aut
276 1469 470 1557 praemium.
516 1489 577 1553 ego
601 1468 635 1532 in
666 1489 719 1532 me
747 1466 905 1552 religiosi,
937 1467 970 1529 in
998 1464 1091 1530 vobis
1120 1464 1315 1530 nobilissimi
1344 1465 1605 1533 consideratione
1633 1467 1792 1555 propositi
1814 1465 1856 1532 ad

198 1575 352 1641 ellectum
375 1573 463 1638 inter
486 1592 546 1636 nos
570 1570 765 1637 concordiae
790 1571 930 1636 aestimo
954 1570 1143 1656 pervenisse
1164 1591 1248 1656 quae
1270 1578 1488 1657 coeptarunt,
1512 1593 1573 1638 nec
1589 1571 1855 1639 adulescentibus

198 1678 324 1765 gratiae
349 1682 383 1741 et
405 1676 439 1739 in
463 1696 582 1741 noram
605 1676 712 1741 lucem
737 1673 983 1761 erumpentibus
1006 1674 1152 1759 frugibus
1175 1674 1351 1739 verborum
1366 1676 1459 1762 potui
1475 1698 1598 1763 negare
1615 1676 1856 1756 commercium,

200 1802 275 1846 cum
297 1781 393 1867 culpa
415 1779 533 1864 dignus
564 1778 606 1843 sit
634 1779 691 1866 qui
720 1779 753 1844 in
781 1778 947 1844 vicinitate
979 1778 1105 1862 positus
1132 1779 1238 1843 noluit
1269 1779 1392 1866 primus
1424 1781 1580 1869 incipere.
1625 1783 1659 1847 in
1686 1781 1747 1847 hac
1778 1781 1889 1867 ergo3

200 1891 294 1972 parte
317 1883 451 1971 pudoris
474 1885 589 1950 rolens
613 1883 717 1949 vitare
748 1883 955 1969 dispendium
986 1882 1061 1947 nolo
1091 1882 1232 1948 evadere
1261 1885 1446 1970 opinionem
1477 1886 1654 1967 temerarii,
1684 1883 1858 1952 dummodo

200 1987 243 2054 ad
277 1988 432 2053 affectum
469 2007 522 2052 me
559 1985 729 2052 ostendam
764 1988 954 2074 pervenisse
986 1986 1136 2072 perfecti.
1186 1988 1475 2074 oportunissimum
1505 1990 1698 2076 portitorem
1731 1989 1859 2054 sarcina

200 2091 333 2178 inperiti
364 2090 522 2156 sermonis
555 2091 689 2156 oneravi
717 2091 838 2156 affectu
871 2090 1077 2176 delinquens,
1115 2111 1173 2177 per
1210 2112 1306 2177 quem
1346 2093 1401 2178 qui
1438 2094 1623 2179 peccaverit
1659 2099 1693 2158 et
1730 2093 1858 2158 veniam

200 2203 344 2263 meretur
366 2201 400 2261 et
429 2196 580 2280 gratiam.
625 2215 705 2280 rogo
738 2217 816 2282 ergo
848 2194 1052 2260 salutationis
1080 2195 1297 2262 effusissimae
1326 2195 1472 2261 debitum
1501 2198 1643 2279 solvens,
1671 2203 1718 2278 ut,
1753 2197 1780 2260 si
1807 2200 1891 2260 mel

135 2329 146 2368 r·
201 2300 289 2366 cordi
313 2299 455 2380 habetis,
478 2297 519 2364 de
542 2298 698 2363 uberrimi
722 2299 903 2364 ostendatis
934 2297 1113 2364 directione
1144 2300 1318 2386 conloquii,
1348 2301 1424 2387 quia
1452 2302 1536 2366 siout
1565 2302 1685 2366 amoris
1715 2301 1862 2365 elocutor

123 3246 150 3285 10

202 2413 235 2470 et
259 2406 414 2491 copiosus
438 2402 656 2485 adsertores,
680 2405 727 2468 ita
749 2406 856 2469 nescis
881 2404 979 2470 alieni
1002 2403 1125 2467 blanda
1148 2405 1319 2470 verborum
1343 2404 1510 2469 fucatione
1534 2404 1698 2471 deludere.

812 2659 1013 2729 XXXVIII
1029 2661 1139 2749 (sersr.
1156 2665 1187 2747 2,
1204 2661 1250 2750 5).

785 2839 1022 2916 ENNODIVS
1049 2839 1274 2916 LACONIO.

313 2971 515 3087 Numquam
545 3001 631 3065 inter
659 3005 808 3066 amantes
845 3000 975 3066 silentio
1009 3000 1094 3065 bene
1130 3000 1289 3064 multatur
1317 2999 1452 3064 offensa.
1497 3000 1629 3087 gravius
1659 3000 1890 3067 inventoreml

202 3107 344 3194 percutit
365 3104 530 3170 vindictae
552 3105 681 3170 novitas
705 3126 802 3191 quam
826 3109 1001 3170 errantem.
1039 3104 1133 3170 nefas
1156 3110 1207 3169 est
1228 3125 1287 3191 pro
1309 3103 1540 3170 emendatione
1564 3105 1733 3191 culparum
1750 3106 1864 3191 culpas

205 3210 365 3291 adhiberi,
400 3209 477 3274 dum
507 3207 615 3273 studio
645 3208 823 3274 curationis
857 3209 913 3294 qui
950 3208 1102 3275 medetur
1135 3208 1308 3294 aegrescit.
1354 3209 1442 3274 volui
1477 3209 1731 3275 taciturnitatem
1767 3229 1892 3296 quam*

205 3315 292 3380 circa
313 3335 366 3379 me
389 3313 551 3379 hactenns
574 3312 640 3378 mei
662 3313 859 3377 inmemores
884 3313 1041 3377 servastis
1064 3312 1193 3392 imitari,
1218 3312 1278 3376 sed
1300 3311 1397 3377 homo
1421 3313 1505 3378 lenis
1530 3314 1712 3379 animorum
1734 3313 1865 3378 fortium

204 3438 270 3482 non
302 3418 395 3505 potui
424 3436 567 3502 aequare
598 3421 832 3501 contemptum.
883 3416 988 3480 victus
1022 3437 1093 3479 sum
1126 3421 1263 3480 naturae
1297 3416 1487 3502 fragilitate,
1518 3416 1685 3496 confiteor,
1716 3423 1749 3482 et
1777 3416 1895 3502 quod2

205 3543 264 3587 ros
296 3519 394 3587 oredo
424 3527 605 3608 conputare
639 3521 727 3585 inter
760 3521 848 3602 vitia,
884 3522 958 3606 plus
992 3520 1132 3585 amando
1166 3521 1231 3584 stili
1262 3519 1495 3586 abstinentiam
1529 3521 1634 3586 effusa
1667 3521 1866 3606 loquacitate

205 3625 343 3712 pensavi
380 3631 413 3690 et
445 3624 536 3710 longi
570 3624 717 3689 dolorem
748 3625 871 3691 silentii
902 3625 1062 3690 sermonis
1098 3625 1249 3690 ubertate
1281 3626 1454 3711 conposui:
1486 3631 1666 3712 expectans
1692 3624 1865 3711 quideme

140 3765 152 3798 r.
207 3729 300 3794 vobis
329 3728 497 3816 praevium
526 3747 644 3793 munus
673 3729 706 3792 in
737 3729 865 3808 litteris,
905 3728 963 3793 sed
993 3749 1057 3793 non
1085 3728 1173 3793 volui
1202 3728 1280 3792 mihi
1309 3729 1391 3815 ipse,
1420 3728 1496 3794 dum
1526 3729 1582 3795 diu
1609 3736 1714 3810 taceo,
1742 3749 1864 3814 negare

208 3853 411 3920 responsum,
436 3832 625 3914 aestimans,
649 3830 736 3917 quod
757 3832 913 3918 loquendi
935 3832 1072 3897 formam
1095 3831 1174 3898 dare
1197 3832 1261 3896 nisi
1277 3832 1440 3918 loquendo
1456 3854 1522 3899 non
1537 3853 1681 3919 possem.
1716 3832 1897 3918 proinde,3

208 3936 337 4003 domine
361 3937 416 4018 mi,
447 3935 651 4001 salutationis
674 3935 846 4002 debendae
876 3936 1070 4023 obsequium
1102 3937 1233 4001 solvens
1259 3937 1458 4022 perlatorem
1485 3936 1708 4023 praesentium
1738 3935 1779 4001 ad
1809 3957 1868 4000 vos

208 4041 397 4128 specialiter
420 4039 619 4105 destinatum
643 4040 739 4104 solita
764 4039 951 4125 dignatione
975 4040 1130 4127 suscipite
1154 4046 1187 4105 et
1212 4040 1378 4105 sublatum
1394 4038 1435 4104 de
1451 4038 1686 4105 consuetudine
1703 4039 1868 4103 scribendi

207 4167 302 4210 nsum
326 4153 487 4232 reparate,
512 4165 553 4208 ne
577 4145 609 4208 in
634 4143 786 4209 damnum
811 4145 937 4229 gratiae
961 4145 1103 4231 parcitas
1126 4145 1294 4230 contingat
1318 4145 1379 4208 ista
1404 4143 1587 4210 verborum.

829 4398 992 4469 XXXIX
1016 4404 1124 4485 (nrrsr.
1148 4405 1178 4485 2,
1201 4403 1246 4487 6).

788 4579 1025 4656 ENNODIVS
1052 4578 1283 4654 POMERlO.

320 4711 513 4829 Quousque
536 4748 663 4808 tantum
686 4742 797 4808 licebit
819 4743 1011 4809 absentiae?
1035 4761 1207 4828 quousque
1223 4740 1311 4806 lama
1326 4739 1445 4805 nobilis
1462 4738 1695 4825 epistolaribus
1712 4739 1868 4804 destituta
1884 4741 1897 4799 1

213 4846 407 4911 conmerciis
432 4852 635 4912 veterescet?
659 4847 735 4913 nolo
760 4845 899 4912 evadere
918 4846 1105 4932 opinionem
1129 4844 1307 4924 temerarii,
1331 4841 1506 4908 dummodo
1523 4842 1564 4908 ad
1581 4842 1729 4908 notitiam
1746 4843 1869 4929 possim

317 5069 462 5141 [XXXVII]
504 5069 915 5140 diomitibos1formitilibusB
1026 5069 1175 5139 lobligsta
1187 5067 1227 5136 Β,
1250 5070 1395 5137 oblcgstam
1411 5067 1487 5119 VLT
1595 5066 1832 5121 8aduliscsntibns
1845 5065 1874 5119 Β

213 5156 245 5210 11
264 5156 462 5228 ᾱὶιροιιᾱίιωΒ
570 5153 1047 5225 tasnatum10usetumst⁷101>o
1154 5154 1186 5208 lb
1203 5157 1325 5224 colloquii
1341 5155 1366 5206 V
1466 5153 1500 5206 16
1518 5155 1640 5222 copiosus
1653 5152 1681 5207 Β
1751 5155 1833 5207 nescit
1846 5151 1874 5204 Β

212 5242 358 5312 vorborum]
378 5261 525 5298 sermonum
539 5241 603 5297 OPs
673 5246 788 5298 diludero
801 5243 830 5297 Β

317 5347 475 5418 [XXXVIII]
513 5347 546 5400 19
565 5350 773 5417 promendntioue
788 5347 837 5400 Βιι
957 5347 993 5401 20
1010 5349 1120 5400 midetnr
1136 5345 1163 5398 Β
1173 5348 1184 5387 ¹
1196 5346 1236 5397 Vr
1316 5347 1419 5415 cgriscit
1431 5342 1459 5396 Β
1581 5343 1614 5396 21
1634 5345 1705 5397 lenes
1718 5341 1759 5408 Β,
1781 5343 1874 5394 leuisb

212 5434 247 5489 23
264 5446 400 5506 conpotare
412 5434 441 5488 Β
537 5434 572 5487 25
589 5454 640 5489 non
660 5437 732 5489 uolui
745 5434 781 5502 Β,
799 5437 871 5489 nolui
884 5437 959 5488 ceteri
1058 5432 1092 5486 27
1111 5431 1154 5500 mi]
1174 5433 1236 5485 mihi
1248 5433 1274 5484 B
1280 5433 1325 5483 Vt
1423 5429 1458 5483 28
1476 5431 1625 5484 distinctum
1641 5430 1663 5482 B
1762 5427 1797 5480 ‘29
1815 5445 1873 5480 cou-

214 5525 277 5591 rigat
289 5521 318 5574 B
387 5524 524 5576 barborum
538 5520 586 5573 Bc
607 5547 612 5552 ·

319 5625 452 5695 [XXXIX]
489 5626 521 5678 31
541 5624 681 5693 absentiae]
701 5627 871 5679 abstinentiae
884 5622 911 5675 Β
924 5625 1008 5691 salso,
1027 5625 1060 5689 cs.
1077 5619 1231 5672 CLXXIII
1240 5626 1252 5670 1
1273 5619 1447 5670 coremur
1497 5619 1613 5671 distituts
1627 5617 1654 5669 B
1754 5616 1787 5669 32
1806 5628 1875 5670 ucto-

216 5717 291 5768 rescit
310 5713 338 5765 B
