4612 6442
452 406 491 470 14
1137 395 1175 454 rx
1193 394 1316 468 (nerse.
1336 395 1359 462 1,
1377 395 1413 466 o).

450 579 559 667 palem
581 579 730 644 militiam
752 578 815 643 iter
836 577 963 642 virtutis
978 572 1140 639 'ostendit
1184 573 1211 636 si
1234 593 1299 660 qua
1321 577 1374 638 est
1396 570 1613 636 saecularium
1636 567 1821 635 reverentia
1843 568 2052 654 dignitatum,
2075 567 2103 633 si

390 751 394 760 ,
452 682 523 768 quis
546 682 648 747 honos
672 689 724 747 est
745 682 911 748 hominem
933 679 1044 744 rivere
1067 683 1141 763 post
1164 675 1354 764 sepulchra,
1385 675 1412 740 si
1436 672 1512 760 quid
1536 672 1676 760 providit
1704 673 1827 738 astutia
1849 679 2012 755 veterum,
2044 693 2104 761 per

451 785 536 871 quod
559 787 600 850 ab
623 786 808 851 hominibus
831 785 908 850 anni
930 783 1101 848 vincantur
1123 780 1253 846 indulti:
1284 779 1354 844 iure
1382 778 1487 844 fastus
1510 776 1734 842 huiuscemodi
1756 784 1913 863 putantur
1933 780 2102 844 invenisse

419 889 597 971 tconsilia,
621 910 757 975 quorum
779 888 984 975 longaevitas
1008 893 1042 952 et
1065 890 1268 950 senectutem
1289 883 1411 948 refutat
1433 888 1467 949 et
1488 882 1672 947 terminum.
1716 880 1797 946 deus
1819 882 1920 965 bone,
1944 889 2101 970 quantum

449 999 513 1074 est,
550 993 645 1057 unius
672 992 867 1058 vocabulum
901 991 1040 1056 hominis
1074 991 1246 1075 inpensum
1273 988 1307 1052 in
1335 985 1498 1052 dictandis
1524 985 1659 1070 legibus
1692 985 1837 1050 laborem
1867 987 1922 1052 vel
1953 985 2102 1052 stabilire

449 1115 545 1181 posse
566 1097 620 1161 rel
643 1097 786 1162 solvere!
832 1102 940 1159 macte
963 1094 1137 1178 insignium
1161 1091 1356 1156 adulescens
1372 1090 1537 1167 virtutum,
1560 1088 1616 1174 qui
1637 1109 1696 1174 per
1719 1088 1941 1154 oblitteratum
1964 1090 2104 1155 materni

448 1201 628 1264 stemmatis
649 1200 767 1264 callem
788 1199 906 1264 vitales
937 1197 1092 1262 honorum
1122 1215 1256 1260 secures
1286 1193 1447 1272 adtulisti,
1478 1193 1595 1278 quibus
1622 1213 1777 1272 annosas,
1809 1213 1850 1258 ne
1878 1193 2103 1279 posteritatem

418 1305 540 1366 5tuam
562 1302 752 1382 retinerent,
775 1300 1031 1389 splendidissimi
1048 1299 1174 1364 itineris
1190 1299 1301 1363 obices
1317 1302 1519 1383 amputares!
1558 1296 1676 1361 cedant
1691 1296 1766 1360 huic
1782 1296 1961 1382 priscorum
1975 1296 2104 1380 laudes,

449 1404 566 1490 quibus
589 1405 793 1471 nobilitatem
815 1405 981 1471 doctorum
1005 1409 1188 1468 commenta
1209 1409 1423 1490 pepererunt,
1447 1421 1531 1486 quae
1557 1400 1702 1465 faleratis
1726 1401 1898 1466 verborum
1922 1401 2104 1486 superciliis

448 1509 599 1574 meritum
621 1532 642 1574 a
664 1509 804 1574 relatore
826 1515 1023 1574 mercantur.
1068 1527 1205 1572 necesse
1235 1505 1322 1572 enim
1345 1511 1397 1570 est
1418 1505 1599 1570 exilitatem
1621 1503 1776 1569 thematis
1800 1505 1962 1570 narrantis
1986 1505 2103 1590 opibus

448 1613 613 1699 ampliari,
642 1618 679 1677 ut
706 1613 779 1695 dos,
813 1635 896 1700 quae
929 1613 962 1676 in
990 1611 1128 1676 materia
1157 1632 1221 1675 non
1253 1609 1434 1690 invenitur,
1466 1608 1532 1672 stili
1558 1608 1822 1693 processionibus
1851 1610 2024 1675 inseratur.
2068 1614 2105 1672 ut

449 1721 578 1780 taceam
600 1716 720 1782 Fabios
744 1717 926 1803 Torquatos
950 1715 1104 1781 Camillos
1127 1714 1248 1779 Decios
1272 1713 1374 1778 fuisse
1398 1718 1583 1800 superatos:
1619 1719 1652 1777 te
1676 1713 1794 1799 ipsum,
1817 1712 1862 1777 mi
1885 1712 2025 1794 domine,
2049 1713 2105 1797 qui

419 1817 618 1883 dunirersos
641 1819 763 1899 vicisti,
793 1821 863 1884 eius
891 1818 1074 1904 primordiis
1103 1819 1240 1883 aestimo
1262 1817 1371 1881 votive
1400 1803 1553 1882 cessisse.
1597 1822 1632 1880 tu
1655 1837 1714 1902 per
1736 1815 1888 1880 duratum
1910 1837 2104 1903 proavorum

448 1941 645 2007 avorumque
670 1923 852 2009 scipionum
874 1923 1037 1988 tramitem
1060 1923 1126 1988 iam
1153 1921 1319 2007 grandior,
1348 1941 1455 2006 paene
1482 1919 1750 2008 praecedentium
1778 1941 1923 1985 conexus
1946 1920 2105 1985 lateribus

448 2025 637 2108 ambulasti,
671 2027 718 2092 ita
745 2033 783 2090 ut
815 2027 875 2092 sub
910 2027 1134 2092 coniunctione
1167 2045 1343 2111 numquam
1375 2024 1591 2110 interpolatae
1626 2023 1793 2088 felicitatis
1829 2023 2009 2090 incederes.
2060 2023 2102 2088 ad

448 2129 569 2195 Avieni
590 2130 655 2196 mei
679 2129 785 2194 adhue
813 2132 917 2195 teneri
941 2132 1079 2196 virtutes
1107 2129 1263 2216 pertinet,
1296 2135 1329 2193 et
1352 2135 1407 2192 tuo
1436 2127 1552 2212 generi
1579 2128 1767 2192 continuare
1796 2127 1904 2193 fesoes
1933 2133 1967 2192 et
1995 2133 2105 2191 nostro

447 2233 597 2302 reddere.
642 2255 704 2320 ago
727 2236 851 2320 gratias
882 2234 1054 2300 intentioni
1084 2234 1117 2298 in
1147 2253 1316 2298 commune
1349 2237 1561 2316 augmentum
1589 2230 1792 2317 profuturae,
1819 2251 1880 2317 per
1908 2252 2004 2317 quarn
2032 2252 2106 2295 cum

448 2336 502 2402 dei
520 2337 671 2403 benificio
687 2339 845 2404 natalium
860 2340 1017 2404 bonorum
1042 2338 1173 2404 claritas
1195 2338 1355 2403 hactenus
1378 2337 1556 2401 interclusa
1578 2335 1792 2421 resplenduit,
1815 2357 1875 2421 per
1897 2357 1994 2420 quarn
2018 2335 2105 2402 diem

418 2441 436 2502 7
450 2461 544 2504 suum
567 2441 694 2505 lucidus
718 2443 851 2528 sanguis
874 2443 1016 2528 agnovit.
1053 2463 1150 2529 quam
1165 2441 1340 2507 voluissem
1355 2447 1502 2504 votorum
1517 2459 1664 2504 meorum
1681 2459 1840 2503 summam
1856 2460 1964 2504 eorem
1979 2441 2106 2526 positus

448 2543 582 2624 intueri,
619 2544 647 2608 si
675 2565 740 2609 non
772 2553 982 2633 peecatorum
1012 2546 1200 2631 magnitudo
1235 2566 1353 2610 munus
1385 2545 1545 2619 caeleste,
1581 2542 1665 2629 quod
1694 2564 1759 2607 non
1789 2544 1892 2629 potuit
1921 2542 2103 2623 desideriis,

448 2646 628 2734 denegaret
656 2648 860 2735 aspectibus,
892 2655 925 2714 et
946 2649 1041 2714 nefas
1071 2650 1112 2713 sit
1143 2650 1308 2715 hominem
1336 2671 1400 2714 uno
1429 2647 1608 2732 eodemque
1638 2653 1784 2733 tempore
1812 2647 1966 2711 universa
1993 2653 2106 2733 optata

451 2752 643 2838 promereri!
681 2753 761 2818 illud
784 2759 895 2818 tamen
917 2753 1002 2818 inter
1024 2753 1185 2818 maximas
1209 2753 1423 2839 redemptoris
1445 2753 1548 2817 nostri
1570 2753 1850 2817 remunerationes
1873 2752 1967 2817 oredo
1989 2772 2105 2816 nume-

449 2854 596 2936 randum,
621 2855 706 2940 quod
728 2855 828 2920 limen
850 2856 955 2922 felicis
978 2857 1136 2922 infantiae
1161 2858 1275 2922 consul
1296 2877 1390 2921 meus
1413 2877 1487 2920 cum
1509 2855 1631 2920 honore
1655 2855 1742 2920 senis
1764 2856 1931 2940 ingressus
1948 2841 2007 2919 est.
2046 2875 2105 2940 spe

417 2957 437 3020 8
449 2958 617 3044 praecipio
640 2958 716 3043 quid
739 2965 873 3045 paretur
902 2960 1082 3042 laboribus,
1114 2981 1187 3026 cum
1218 2961 1297 3027 talia
1324 2961 1509 3047 primordiis
1538 2960 1745 3027 exhibentur.
1789 2959 2001 3046 inauspicatis
2031 2979 2105 3022 sue-

449 3060 596 3125 cessibus
619 3060 669 3124 illi
691 3061 896 3147 profectuum
925 3063 1128 3128 incrementa
1153 3071 1292 3128 ventura
1319 3070 1408 3144 sunt,
1437 3085 1534 3149 quem
1563 3065 1709 3150 coepisse
1733 3063 1881 3128 videmus
1905 3086 1925 3128 a
1947 3062 2104 3128 fascibus.
2156 3078 2182 3118 rs

445 3163 552 3227 minus
581 3169 631 3228 est
664 3163 749 3249 quod
785 3164 848 3229 sibi
881 3164 923 3229 de
958 3167 1182 3253 prosperitatis
1216 3172 1336 3231 eventu
1372 3167 1406 3230 in
1445 3169 1648 3252 antiquorum
1681 3151 1864 3253 praeconiis
1893 3172 1987 3231 vetus
2018 3165 2107 3230 fama

445 3265 623 3332 blanditur.
668 3266 754 3352 quod
777 3266 897 3332 adtrita
919 3270 1053 3355 pulvere
1077 3269 1230 3351 canities,
1262 3269 1348 3355 quod
1370 3271 1439 3334 vita
1462 3271 1522 3335 sub
1554 3270 1644 3335 fasce
1675 3277 1749 3334 acta
1771 3271 1828 3334 rix
1855 3270 1987 3348 meruit,
2019 3268 2106 3354 quod

445 3369 655 3454 grandaevus
679 3369 720 3435 de
743 3371 960 3457 inpetratione
982 3393 1160 3458 numquam
1183 3379 1292 3437 certus
1315 3374 1450 3459 optavit,
1474 3373 1535 3439 hoc
1556 3380 1736 3439 memorato
1753 3374 1885 3459 saepius
1901 3373 2106 3438 adulescenti

416 3473 520 3538 llmeo
544 3494 720 3561 supernum
742 3495 860 3539 munus
883 3475 1031 3560 ingessit.
1076 3474 1205 3541 additur
1228 3476 1314 3562 quod
1337 3477 1369 3541 in
1392 3477 1550 3563 principio
1575 3478 1662 3543 vitae
1694 3476 1874 3562 disciplinis
1902 3476 2031 3563 optimis
2054 3476 2103 3540 in-

446 3577 578 3641 stitutus
602 3577 732 3642 videtur
759 3577 916 3643 meruisse
945 3578 1030 3665 quod
1059 3578 1197 3665 adeptus
1221 3583 1288 3660 est,
1319 3599 1380 3643 nee
1405 3578 1560 3664 dignatur
1582 3584 1685 3644 totum
1707 3579 1740 3644 in
1763 3599 1799 3643 se
1820 3579 1971 3644 felicitati
1994 3578 2102 3658 tribui,

446 3681 480 3744 in
508 3701 570 3765 quo
598 3687 733 3766 possunt
761 3682 860 3747 etiarn
887 3681 957 3746 dari
988 3683 1083 3768 plura
1111 3683 1233 3748 virtuti.
1279 3690 1415 3748 naturae
1445 3682 1570 3747 indices
1598 3683 1704 3747 scolas
1733 3688 1766 3747 et
1792 3682 1975 3746 litteramm
1999 3680 2106 3756 studia

448 3790 658 3864 consecutus,
687 3788 844 3869 pateruae
872 3785 1080 3871 perfeetionis
1108 3787 1304 3868 aemulator,
1340 3787 1441 3851 telem
1472 3808 1508 3852 se
1539 3786 1699 3851 industria
1730 3806 1790 3851 sua
1820 3786 1923 3850 filium
1952 3784 2104 3865 reddidit,

396 3888 435 3948 10
448 3888 578 3972 qualem
602 3887 687 3952 alter
708 3887 765 3951 vix
787 3889 892 3972 potuit
916 3890 1069 3975 elegisse.
1108 3889 1264 3975 quidquid
1279 3887 1403 3971 Attica,
1427 3888 1584 3975 quidquid
1599 3890 1748 3954 Romana
1769 3890 1981 3975 praecipuum
2004 3888 2106 3953 habet

446 3990 559 4076 lingue
587 3991 753 4077 cognovit,
783 4012 897 4056 aurum
919 3992 1152 4060 Demosthenis
1176 3999 1209 4058 et
1237 3993 1359 4059 ferrum
1384 3993 1551 4059 Ciceronis
1580 3993 1752 4080 expendit,
1779 3999 1951 4079 utramque
1973 3993 2104 4058 dicendi

447 4095 565 4159 seriem
587 4093 723 4158 Latinus
753 4095 876 4160 relator
903 4096 1062 4183 implevit.
1106 4097 1339 4183 grammaticae
1368 4097 1591 4162 instructionis
1619 4097 1776 4182 repagula
1804 4103 1837 4161 et
1863 4097 1939 4161 illas
1972 4095 2103 4161 dicandi
2169 4146 2174 4158 .

446 4196 573 4280 legales
597 4198 766 4283 angustias
788 4219 847 4285 pro
877 4199 1028 4266 libertate
1058 4201 1238 4286 conplexus
1267 4206 1327 4267 est.
1371 4202 1544 4265 oratoriam
1571 4221 1725 4287 pompam
1752 4200 1909 4265 sectando
1936 4201 2104 4264 masculae

396 4302 428 4362 11
448 4299 598 4364 dictionis
618 4300 762 4365 brachiis
778 4301 926 4387 aequalis
948 4302 989 4366 ad
1005 4309 1171 4368 certamen
1192 4303 1316 4368 eduxit.
1354 4303 1412 4368 sed
1436 4325 1498 4390 quo
1521 4325 1573 4368 me
1596 4305 1704 4390 rapiat
1727 4325 1898 4390 processus
1920 4303 2105 4369 affectionis

447 4403 622 4467 terminum
638 4403 832 4486 refutantis,
845 4426 1000 4490 agnosco:
1024 4406 1146 4471 divisus
1162 4408 1327 4494 proposito
1344 4408 1510 4473 consulem
1526 4408 1689 4474 eruditum
1704 4409 1836 4493 ingenio
1853 4409 1948 4494 inpar
1963 4409 2104 4493 appello.

448 4506 562 4571 advos
585 4513 744 4590 revertor,
768 4530 841 4573 eum
865 4509 982 4595 quibus
1005 4510 1084 4575 mihi
1108 4533 1278 4576 commune
1301 4511 1467 4597 gaudium,
1491 4533 1550 4598 par
1573 4512 1784 4596 desiderium,
1808 4514 1954 4599 aequalis
1978 4513 2102 4598 suppli-

448 4610 534 4674 catio
558 4616 619 4674 est.
657 4629 788 4675 oremus
812 4610 919 4695 deum,
943 4614 1019 4699 quia
1041 4620 1119 4680 vota
1141 4623 1253 4681 nostra
1274 4616 1404 4681 modum
1426 4616 1580 4698 refutant,
1602 4623 1639 4681 ut
1654 4618 1724 4703 ipse
1740 4620 1840 4684 faciat
1860 4639 2005 4706 perenne
2029 4637 2103 4680 esse

549 4923 663 4977 2h0nus
675 4923 729 4990 VL,
747 4923 848 4977 onusB
899 4924 1054 4992 sepulcraV
1140 4923 1263 4976 3indulti
1272 4925 1351 4990 BCP,
1368 4927 1469 4995 indulgi
1481 4926 1560 4993 VLT,
1577 4929 1684 4980 adultib
1746 4929 1912 4982 fastosSirm.
2007 4927 2104 4982 badu-

446 5012 577 5064 liscensB
656 5011 856 5064 obliteratumB
977 5009 1146 5063 lstimmatie
1160 5011 1192 5075 B,
1210 5013 1323 5064 scematis
1340 5013 1415 5064 ceteri
1493 5016 1600 5067 attulisti
1617 5016 1641 5065 V
1758 5013 1938 5068 8ubiccsB
2015 5033 2103 5082 ampu-

445 5099 508 5150 taris
526 5099 593 5163 libri,
611 5097 708 5149 meod.
722 5097 801 5149 Sirm.
906 5095 1099 5150 9nobilitatem
1117 5097 1148 5160 (it
1160 5104 1237 5164 corr.)
1381 5099 1412 5150 ll
1432 5101 1490 5152 stilo
1499 5101 1544 5152 Ba
1647 5099 1680 5153 12
1699 5103 1783 5154 fabius
1799 5103 1846 5167 Va,
1865 5101 1984 5154 fauiusB
2053 5111 2104 5154 tor

445 5191 540 5250 qualus
556 5184 674 5236 camillus
685 5184 773 5236 decius
784 5183 855 5234 31
916 5184 1088 5251 superatusB
1183 5184 1543 5252 1320sum0ean11aralto,
1560 5188 1762 5253 atemoBVLT,
1780 5191 1875 5240 extimo
1889 5189 1941 5253 ,
1958 5189 2104 5240 existimet

446 5268 481 5321 14
498 5288 606 5323 auorum
624 5287 680 5338 erap.
700 5271 745 5322 lin.
764 5271 827 5322 add.
841 5269 885 5321 2
989 5268 1021 5322 lb
1039 5271 1163 5323 incederis
1177 5270 1203 5320 B
1307 5271 1340 5324 18
1358 5275 1482 5326 beneficio
1498 5273 1523 5324 V
1613 5273 1648 5325 23
1665 5272 1753 5341 limen]
1773 5275 1861 5326 lumen
1873 5275 1917 5326 Ba
1978 5274 2105 5327 felicesB

445 5354 502 5424 spe]
518 5358 563 5409 sed
578 5356 657 5409 Sira.
779 5354 814 5407 25
832 5357 1027 5423 prouectuumb
1146 5354 1179 5407 27
1201 5358 1288 5409 attrita
1307 5357 1332 5407 V
1449 5357 1641 5428 aceptabile
1726 5360 1874 5428 meinorato]
1899 5363 2029 5413 memorati
2050 5360 2104 5424 VJ,

445 5451 567 5494 memorat
585 5443 611 5494 B
714 5443 867 5494 aduliscsnti
883 5442 909 5493 B
1052 5441 1085 5493 31
1109 5444 1206 5494 indices
1228 5445 1294 5495 coni.
1317 5445 1404 5496 Sobott
1428 5444 1472 5512 (cs.
1498 5447 1549 5498 01
1554 5453 1579 5512 1,
1602 5448 1664 5514 ot),
1692 5449 1794 5500 indeces
1811 5448 1849 5514 B,
1876 5449 1903 5500 in
1928 5450 2006 5500 decus
2029 5451 2105 5499 ceteri

444 5526 536 5594 scolas]
554 5528 681 5580 colanB
793 5526 827 5578 32
845 5528 1023 5580 aemulaturB
1134 5527 1169 5580 33
1187 5530 1381 5596 quidquidBV,
1399 5533 1520 5599 quiequid
1537 5535 1584 5584 rel.
1600 5531 1659 5600 (tria)
1739 5535 1856 5587 atteeaB
1967 5533 2002 5586 34
2019 5536 2104 5587 demo

444 5615 523 5666 atonis
643 5623 779 5680 utramque
795 5613 863 5678 OPb,
884 5622 993 5682 utraque
1009 5615 1115 5665 BVLf
1232 5614 1267 5666 35
1285 5619 1404 5686 repngola
1565 5619 1599 5672 37
1618 5623 1710 5673 bractia
1836 5623 1956 5690 aequales
1975 5623 2063 5689 Miqne
2080 5631 2104 5676 et

445 5700 541 5753 Hartel
646 5698 679 5751 39
697 5697 862 5766 supplicatio]
880 5703 1019 5769 arrepioatio
1032 5701 1074 5751 B!
