4612 6442
939 406 962 458 Ι.
989 403 1036 458 DE
1056 402 1146 458 VITA
1165 401 1213 456 ΕΤ
1231 389 1392 456 serimus
1410 397 1559 454 annom.

518 585 522 592 ¹
566 585 567 588 ¹
623 581 659 640 s
731 575 822 631 codex
840 577 1039 632 ameliensis:
1181 593 1183 596 ·
1422 553 1990 630 ’606666666666661666
2037 597 2041 605 -

407 666 413 672 ’
506 689 537 752 p.
552 667 624 746 49,6
670 665 787 751 negotii
1075 699 1079 704 ss
1352 663 1469 748 negotii
1492 662 1672 727 intentionis
2038 657 2040 662 ’

604 771 644 835 31
668 769 810 834 inscitiae
1350 767 1531 832 inscientiae

551 876 622 952 50,2
667 873 834 959 myfitioam
857 877 908 955 (=
925 873 1136 960 rneplriticam)
1350 872 1514 956 mysticam
1546 877 1547 880 ’

601 981 621 1044 9
666 977 850 1043 abscondito
1351 973 1527 1040 absconditi

605 1084 645 1147 10
667 1079 726 1145 (166
1189 1157 1194 1164 μ
1353 1078 1481 1144 domino

604 1187 644 1250 14
667 1183 821 1249 dictorum
1352 1181 1513 1246 doctomm

593 1290 642 1354 Ι17
665 1289 796 1375 appellit
818 1292 870 1372 (='
885 1289 1031 1375 appellet)
1352 1285 1475 1372 repellit
1496 1285 1626 1373 appellit

602 1393 643 1457 27
667 1391 848 1476 fatigatione
943 1377 945 1382 ¹
1135 1453 1136 1458 ,
1353 1388 1586 1476 fatigationibus
1674 1413 1680 1420 ·

551 1497 644 1574 51,10
667 1517 747 1581 nego
1354 1493 1459 1557 nescio

606 1600 645 1666 18
668 1598 817 1664 sodomae
1353 1597 1484 1662 sodoma

551 1705 623 1784 54,9
667 1705 845 1768 testimonio
1355 1702 1386 1766 in
1409 1703 1587 1767 testimonio

552 1809 623 1886 55,4
668 1807 819 1873 adversus
1352 1805 1394 1871 ad

606 1914 645 1978 14
667 1911 722 1976 illa
744 1920 848 1976 vestra
870 1911 1017 1996 eligantia
1039 1910 1232 1997 pertrahetur
1355 1909 1441 1974 illam
1465 1919 1599 1976 vestram
1621 1911 1806 1996 elegantiam
1829 1910 2007 1996 pertrahitis

604 2019 646 2082 33
669 2038 757 2102 spem
1357 2035 1414 2078 om.

604 2122 645 2186 38
669 2119 855 2184 districtioni
1356 2117 1581 2182 districtionem

483 2263 484 2266 ¹
551 2226 623 2302 57,8
668 2223 837 2288 humanum
862 2246 897 2286 os
1356 2243 1482 2286 manum
1505 2244 1540 2285 os

607 2330 647 2392 10
1353 2325 1468 2411 quibus
1492 2321 1738 2406 interpolatam

552 2433 646 2510 58,35
669 2439 817 2496 accusato
1356 2437 1519 2495 accusator

456 2601 458 2604 ,
552 2537 646 2613 salt
1355 2532 1518 2598 desideriis
1540 2532 1762 2614 immutatum

605 2643 646 2706 26
1353 2645 1401 2702 est
1422 2636 1645 2718 trepontum

556 2745 624 2818 61,1
672 2743 803 2826 gloriam
834 2764 896 2805 non
923 2742 1065 2827 requirit,
1100 2739 1141 2806 ad
1168 2739 1292 2806 laudem
1358 2741 1488 2826 gloriam
1512 2741 1698 2805 venerabilis

706 2869 796 2912 suam
824 2846 973 2926 iniuriam
996 2844 1094 2910 credit
1120 2844 1294 2931 essequod
1360 2866 1418 2910 om.
1442 2852 1543 2909 cetera
1835 2905 1838 2914 Δ

704 2950 851 3036 iungitur.
878 2950 1022 3036 respicite
1034 2950 1122 3035 quasi
1141 2949 1293 3036 libraque
1359 2950 1433 3034 (cod.
1449 2950 1484 3016 V
1508 2951 1600 3014 addit
1620 2956 1728 3014 aotam
1751 2948 1793 3016 lid
1802 2952 1819 3032 1)

704 3052 938 3140 dispensatione
961 3053 1147 3120 venerabilis

606 3163 625 3226 5
670 3156 828 3222 sufficiant
1358 3157 1517 3222 sufficirmt

545 3265 647 3340 Ι«6227
672 3261 801 3327 obruere
1357 3262 1504 3326 suburere

606 3368 646 3430 38
670 3387 726 3430 nec
748 3364 824 3430 dum
1358 3366 1473 3430 nedum

553 3471 623 3548 63,1
670 3469 812 3533 onerabit
833 3473 884 3550 (τ-
902 3470 1053 3546 oneratit)
1356 3469 1505 3535 onerabat

609 3575 647 3638 17
671 3572 836 3659 parientis
1356 3574 1495 3661 pratentis

607 3678 648 3741 27
672 3675 806 3762 accipiat
1357 3678 1471 3764 accipit

607 3784 648 3847 28
670 3779 773 3845 ledere
795 3783 845 3863 (=
864 3779 995 3862 laedere)
1357 3779 1462 3845 ludere

554 3887 627 3964 64,6
671 3884 823 3950 diuisione
843 3888 896 3966 (=
913 3884 1080 3968 decisione)
1359 3883 1543 3949 discissione

608 3993 649 4055 20
671 3989 838 4056 involvunt
859 3989 970 4055 nebule
1358 3977 1493 4054 involvit
1515 3987 1627 4052 nebula

607 4096 646 4158 21
671 4092 885 4179 praedicantes
908 4094 986 4156 lucis
1009 4101 1166 4157 auctorem
1358 4089 1534 4178 praedicate
1556 4091 1634 4156 lucis
1658 4101 1797 4156 auctores

606 4201 648 4262 22
671 4197 725 4282 qui
1359 4197 1433 4282 qnia

608 4304 649 4368 26
673 4323 864 4387 conquaeror
1359 4323 1472 4387 queror

608 4407 650 4470 33
674 4404 804 4490 sepelire
1360 4404 1484 4490 sepeliri

555 4511 648 4588 6525
671 4508 725 4595 qui
742 4547 784 4557 —-
799 4508 843 4572 eis
1361 4530 1441 4594 quae
1456 4548 1497 4556 —
1513 4531 1566 4572 eos

555 4615 649 4692 6612
672 4635 691 4676 6
713 4623 824 4700 coepto
1360 4622 1470 4700 coepto

608 4719 649 4783 29
1359 4739 1422 4781 666
1444 4715 1668 4797 iuterpobrtum

556 4824 650 4900 6215
673 4821 787 4886 habeat
1358 4820 1453 4885 habet

426 4941 499 5008 Hac
520 4943 691 5008 lectionum
706 4941 916 5029 discrepantia
931 4940 1023 5008 credo
1044 4943 1120 5007 satis
1139 4963 1292 5028 superque
1307 4940 1555 5006 demonstratum
1577 4950 1625 5006 est
1645 4939 1804 5007 Isidomm
1819 4965 1882 5006 non
1905 4964 1943 5007 cx
1960 4951 2085 5008 vetusto
2185 5001 2187 5003 ,

427 5047 596 5134 archetypo
619 5070 677 5112 sua
698 5046 854 5126 hausisse,
882 5045 938 5111 sed
960 5069 998 5110 ex
1022 5054 1168 5132 corrupto
1190 5045 1360 5132 exemplari
1388 5067 1458 5110 cum
1487 5044 1638 5109 deteriore
1659 5044 1920 5111 Ennodianornm
1941 5045 2085 5110 codicum

426 5151 545 5216 familia
567 5151 724 5217 artissime
742 5151 909 5215 coniuncto
931 5148 1073 5238 pendere.
1089 5189 1130 5198 -—
1146 5149 1224 5215 Illae
1246 5172 1322 5215 vero
1343 5149 1419 5214 ΙΙΠ
1434 5159 1466 5214 61
1481 5149 1516 5216 V
1532 5148 1654 5235 synodi,
1676 5173 1754 5236 quas
1777 5158 1929 5216 memorat
1942 5148 2085 5214 Isidorus

426 5265 457 5319 et
479 5253 572 5321 hodie
594 5278 718 5342 qnoque
739 5256 867 5342 plurimi
883 5255 1102 5320 discernendas
1125 5277 1193 5320 esse
1214 5263 1327 5342 putant
1346 5255 1473 5320 alteram
1496 5277 1578 5320 anno
1597 5240 1667 5322 502'
1676 5254 1804 5319 alteram
1820 5257 1883 5322 503
1906 5253 2086 5331 tribuentes,

426 5380 489 5423 non
512 5357 576 5424 duo
599 5359 731 5424 concilia
752 5367 848 5438 amnt,
871 5358 927 5423 sed
949 5359 1089 5424 eiusdem
1111 5360 1233 5424 concilii
1256 5369 1428 5425 conventus
1451 5361 1500 5426 vel
1529 5359 1727 5424 collectiones
1751 5358 1798 5422 vel
1823 5359 2086 5444 congregationes

426 5485 505 5548 quae
527 5463 683 5528 vocabula
704 5464 737 5528 in
760 5465 838 5530 actis
862 5462 975 5551 synodi
996 5465 1073 5551 ipsis
1097 5464 1273 5550 promiscue
1295 5463 1491 5544 adhibentur,
1511 5465 1531 5529 i.
1547 5487 1572 5529 6.
1588 5465 1742 5530 sessiones
1764 5462 1823 5542 vel,
1847 5473 1880 5527 ut
1901 5464 1933 5527 in
1953 5464 2085 5527 concilio

426 5565 675 5634 Chalcedonensi
697 5569 905 5652 nominantur,
927 5571 1073 5636 actiones.
1118 5592 1190 5634 narn
1213 5570 1241 5634 si
1263 5593 1343 5657 quae
1365 5570 1442 5635 actis
1465 5569 1657 5656 synodorum
1679 5579 1711 5635 et
1731 5567 1876 5658 epistulis
1899 5567 2084 5632 [llreoderici

426 5669 527 5756 (Thiel
549 5672 639 5762 epist
661 5674 770 5762 pontif.
793 5698 823 5763 p.
839 5677 1021 5758 657-695)
1044 5695 1185 5764 quaeque
1207 5673 1247 5740 ab
1270 5683 1394 5740 auctore
1413 5673 1592 5740 Veronensi
1615 5683 1647 5739 et
1673 5675 1752 5740 libro
1774 5671 1946 5762 pontificali
1968 5671 2085 5737 tradita
