4612 6442
894 405 947 464 ru
966 405 1088 480 (arran.
1106 409 1130 475 1,
1148 410 1186 479 4).

875 685 948 753 vn
971 686 1080 774 (errsr.
1106 691 1134 764 ι,
1158 687 1204 774 ιι).

806 880 995 956 FAVSTO
1022 881 1271 958 ENNODIVS.

321 1001 552 1113 Anaguostici
582 1024 679 1090 iidem
708 1030 840 1089 secutus
864 1031 897 1090 et
925 1023 1046 1089 suadac
1080 1025 1236 1090 orationis
1263 1047 1379 1111 sapore
1406 1031 1603 1112 provocatus
1624 1047 1730 1112 paene
1753 1027 1896 1104 vitium1

216 1153 288 1197 csse
312 1130 435 1197 credidi
462 1152 532 1195 rem
556 1130 685 1194 virtutis
708 1133 759 1208 ct,
791 1126 868 1192 dum
895 1128 969 1213 plus
993 1148 1179 1212 sermonum
1201 1127 1389 1194 diademata
1413 1129 1509 1194 credo
1534 1131 1644 1195 valere
1669 1150 1766 1215 quam
1790 1151 1867 1194 con·

216 1237 394 1316 scientiam,
418 1237 547 1320 culpam
570 1255 666 1319 quam
688 1253 780 1296 mens
804 1252 869 1296 non
892 1231 1123 1316 agnoscebat
1114 1232 1244 1299 mourri.
1281 1253 1348 1297 non
1371 1233 1417 1297 sic
1440 1234 1546 1298 cervis
1570 1234 1665 1298 sibilo
1689 1233 1867 1298 artificibus

147 1387 153 1400 .
215 1340 339 1405 insidiis
355 1339 495 1404 blandus
512 1343 609 1402 venat
611 1358 648 1401 or
596 1336 791 1416 tinludit,
815 1356 879 1400 nen
895 1336 941 1400 ita
963 1335 1135 1421 pinnarum
1157 1337 1295 1401 mentita
1315 1337 1521 1402 formidinem
1544 1336 1759 1403 discoloribus
1782 1339 1866 1404 fuera
1880 1347 2010 1450 διιιιιιι

213 1445 298 1508 ultro
322 1441 509 1528 expetenda
531 1448 581 1506 ret
583 1441 615 1506 ia
637 1461 753 1505 manus
780 1440 939 1524 magistra
967 1440 1136 1524 conponit,
1164 1438 1436 1524 quemadmodum
1463 1461 1516 1505 ma
1540 1447 1668 1527 captum
1691 1447 1725 1507 et
1749 1447 1867 1528 sponte

213 1546 362 1632 capistria
391 1566 448 1610 ora
476 1545 699 1631 porrigentem
725 1548 851 1628 magnit
827 1541 960 1607 'tudinis
988 1549 1060 1606 vast
1062 1563 1118 1607 rae
1146 1548 1284 1608 tenuere
1314 1564 1491 1609 sennocae.
1537 1545 1701 1610 commissi
1733 1546 1901 1620 nescius2

213 1649 339 1715 robis
330 1655 513 1734 inpugnant
500 1648 587 1712 tibus
611 1647 666 1712 diu
689 1653 796 1712 utrum
821 1667 927 1711 essem
948 1646 1104 1710 innocens
1127 1646 1291 1731 inquisivi.
1336 1646 1424 1712 aliud
1454 1653 1528 1712 sent
1515 1647 1638 1712 tiebam
1660 1647 1701 1713 da
1725 1649 1869 1735 epistula
1882 1657 1966 1754 susp„
1960 1668 2011 1712 ..op

213 1759 332 1832 restra,
357 1751 444 1818 aliud
467 1751 508 1816 dc
530 1751 697 1838 proposito
720 1770 805 1814 mec.
844 1749 916 1834 quis
940 1769 1020 1834 rogo
1043 1749 1106 1814 fuit
1129 1749 1281 1836 patrandi
1298 1750 1432 1816 sceleris
1448 1757 1515 1814 tam
1531 1771 1571 1816 vc
1574 1757 1682 1816 tustus
1698 1752 1868 1835 admissor,

214 1857 269 1942 qui
291 1857 520 1943 purgationem
543 1853 706 1935 crederet,
737 1853 764 1918 si
786 1854 893 1918 alieno
916 1874 952 1918 se
975 1853 1135 1918 fateretur
1161 1860 1337 1940 praecepto
1366 1875 1424 1918 auo
1453 1853 1594 1920 militare
1624 1855 1763 1941 flagitio,
1797 1877 1870 1920 cum

213 1981 309 2024 nemo
331 1959 372 2025 de
396 1981 431 2024 sc
462 1959 610 2024 confesso
639 1958 726 2023 iuste
758 1956 892 2020 credere
914 1956 1019 2042 possit
1042 1957 1164 2023 crimen
1187 1957 1352 2022 alienum?
1399 1957 1458 2022 sed
1480 1957 1578 2022 credo
1600 1959 1678 2024 iuris
1702 1965 1736 2024 et
1757 1959 1869 2046 legum

213 2070 383 2149 expertem
404 2063 506 2128 fuisse
528 2083 703 2148 personam
726 2066 760 2126 ct
776 2060 845 2124 sola
862 2059 1042 2124 calliditate
1059 2061 1271 2145 conpositam,
1296 2061 1349 2124 cui
1365 2061 1466 2126 etiam
1480 2062 1629 2127 imitandi
1645 2063 1679 2127 in
1694 2063 1871 2150 scriptione

213 2168 322 2232 aliena
343 2166 520 2252 imaginem
542 2166 691 2231 veritatis
714 2150 802 2229 usus
815 2162 988 2247 indulgeat
1012 2168 1045 2226 et
1067 2163 1277 2248 proprietatis
1300 2164 1508 2230 simulacrum
1531 2166 1695 2231 lenocinia
1716 2166 1871 2252 pudenda

215 2270 397 2334 concilient.
442 2271 515 2334 nolo
539 2271 729 2354 cuiusquam
752 2287 871 2331 nomen
893 2267 1059 2331 incessere
1083 2287 1143 2330 nec
1168 2275 1280 2334 contra
1303 2270 1534 2334 conscientiam
1556 2271 1740 2335 accusantis
1762 2270 1870 2336 subire
1884 2282 1916 2346 3,

1889 1951 1942 1994 lsid.
1957 1950 2010 1993 Iulii

1897 2015 1931 2058 ep.
1947 2002 2003 2056 512.

148 2395 159 2432 a
213 2395 397 2460 personam.
436 2373 558 2438 suflicit
574 2373 730 2459 pudorem
752 2392 862 2436 meum
884 2372 919 2435 in
942 2371 1082 2436 statione
1107 2372 1274 2436 constitui:
1298 2373 1378 2437 alios
1400 2374 1525 2438 iactent
1547 2373 1674 2438 incerta
1691 2380 1873 2440 ventorum.

129 3945 157 3984 ³0

213 2498 274 2562 ego
297 2483 422 2558 tamen,
446 2477 509 2541 etsi
532 2477 684 2562 inperare
707 2475 788 2540 talia
812 2475 994 2539 calcaribus
1018 2481 1147 2538 amatae
1170 2475 1322 2540 lectionis
1345 2475 1513 2562 adigerer,
1536 2476 1797 2562 patriarcharum
1819 2499 1871 2542 me

210 2581 393 2646 imitatione
416 2579 639 2646 defenderem.
684 2578 770 2642 furto
792 2577 891 2642 Iacob
920 2577 1128 2663 primogeniti
1156 2578 1266 2642 fratria
1290 2579 1367 2644 vicit
1396 2584 1557 2658 aetatem,
1590 2580 1683 2644 cuius
1714 2580 1874 2645 beneficio

212 2685 430 2770 principatum
457 2682 611 2762 obtinuit,
644 2704 740 2768 quem
766 2688 885 2746 natura
916 2703 980 2746 non
1012 2680 1158 2747 dederat.
1209 2680 1318 2746 David
1347 2681 1424 2747 dum
1450 2682 1606 2750 lustraret
1637 2682 1734 2748 deria
1765 2682 1904 2758 studi04

211 2789 309 2873 fugac
334 2793 367 2852 et
390 2793 531 2871 augusta
554 2793 729 2867 terrarum,
752 2785 980 2871 propositionis
1003 2783 1143 2871 panibus
1160 2784 1288 2850 'famem
1312 2784 1438 2871 depulit
1462 2791 1495 2849 et
1519 2792 1631 2850 contra
1653 2785 1736 2870 legia
1759 2785 1871 2861 vetita,

213 2911 297 2976 quae
320 2890 461 2955 minores
484 2889 584 2954 habet
606 2890 751 2968 aculeos,
776 2888 916 2954 esuriem
941 2889 1084 2974 corporis
1108 2887 1278 2973 effugarit.
1316 2909 1377 2973 ego
1393 2887 1546 2970 inediam,
1570 2911 1667 2975 quam
1688 2889 1730 2954 da
1753 2888 1871 2954 divinis

211 2995 304 3059 libris
333 2995 440 3060 anima
469 2995 617 3080 inpastus
648 3013 877 3078 conceperam,
912 2991 1134 3058 marcentibus
1162 2991 1219 3057 diu
1247 2991 1346 3057 debui
1372 2993 1512 3058 tolerare
1540 2993 1738 3072 visceribus,
1769 2993 1873 3058 donec

212 3105 370 3186 concepta
392 3100 462 3164 lues
485 3099 525 3164 ad
549 3098 662 3163 vitalia
690 3103 820 3164 secreta
841 3103 1067 3183 percurreret?
1112 3095 1234 3161 Daniel
1262 3095 1424 3183 propbeta
1452 3095 1562 3161 divina
1589 3095 1742 3182 dogmata
1773 3098 1872 3183 regiis

212 3202 369 3267 subduxit
382 3202 619 3289 penetralibus,
643 3221 727 3286 quae
743 3200 785 3264 ad
801 3201 1050 3266 instructionem
1066 3222 1159 3265 suam
1174 3199 1312 3286 pudicus
1329 3204 1363 3265 et
1376 3199 1553 3264 imitandus
1576 3205 1687 3285 raptor
1709 3200 1868 3268 adiunxit.

211 3306 289 3392 quid
312 3308 402 3370 iuvat
424 3307 472 3371 ire
494 3327 555 3393 per
576 3304 715 3390 singula,
740 3325 812 3369 cum
836 3304 878 3370 ad
901 3305 1066 3370 munimen
1088 3305 1289 3390 inpugnatae
1313 3325 1378 3368 una
1395 3303 1534 3368 sufficiat
1550 3303 1591 3368 de
1609 3304 1901 3377 commemoratis5

212 3431 353 3496 persona
383 3409 618 3490 conscientiae,
649 3429 733 3493 quac
761 3413 872 3472 tamen
895 3407 1114 3473 verecundiae
1138 3428 1218 3472 suec
1242 3412 1276 3472 et
1297 3407 1439 3472 naturali
1461 3411 1498 3470 ut
1520 3406 1567 3471 ita
1589 3406 1729 3472 dixerim
1751 3407 1870 3472 debili-

210 3514 271 3578 tati
295 3519 371 3578 ante
394 3513 583 3580 necessaria
606 3511 763 3599 petitione
785 3512 978 3596 prospexit?
1018 3533 1094 3575 nam
1110 3518 1143 3575 et
1159 3511 1186 3576 si
1203 3532 1274 3575 sum
1290 3516 1365 3597 post
1387 3510 1607 3596 negationem,
1630 3511 1686 3595 qui
1710 3532 1763 3575 ma
1780 3531 1871 3575 reum

210 3618 362 3697 fecerim,
401 3618 584 3683 aestimate.
635 3615 802 3680 doctorem
830 3614 990 3701 Libycum
1026 3615 1178 3680 adseritis
1217 3615 1346 3679 sublata
1374 3635 1394 3678 a
1422 3634 1458 3678 se
1490 3614 1553 3700 piri
1589 3635 1686 3700 poma
1723 3615 1867 3680 flevisse
1879 3619 2026 3726 fictogcsegfip

209 3721 327 3786 merito
294 3720 509 3786 tolamentis
543 3718 742 3804 expiandum
773 3725 839 3798 est,
875 3719 962 3803 quod
996 3739 1069 3782 cum
1098 3717 1231 3805 pudoris
1260 3716 1431 3805 dispendio
1457 3723 1535 3782 rent
1537 3739 1573 3782 er
1599 3716 1751 3802 adquirit.
1727 3717 1872 3781 trilia
2020 3703 2026 3717 ’

209 3825 331 3888 fuerint
353 3824 436 3890 forte
460 3843 545 3909 quae
568 3823 699 3887 sustulit
721 3827 778 3886 aut
800 3821 1013 3907 neglegentia
1041 3827 1097 3886 cut
1124 3842 1187 3885 usu
1218 3827 1274 3886 aut
1301 3825 1499 3907 tempestate
1526 3821 1689 3907 peritura,
1720 3821 1871 3884 nonfuit

211 3928 310 4013 culpa
324 3948 447 3992 vacuus
470 3933 581 3992 tamen
604 3927 697 3991 iuxta
720 3925 903 4012 apostolum
920 3930 1044 4011 raptor:
1069 3945 1201 3990 carnem
1218 3945 1314 4012 quam
1331 3925 1471 3988 animam
1487 3924 1562 4009 plus
1579 3924 1709 3989 amavit.
1749 3923 1869 3988 'lobias
1884 3935 1902 3996 7

208 4031 370 4116 propbeta
392 4028 577 4095 huiusmodi
601 4028 865 4094 commissoribus
888 4029 1027 4092 occurrit
1049 4034 1083 4094 et
1110 4027 1222 4093 divina
1244 4049 1323 4092 voce
1350 4033 1495 4093 testatur
1523 4026 1649 4093 dicens:
1686 4030 1761 4093 ‘non
1792 4028 1932 4094 licetron
1947 4056 1967 4104 ι,
1981 4056 2015 4097 ιι.

209 4134 303 4200 nobis
318 4135 441 4221 aliquid
456 4134 654 4199 manducare
671 4130 848 4198 furtivum?
887 4153 960 4197 cum
976 4131 1118 4197 dixisset
1140 4131 1349 4209 manducare,
1374 4151 1437 4194 non
1460 4130 1559 4195 dixit:
1583 4152 1649 4196 non
1671 4131 1750 4196 lieet
1771 4131 1865 4196 nobis

210 4238 333 4323 aliquid
356 4239 506 4303 lectitare
528 4237 693 4302 furtivum.
731 4237 863 4316 lusiam,
886 4243 922 4301 ut
945 4243 1056 4302 narrat
1079 4237 1225 4318 historia,
1249 4236 1407 4322 subrepta
1430 4256 1572 4321 papyrus
1596 4237 1761 4302 instruxit.
1808 4256 1869 4320 ego

209 4341 382 4407 homuncio
404 4341 465 4406 hoc
488 4362 553 4406 non
585 4341 744 4422 facerem,
779 4362 876 4427 quem
901 4361 960 4404 res
993 4346 1106 4406 contra
1133 4341 1256 4426 ingenii
1285 4340 1371 4404 vires
1400 4337 1441 4403 ad
1470 4339 1642 4403 scientiam
1669 4339 1868 4425 diligendam
1889 4326 2007 4424 ffli„

211 4446 385 4510 verborum
410 4445 549 4511 stimulis
565 4444 694 4510 foditis?
733 4443 792 4508 sed
814 4451 962 4510 revertor
985 4444 1148 4510 advirum
1171 4445 1338 4530 optimum,
1361 4443 1512 4531 praefati,
1535 4449 1692 4528 quantum
1716 4444 1902 4526 scribitis,8

212 4549 346 4614 sceleris
377 4548 603 4630 admissorem,
635 4548 690 4632 qui
720 4547 753 4611 in
781 4552 920 4634 utraque
948 4554 1042 4633 parte
1074 4547 1173 4613 fidem
1195 4549 1322 4613 violans
1350 4569 1411 4612 nec
1435 4567 1491 4624 ros
1523 4548 1701 4612 securitate
1732 4569 1793 4614 nec
1819 4569 1873 4612 me

211 4652 301 4734 facti,
323 4653 351 4716 si
374 4653 501 4739 scripsi,
524 4652 729 4738 perfectione
754 4652 895 4718 donavit.
942 4655 1110 4739 contingat
1132 4654 1228 4736 mibi,
1253 4656 1344 4720 salva
1366 4653 1591 4738 magnitudine
1614 4659 1739 4736 vestra,
1765 4673 1873 4716 coram

212 4756 318 4840 posito
340 4755 520 4821 secundum
542 4754 697 4820 mandata
720 4755 773 4822 dei
797 4757 880 4820 tanti
903 4757 976 4838 riri,
999 4763 1095 4844 prout
1118 4757 1219 4824 babet
1242 4759 1369 4823 animus
1392 4778 1497 4838 meus,
1522 4761 1618 4842 terga
1640 4758 1798 4822 mulcere.

315 5049 382 5118 [Vll]
418 5050 584 5106 lEnnodius
602 5051 726 5104 Faustcb
830 5051 1018 5120 2anagnistiai
1036 5054 1142 5120 cortices,
1160 5052 1349 5106 entendSr'rm.
1421 5053 1500 5105 suade
1516 5051 1547 5116 Β,
1564 5068 1661 5103 suanae
1677 5051 1731 5115 VL,
1748 5052 1824 5104 suani
1837 5052 1872 5102 Ob

212 5136 301 5192 :icccc
318 5139 415 5191 credidi
432 5157 486 5192 rem
498 5139 532 5204 B,
550 5157 605 5192 asae
617 5139 767 5192 crediderim
784 5140 862 5205 VLT,
879 5141 1030 5193 crediderim
1048 5137 1183 5205 essaOPb,
1200 5141 1297 5192 credidi
1307 5157 1361 5190 rem
1374 5157 1429 5192 esse
1443 5139 1521 5191 sian.
1626 5135 1795 5190 bformidine
1811 5136 1872 5190 cPc
1930 5132 1938 5144 “

212 5223 336 5278 timenus
353 5244 402 5277 orn.
420 5227 446 5277 Β
522 5234 648 5294 conponat
664 5225 690 5276 Β
804 5225 913 5280 8uobis
936 5245 985 5278 ont.
1004 5228 1030 5278 B
1152 5226 1169 5279 9
1190 5229 1326 5295 patrandae
1349 5228 1439 5278 celeris
1456 5226 1499 5276 Βι
1594 5223 1722 5292 vetustus]
1746 5233 1873 5277 venustus

213 5311 299 5376 Sirra,
316 5321 438 5365 versutus
448 5314 516 5379 fort.
627 5311 815 5365 restrictione
833 5314 859 5364 B
971 5311 1004 5364 13
1022 5331 1086 5365 usus
1097 5312 1131 5377 B,
1149 5331 1197 5364 ona
1211 5313 1286 5364 ceteri
1329 5327 1332 5332 ·
1355 5311 1514 5364 linociniaB
1618 5309 1652 5362 16
1669 5321 1781 5364 arruatac
1794 5311 1872 5364 Siras.

212 5398 379 5466 ιιιιίςίιιιιΒα
483 5397 518 5450 20
533 5400 652 5450 cnediam
665 5399 691 5450 Β
795 5399 829 5452 22
847 5400 1039 5470 danibellfVL
1137 5397 1352 5466 23padicus131
1449 5395 1485 5449 24
1502 5395 1714 5464 commemoratis]
1733 5401 1873 5452 numeratis

213 5483 291 5538 Sirra,
400 5483 434 5536 27
452 5487 500 5554 piri
518 5484 603 5554 pornu]
623 5488 750 5554 peripoma
763 5489 869 5551 codices,
886 5488 984 5539 eumad.
998 5488 1087 5550 sim,
1105 5503 1184 5554 puero
1204 5503 1277 5553 poma
1290 5485 1379 5538 Sabell
1491 5481 1526 5534 30
1543 5485 1640 5536 amabit
1651 5483 1757 5548 codices,
1775 5484 1873 5536 mend.

213 5571 290 5622 Siren.
412 5571 444 5622 31
470 5574 719 5624 commessoribuaB
840 5572 874 5626 34
892 5575 1011 5626 bomuoio
1027 5573 1105 5624 BVL
1225 5570 1260 5622 35
1284 5573 1368 5624 foditis
1387 5571 1481 5634 Sirra,
1507 5572 1599 5622 sedetis
1615 5571 1656 5635 Β,
1682 5572 1775 5622 fouetia
1799 5571 1874 5622 cetere¹

211 5655 244 5708 313
261 5659 431 5710 &nicanorem
444 5659 468 5708 Β
571 5657 605 5710 37
625 5661 697 5711 luctis
715 5663 737 5712 si
755 5663 845 5712 scribsi
863 5661 888 5710 Β
992 5658 1027 5712 38
1046 5661 1155 5711 multura
1175 5655 1234 5708 OPb

1631 5800 1670 5856 2*
