4538 6436
437 375 495 436 106
1105 369 1205 424 LXXX
1224 369 1358 438 (OPUSC.
1376 372 1413 437 3).

361 545 422 606 172
435 541 612 609 identidem
634 566 693 630 per
716 544 862 630 singulas
886 543 984 608 urbes
1008 542 1193 630 Sapaudiae
1217 543 1269 608 vel
1293 543 1430 608 aliarum
1455 544 1692 630 provinciarum
1716 543 1838 608 factum
1862 540 2083 606 indubitanter
2096 571 2117 612 p.
2131 561 2170 602 ros

432 647 635 730 agnovimus,
659 648 705 713 ita
727 653 764 712 ut
786 648 933 724 istorum,
957 667 1039 730 quos
1063 647 1153 711 solae
1177 667 1292 733 preces
1315 646 1495 712 beatissimi
1519 648 1579 712 viri
1604 647 1794 728 liberarunt,
1818 648 1891 732 plus
1911 666 2007 730 quarn
2024 666 2084 709 serr

432 749 522 814 milia
557 751 738 816 animarum
771 751 867 816 terris
899 751 1012 836 patriis
1048 750 1272 816 redderentur.
1320 769 1433 816 eorum
1468 772 1561 830 vero,
1600 751 1655 836 qui
1692 750 1852 836 redempti
1890 770 1968 814 auro
2000 755 2085 830 sunt,

431 873 602 918 numerum
626 854 668 919 ad
692 854 850 941 liquidum
875 855 1066 939 cognovisse
1091 875 1156 919 non
1179 855 1281 940 potui,
1305 854 1382 938 quia
1403 853 1489 919 inter
1512 875 1568 919 eos
1593 854 1692 920 etiam
1715 854 1835 918 multos
1855 853 1934 938 fuga
1954 852 2082 937 eripuit.

432 956 478 1020 sic
501 956 622 1022 factum
647 965 707 1037 est,
731 966 767 1023 ut
790 965 868 1024 tunc
891 958 933 1023 ad
955 959 1185 1024 liberationem
1208 957 1351 1022 omnium
1376 959 1624 1042 subiugatorum
1648 958 1838 1024 transeundi
1857 958 1986 1022 occasio
2008 977 2083 1021 eon·
2149 983 2159 1014 s

361 1060 420 1121 173
435 1082 529 1126 cessa
553 1062 728 1128 sufficeret.
774 1071 947 1150 postquam
976 1071 1086 1128 tamen
1117 1063 1330 1147 pecuniarum
1359 1063 1414 1127 ille
1444 1063 1593 1126 cumulus
1623 1063 1747 1127 effusus
1774 1068 1836 1140 est,
1869 1061 2021 1125 continuo
2044 1059 2085 1124 ad

433 1185 596 1249 expensas
628 1166 863 1253 redemptionis
896 1167 1061 1252 suggessit
1095 1165 1281 1230 necessaria
1316 1166 1389 1244 illa,
1424 1186 1507 1250 quae
1542 1166 1588 1231 ibi
1624 1173 1675 1231 est
1706 1165 1879 1230 thesaurus
1913 1163 2084 1232 ecclesiae,

434 1266 582 1352 Syagrio,
617 1270 710 1334 euius
745 1271 905 1355 prolixam
939 1269 1067 1354 quaerit
1101 1269 1168 1333 vita
1204 1269 1440 1344 narrationem,
1486 1268 1607 1333 suffieit
1642 1276 1751 1335 tamen
1785 1276 1822 1333 ut
1856 1290 1898 1332 ex
1932 1266 2085 1352 operibus

431 1379 628 1454 agnoscatur
650 1395 733 1458 quae
757 1375 857 1440 verba
881 1372 1125 1439 transcendunt.
1160 1371 1251 1437 dedit
1274 1373 1371 1437 etiam
1395 1374 1698 1459 praestantissimus
1725 1373 1811 1439 inter
1833 1371 1946 1437 Gallos
1967 1370 2085 1434 Avitus

431 1473 629 1540 Viennensis
653 1478 836 1562 episcopus,
868 1479 899 1542 in
931 1499 995 1562 quo
1025 1499 1061 1542 se
1089 1476 1208 1563 peritia
1237 1478 1328 1542 velut
1358 1478 1390 1540 in
1419 1476 1599 1542 diversorio
1633 1477 1761 1541 lucidae
1797 1476 1911 1540 domus
1943 1472 2082 1538 inclusit.
2137 1500 2159 1536 ro

361 1579 419 1640 174
432 1577 509 1660 quid
532 1580 680 1664 pluribus
691 1588 704 1644 ‘l
737 1603 815 1645 auro
839 1582 966 1645 illorum
991 1602 1032 1644 ex
1057 1581 1200 1644 maxima
1226 1586 1319 1666 parte
1348 1587 1457 1644 aetum
1487 1587 1546 1660 est,
1577 1600 1618 1646 ne
1649 1579 1752 1644 Gallis
1778 1579 1901 1644 diutius
1930 1578 2084 1642 servitum

432 1682 537 1767 pubes
560 1683 717 1768 Ligurum
741 1684 925 1750 duceretur.
971 1704 1031 1748 nec
1061 1685 1092 1747 in
1122 1705 1187 1747 uno
1217 1684 1290 1749 loco
1321 1705 1466 1748 summus
1491 1684 1540 1748 vir
1563 1683 1595 1748 in
1619 1684 1676 1747 illa
1699 1706 1734 1749 se
1759 1682 1893 1768 regione
1917 1681 2085 1746 continuit.

432 1807 473 1850 ne
503 1787 639 1852 forsitan
672 1789 705 1852 in
742 1789 918 1874 longinquo
954 1787 1114 1872 degentes
1150 1787 1356 1852 dominorum
1386 1787 1503 1852 feritas
1531 1787 1703 1874 inpediret.
1748 1788 1808 1851 fuit
1835 1785 2002 1864 Genavae,
2030 1784 2085 1848 ubi

433 1887 643 1974 Godigiselus
659 1912 835 1975 germanus
850 1892 938 1977 regis
951 1892 1053 1956 larem
1072 1898 1243 1971 statuerat,
1268 1894 1322 1978 qui
1345 1893 1484 1956 formam
1506 1893 1671 1957 fraternae
1694 1889 1938 1956 deliberationis
1954 1895 2085 1952 secutus

361 1989 527 2056 175bonis
552 1993 705 2079 operibus
729 1997 800 2059 eius
824 2017 859 2060 se
885 1996 1005 2061 socium
1029 1994 1130 2060 dedit.
1165 1996 1257 2061 brevi
1279 2004 1389 2061 tamen
1405 2002 1516 2061 tantae
1533 1995 1745 2061 liberatorum
1760 1994 1910 2077 falanges
1927 1993 2084 2056 remissae
2137 2016 2159 2052 ri

432 2104 517 2176 sunt,
541 2105 576 2161 ut
600 2098 729 2163 rideres
753 2099 850 2183 longe
874 2101 1004 2185 lateque
1036 2099 1221 2185 agminibus
1250 2099 1412 2166 ferventia
1441 2099 1559 2164 itinera
1582 2120 1656 2164 cum
1678 2097 1777 2164 laude
1800 2097 1853 2162 dei
1876 2097 1989 2174 nostri,
2017 2102 2085 2159 tum

432 2201 531 2266 etiam
555 2201 811 2286 splendidissimi
837 2203 1016 2269 sacerdotis
1040 2204 1182 2290 Epifani,
1213 2205 1306 2269 cuius
1329 2204 1510 2269 ministerio
1542 2211 1640 2287 atque
1669 2202 1782 2267 labore
1812 2201 1917 2286 erepti
1946 2199 2084 2272 fuerant,

432 2303 649 2371 redeuntium.
701 2313 734 2370 et
764 2327 805 2370 ne
841 2307 921 2371 tanti
953 2308 1011 2372 lux
1044 2314 1158 2373 nostra
1190 2309 1329 2395 tropheo
1367 2308 1510 2372 muneris
1545 2307 1729 2394 privaretur
1762 2312 1860 2390 atque
1895 2303 1937 2368 ab
1977 2302 2115 2372 oeulisr-
2132 2323 2168 2362 ros

432 2408 533 2492 ipsius
557 2409 812 2494 pulcherrimum
836 2413 1059 2496 spectaculum
1083 2413 1265 2494 tolleretur,
1295 2414 1365 2500 ipse
1397 2433 1470 2476 cum
1500 2412 1550 2476 his
1581 2411 1750 2476 remeavit.
1796 2407 1925 2473 videres
1956 2407 2030 2472 duci
2053 2408 2086 2471 in

432 2511 604 2599 triumphis
628 2513 826 2578 caelestibus
849 2515 967 2600 vulgus
990 2515 1130 2580 liberum
1153 2523 1188 2580 et
1210 2537 1269 2602 pro
1299 2516 1544 2581 mactandorum
1575 2514 1736 2598 sanguine
1767 2519 1888 2577 terram
1918 2510 2086 2576 madefieri
2137 2531 2161 2570 rc

432 2615 575 2679 lacrimis
599 2618 813 2696 exultantum,
846 2639 918 2682 cum
938 2619 1058 2685 Heliae
1091 2641 1220 2685 currum
1251 2622 1387 2686 istarum
1411 2620 1594 2685 cohortium
1618 2617 1733 2682 ductor
1756 2615 1929 2682 scanderet
1952 2621 1985 2679 et
2008 2635 2087 2698 qua-

361 2709 594 2804 176driiugum
625 2720 666 2785 ad
697 2722 855 2787 caelestia
886 2744 944 2808 pro
975 2725 1092 2788 merito
1119 2744 1177 2788 suo
1207 2730 1379 2811 raperetur
1406 2744 1556 2788 excursu.
1602 2743 1667 2787 non
1697 2723 1744 2785 sie
1772 2719 1906 2784 Pelleus
1935 2718 2088 2803 princeps

432 2822 635 2903 Alexander,
659 2844 756 2908 quem
779 2833 967 2912 pacatorem
986 2827 1073 2892 orbis
1090 2828 1220 2892 vocavit
1235 2849 1321 2893 vana
1336 2828 1491 2906 laudatio,
1515 2833 1645 2912 captum
1664 2825 1810 2910 gentium
1827 2823 1923 2887 duxit
1938 2843 2088 2900 examen,

432 2932 469 2989 ut
498 2926 560 2990 iste
587 2929 762 2994 revocavit.
807 2949 884 2994 eece
916 2937 993 2994 tune
1024 2931 1231 3016 conperimus
1261 2939 1463 2996 armatorum
1493 2937 1620 2995 mentes
1651 2929 1825 2993 sanctitate
1855 2933 2024 3012 superatas
2056 2933 2088 2990 et
2174 3003 2176 3008 ,

434 3030 573 3095 cessisse
600 3032 751 3117 precibus
775 3032 873 3097 electi
897 3035 1089 3119 principem,
1114 3035 1168 3119 qui
1191 3035 1323 3099 obvium
1347 3057 1479 3121 semper
1497 3035 1622 3098 lanceis
1639 3040 1735 3118 petus
1751 3032 1898 3117 ingessit.
1931 3038 2087 3114 quantum
2138 3047 2160 3085 ιι

291 3113 416 3208 diligi?
437 3134 563 3198 acutior
585 3135 648 3197 fnit
670 3136 843 3200 verborum
869 3156 965 3220 quam
988 3138 1067 3202 ferri
1090 3139 1255 3218 lammina,
1278 3139 1353 3202 hinc
1375 3139 1480 3203 lector
1503 3158 1661 3223 agnosce:
1686 3136 1888 3222 expugnavit
1909 3157 2015 3199 sermo
2038 3135 2088 3198 cui

362 3238 470 3302 liise
493 3237 594 3322 gladii
618 3237 855 3303 subduxerunt.
902 3238 978 3303 dum
1008 3261 1088 3324 ergo
1121 3240 1218 3304 tertio
1248 3261 1360 3305 mense
1390 3261 1463 3305 eum
1493 3242 1549 3305 tali
1583 3241 1721 3326 tropheo
1750 3237 1896 3303 Ticinum
1927 3244 2089 3302 remearet

431 3341 580 3420 antistes,
616 3348 652 3406 ut
686 3341 913 3407 Tarantasiam
947 3343 1038 3408 venit
1071 3345 1130 3422 (sic
1168 3345 1254 3409 enim
1293 3345 1454 3408 vocitatur
1487 3344 1642 3431 oppidum
1670 3344 1810 3429 Alpibus
1840 3342 2008 3426 vicinum),
2043 3342 2088 3406 ibi

430 3443 590 3528 quaedam
615 3446 732 3510 mulier
755 3447 847 3530 gravi
871 3445 1017 3510 inmundi
1041 3448 1176 3532 spiritus
1207 3448 1381 3512 vexatione
1413 3447 1603 3524 laborabat;
1632 3468 1715 3532 quae
1747 3446 1900 3510 continuo
1933 3452 2087 3531 percepta

430 3547 659 3613 benedictione
692 3549 843 3614 absoluta
869 3549 1028 3616 discessit.
1074 3551 1145 3636 ipse
1175 3556 1285 3616 tamen
1314 3552 1382 3615 suis
1412 3552 1598 3638 inopinatus
1630 3571 1690 3615 nec
1721 3549 1952 3636 suspicantium
1984 3549 2086 3613 oculis
2138 3561 2160 3596 ³¹¹

432 3652 567 3718 adstitit.
613 3653 702 3717 visus
725 3660 778 3717 est
801 3654 920 3732 subito,
943 3653 983 3718 de
1008 3676 1070 3740 quo
1094 3655 1148 3718 vix
1173 3653 1370 3720 credebatur
1392 3656 1494 3741 aliqui
1517 3676 1615 3741 posse
1639 3676 1750 3719 rumor
1773 3651 1889 3718 audiri.

363 3756 422 3817 178
545 3756 623 3821 Mox
648 3763 759 3821 tamen
781 3765 818 3821 ut
841 3756 947 3836 rediit,
972 3759 1057 3821 euris
1077 3780 1121 3823 ex
1143 3779 1233 3823 more
1250 3759 1394 3824 animum
1411 3759 1538 3844 fatigat,
1561 3781 1602 3824 ne
1618 3761 1702 3824 forte
1719 3757 1835 3843 quibus
1852 3757 2088 3822 absolutionem

433 3860 514 3924 dous
538 3867 649 3925 noster
671 3881 730 3945 per
753 3861 845 3924 illurn
876 3860 1021 3941 dederat,
1052 3863 1175 3949 proprii
1205 3883 1323 3928 census
1352 3862 1563 3948 possessione
1594 3863 1811 3941 turbarentur,
1841 3861 2019 3947 praecipue
2047 3859 2087 3924 ob

434 3963 591 4028 nobilium
624 3962 920 4029 considerationem
951 3987 1183 4051 personarum,
1219 3966 1337 4051 quibus
1366 3966 1527 4046 inmanior
1555 3965 1640 4052 apud
1669 3987 1746 4030 suos
1775 3970 1908 4050 poterat
1937 3969 2087 4028 constare
2101 3981 2121 4021 r·
2134 3972 2170 4009 ⁴¹⁰

435 4067 614 4146 calamitas,
639 4069 668 4132 si
692 4068 789 4131 vitam
813 4067 945 4154 inopem
968 4068 1107 4136 reduces
1132 4071 1331 4136 sustinerent
1354 4070 1452 4134 etde
1475 4069 1750 4156 peregrinationis
1777 4066 1990 4132 incommodis
2020 4067 2089 4131 sola
2138 4077 2160 4114 ὣ

362 4167 422 4228 179
435 4171 677 4238 misericordiae
703 4173 827 4237 solacia
849 4171 1079 4258 perdidissent.
1124 4176 1165 4242 ad
1197 4197 1309 4261 regem
1337 4176 1587 4240 invictissimum
1610 4171 1848 4238 Theodericum
1871 4192 1990 4257 perse
2013 4192 2089 4233 mox

431 4275 479 4340 ire
503 4275 616 4357 noluit,
640 4297 681 4341 ne
705 4278 789 4341 forte
812 4277 934 4341 laboris
958 4278 1008 4341 sui
1030 4278 1288 4345 vicissitudinem
1312 4281 1345 4344 in
1368 4280 1527 4344 relatione
1552 4277 1729 4363 gratiarum
1753 4282 1810 4340 aut
1829 4275 1862 4338 in
1886 4273 2089 4339 exhibitione

435 4401 607 4445 munerum
631 4400 741 4444 coram
764 4380 892 4465 positus
914 4379 1084 4447 videretur
1108 4382 1253 4468 exigere.
1292 4384 1418 4469 flagitat
1441 4383 1528 4448 enim
1551 4381 1643 4468 quasi
1664 4379 1810 4444 debitam
1831 4378 2089 4454 retributionem,

435 4525 534 4532 ——..--

499 4620 635 4690 3patriis]
653 4623 762 4690 propriis
777 4621 855 4674 Siras.
951 4619 1126 4690 4agrrouisss
1139 4623 1217 4675 Sirra
1318 4623 1508 4676 beomulusB
1605 4620 1826 4674 itheusaurusB
1922 4620 2090 4689 dsiagriaB

431 4717 539 4776 quaeret
555 4710 638 4761 uitam
655 4709 803 4760 narratione
814 4707 840 4758 B
910 4711 1012 4761 sufficet
1024 4707 1066 4760 B¹
1175 4708 1191 4760 9
1210 4727 1277 4777 quae
1295 4711 1360 4772 (scil.
1380 4709 1467 4777 opera)
1486 4711 1586 4776 scripsi,
1604 4726 1681 4775 quarn
1700 4708 1761 4759 libri
1872 4706 2090 4760 laureacense

431 4799 549 4864 peritiam
563 4796 589 4846 B
719 4791 752 4844 12
770 4793 861 4847 uuaB
948 4797 1053 4862 regions
1071 4811 1099 4846 aa
1112 4794 1190 4845 Sirm.
1320 4793 1352 4846 13
1369 4813 1472 4863 genaue
1488 4796 1586 4847 codices
1713 4791 1746 4844 14
1764 4791 1883 4860 formam]
1902 4797 1998 4846 famam
2012 4793 2089 4844 Siras.

432 4881 465 4934 15
486 4883 595 4934 emissae
613 4880 691 4934 Sirra.
826 4879 858 4930 16
875 4880 1009 4933 uiderieB
1104 4877 1195 4946 nostri]
1213 4878 1240 4931 ri.
1253 4880 1279 4930 B
1295 4879 1334 4944 (ia
1352 4881 1410 4946 lit),
1430 4882 1487 4946 VL,
1508 4899 1557 4933 om.
1571 4880 1649 4934 Siren.
1784 4877 1815 4930 17
1833 4881 2038 4946 splendediasimi
2051 4876 2090 4929 13¹

430 4967 577 5036 epifaniiV
697 4964 730 5017 19
747 4969 861 5033 ipsorum
877 4966 955 5017 Sim.
1039 4967 1236 5032 expectaculum
1249 4966 1275 5017 B
1357 4968 1491 5020 uiderisB
1608 4965 1644 5018 ι20
1660 4973 1687 5019 et
1704 4985 1752 5018 car.
1765 4967 1844 5018 Siras.
1966 4965 2000 5016 ‘21
2019 4966 2090 5019 exul-

430 5057 541 5108 tantium
552 5053 617 5106 ale
712 5051 967 5120 22rapuereturVL
1063 5050 1097 5102 23
1112 5053 1231 5104 urbisne
1248 5054 1353 5105 cauitB
1366 5051 1607 5120 (caraecarae),
1624 5055 1679 5104 orbi
1692 5070 1738 5104 suo
1751 5051 1927 5114 carritSchott,
1941 5053 2090 5104 orbiserurit

337 5159 339 5165 ⁴
431 5142 500 5193 Bell.
582 5136 701 5205 24tunc]
715 5139 863 5191 hincSir-m.
943 5136 978 5188 25
989 5138 1063 5189 alecti
1072 5138 1153 5204 legati
1163 5140 1304 5207 principem
1314 5140 1403 5192 schoa
1483 5138 1518 5192 26
1527 5141 1577 5191 fuit
1585 5140 1686 5191 acutior
1695 5138 1774 5190 Siras.
1854 5135 2000 5202 27sa(ar'rr
2010 5137 2091 5200 lule

432 5229 610 5281 subduxerant
628 5226 719 5290 sirm,
744 5226 875 5277 subduxer
892 5223 916 5272 V
929 5221 969 5286 (ut
985 5221 1097 5288 ιιι-θρίω)
1219 5221 1254 5275 28
1277 5227 1380 5278 antistis
1392 5226 1417 5278 B
1537 5222 1572 5276 29
1589 5225 1726 5278 laborauat
1736 5224 1762 5274 B
1882 5221 1914 5273 31
1937 5224 2033 5290 aliquis
2051 5224 2074 5274 Τ
2072 5224 2093 5274 0

431 5311 828 5379 33uostsrlir.BVbT,non0‚
841 5309 975 5361 emaum.
1061 5305 1312 5375 turturiacense
1391 5308 1639 5376 38retribulionsm]
1649 5310 1883 5363 remunerationem
1893 5308 1981 5360 Schola
1990 5310 2089 5361 ctBoll.

543 5516 560 5568 3
578 5515 661 5569 Paul.
679 5514 737 5569 hist.
757 5512 819 5567 XV
834 5519 865 5568 18
886 5511 931 5579 (X
937 5511 980 5566 VI
991 5518 1022 5565 21
1040 5511 1147 5581 Μαι·
1179 5513 1375 5583 (Epiphanius)
1397 5531 1415 5568 a
1433 5513 1604 5570 Theoderico
1625 5514 1731 5570 Gallias
1753 5513 1790 5567 ad
1810 5513 2017 5569 Gundebadum
2041 5533 2089 5584 pro

432 5599 553 5670 captivis
572 5599 741 5654 redimendis
759 5599 883 5654 directus
903 5601 1021 5667 excepta
1038 5597 1185 5653 innumera
1203 5599 1394 5665 multitudine,
1412 5617 1463 5670 pro
1475 5600 1580 5670 quibus
1595 5600 1716 5670 pretium
1735 5599 1843 5664 tribuit,
1863 5615 1911 5654 sex
1929 5600 2009 5654 milia
2028 5618 2091 5673 cap·

431 5685 551 5742 tirorum
570 5686 605 5742 ob
625 5686 713 5742 solam
732 5685 893 5743 sanctitatis
912 5701 978 5741 suae
997 5684 1183 5740 reverentiam
1201 5702 1330 5742 concessa
1348 5703 1439 5744 secum
1460 5685 1583 5744 reduxit.
