4566 6532
686 388 754 445 cul.
774 388 895 457 (clau.
914 390 938 454 2,
957 390 1028 460 150),
1047 391 1129 446 ODLI
1148 392 1251 460 (ulcu.
1271 391 1323 458 13).

825 649 910 718 ouh
934 650 1041 738 (canu.
1057 654 1090 732 2,
1107 649 1193 736 150).

287 749 367 860 Qui
390 781 527 845 miratur
549 778 648 843 officii
671 780 827 844 terminos
851 780 885 844 in
909 781 1085 842 amicorum
1108 799 1160 842 me
1189 777 1339 842 laudibus
1370 799 1552 864 egressum,
1586 779 1710 844 recolat
1737 799 1834 864 quam

178 886 345 970 inperiesa
368 890 419 948 cat
443 905 574 969 semper
597 884 728 948 affectio
751 905 812 948 nce
842 904 961 969 parens
991 883 1150 968 propositi
1182 882 1312 967 legibus
1335 884 1384 946 vis
1408 882 1535 946 amoris.
1581 887 1614 945 et
1636 882 1783 968 profecto
1807 883 1835 946 si

179 989 257 1053 facti
279 989 344 1052 mei
366 988 527 1052 rationem
551 993 697 1072 quaerat,
722 987 916 1072 religionem
941 994 1036 1050 vocat
1059 984 1145 1071 quod
1169 986 1367 1051 mentibatur
1390 1005 1572 1050 excessum.

951 1243 1069 1311 obul.

547 1345 608 1438 Vt
630 1376 761 1440 valeant
785 1376 915 1461 aquilae
938 1376 1096 1440 formatos
1120 1373 1259 1461 prodere
1282 1376 1380 1456 fetus,

545 1477 665 1544 Vitalia
689 1487 839 1544 tenerum
862 1479 985 1566 frangit
1007 1485 1102 1564 tepor
1125 1479 1242 1542 insitus
1266 1499 1374 1543 ovum.

548 1581 640 1647 Tunc
664 1583 738 1669 pius
763 1588 903 1649 artatam
926 1583 1050 1647 lacerat
1073 1588 1167 1667 pater
1190 1582 1320 1668 inpiger
1342 1581 1469 1663 aedem,

546 1684 592 1750 Vt
614 1685 723 1772 pariat
746 1706 860 1752 rursus
884 1686 993 1751 studio
1018 1705 1101 1770 quos
1125 1683 1228 1750 edidit
1250 1685 1334 1750 alvo.

546 1789 625 1854 Mox
647 1791 780 1875 generis
804 1796 922 1855 testem
945 1789 1116 1856 Phoebum
1141 1789 1205 1853 ciet
1228 1788 1352 1854 arbiter
1374 1788 1472 1870 idem,

547 1891 678 1958 Invenit
701 1894 864 1960 internam
887 1895 1025 1960 rimatus
1049 1892 1171 1958 lumine
1195 1894 1313 1960 lucem.

547 1997 623 2062 Non
646 1998 745 2062 aliter
768 2000 858 2064 celso
882 2020 1004 2086 pueros
1028 1999 1068 2063 de
1093 2003 1265 2063 stemmate
1289 2003 1396 2062 cretos

548 2101 730 2167 Doctrinae
754 2102 853 2167 radiis
878 2105 1014 2190 opponit
1037 2124 1116 2167 cura
1138 2104 1294 2188 parentis.
1388 2177 1391 2184 Ι

548 2207 655 2280 Quam
678 2209 764 2272 bene
788 2209 991 2273 flammarum
1015 2214 1215 2288 constanter,
1239 2209 1379 2294 respice,
1404 2209 1493 2272 bella

469 2327 493 2364 ¹⁰
549 2312 728 2398 Excipiunt
751 2314 867 2396 teneri,
892 2314 1060 2378 vincentes
1084 2313 1214 2398 fulgora
1237 2313 1323 2377 vien!

917 2485 1011 2571 (mar.
1038 2484 1104 2570 13.)

926 2627 1099 2701 DICTIO.

117 2801 129 2838 s
302 2743 346 2838 Si
369 2779 470 2837 nauta
493 2769 647 2836 secundis
671 2770 801 2834 flatibus
825 2769 965 2834 feliciter
990 2770 1092 2834 umidi
1108 2770 1269 2834 directum
1292 2771 1410 2834 transit
1434 2770 1571 2850 itineris,
1594 2771 1621 2835 si
1642 2771 1836 2838 bellatorem
1855 2797 1869 2855 1

182 2876 271 2942 ducit
295 2897 469 2942 successus
492 2875 609 2940 melior
631 2875 672 2938 ad
697 2875 873 2953 triumfum,
906 2875 934 2953 si
958 2896 1017 2960 per
1040 2874 1219 2939 rhetoricos
1244 2895 1375 2960 campos
1398 2874 1582 2938 litterarum
1606 2877 1701 2940 miles
1724 2875 1839 2940 iudicis

182 2981 218 3044 fit
241 2981 353 3046 favore
377 2981 559 3045 sublimior:
574 3047 577 3054 ,
593 2985 742 3043 nostrum
766 2985 817 3043 est
840 2978 997 3042 hodierno
1020 2976 1073 3041 die
1097 2978 1270 3042 momentis
1293 2976 1428 3063 paribus
1452 2976 1596 3063 gaudere
1621 2977 1661 3042 de
1684 2979 1839 3044 themate.

182 3083 259 3171 qnid
282 3085 362 3148 mihi
385 3090 435 3150 est
459 3105 532 3148 cunr
558 3083 682 3168 ingenii
705 3083 771 3146 mei
794 3082 961 3168 publicata
990 3089 1022 3145 ct
1049 3082 1205 3168 degeneri
1236 3088 1452 3168 paupertate?
1488 3103 1565 3147 ecce
1596 3082 1637 3148 de
1666 3090 1839 3171 susceptae

182 3187 335 3254 dictionis
351 3210 459 3254 messe
475 3187 668 3253 ditescimus
684 3185 827 3251 iucunda
844 3191 942 3266 sorte,
966 3183 1097 3271 quando
1113 3186 1289 3250 relatorem
1308 3186 1461 3251 meritum
1476 3186 1645 3251 relationis
1662 3187 1840 3273 amplificat

106 3317 131 3356 rc
183 3298 217 3358 et
246 3299 390 3358 actorem
420 3313 519 3356 causa
551 3289 768 3356 commendat.
813 3290 870 3354 ubi
901 3297 952 3354 est
981 3310 1092 3375 pavor,
1127 3290 1182 3374 qui
1212 3311 1271 3353 nos
1302 3289 1365 3353 sibi
1396 3295 1530 3375 propter
1559 3290 1732 3376 inperitiae
1761 3312 1872 3374 con-2

182 3397 355 3462 scientiam
381 3396 604 3481 subiugabatl
627 3395 683 3459 ubi
699 3395 816 3459 frontis
833 3393 1018 3479 trepidatio,
1042 3414 1104 3458 usu
1121 3401 1153 3458 et
1169 3393 1408 3458 exercitatione
1425 3393 1594 3478 fragilior?
1618 3393 1841 3460 obliviscimur

181 3501 290 3565 meriti
313 3501 427 3581 nostri,
461 3499 537 3564 dum
569 3501 753 3564 claritatem
782 3500 944 3584 loquimur
976 3499 1087 3564 alieni.
1133 3519 1218 3562 nunc
1245 3498 1399 3562 discimus
1428 3503 1580 3584 potentes
1605 3502 1639 3562 et
1661 3499 1743 3563 alios
1767 3521 1841 3565 ease

182 3625 240 3668 vos
275 3605 396 3684 facere,
432 3601 562 3690 quando
594 3609 721 3667 tantum
751 3609 783 3666 et
813 3603 901 3667 fama
931 3601 1049 3666 nobilis
1082 3601 1139 3666 dat
1172 3602 1339 3687 praeconi.
1385 3600 1467 3664 nihil
1500 3601 1579 3665 mihi
1615 3623 1689 3666 cum
1722 3603 1841 3670 dubiis.

183 3706 339 3795 splendor
361 3707 533 3772 laudantes
557 3707 729 3770 inluminat
759 3712 792 3770 et
821 3707 981 3770 inmersas
1010 3704 1166 3786 tenebris,
1203 3706 1230 3769 si
1262 3705 1332 3770 eiua
1361 3704 1579 3788 meminerint,
1613 3707 1662 3770 sol
1692 3706 1840 3773 recludit.
1933 3779 1934 3782 Ἴ

120 3859 125 3870 .
184 3811 243 3876 sed
266 3831 378 3876 rursus
402 3810 549 3876 hilaritas
573 3810 720 3895 iungitur
743 3831 815 3874 cum
839 3831 958 3896 pavore
989 3816 1022 3875 et
1048 3810 1085 3875 fit
1114 3811 1204 3874 socia
1237 3808 1449 3873 exultationis
1480 3807 1664 3895 trepidatio.
1710 3810 1873 3896 quandc3

184 3916 278 4001 inpar
299 3915 435 3979 modicis
459 3914 579 3980 sufficit
607 3915 640 3978 in
670 3915 852 4001 supremis?
885 3936 961 3979 nam
991 3915 1046 4000 qui
1076 3914 1302 3979 claritudinem
1336 3935 1401 3978 non
1433 3913 1498 3977 stili
1531 3913 1603 3978 luce
1634 3916 1842 3981 commendat

184 4017 365 4098 obnubilat,
398 4023 431 4082 et
461 4019 546 4083 sicut
576 4018 708 4103 ingenio
736 4019 950 4084 facundorum
979 4025 1131 4082 crescunt
1159 4015 1297 4095 modica,
1329 4017 1375 4081 ita
1403 4017 1552 4081 siccitate
1582 4016 1843 4085 devenustantur

184 4123 396 4209 amplissima,
420 4127 452 4186 et
474 4122 536 4185 nisi
558 4123 739 4188 aestimatis
756 4123 880 4187 viribus
898 4121 1101 4208 adgredieris
1120 4122 1291 4202 sarcinam,
1315 4120 1512 4187 subiacebis.
1527 4159 1566 4168 -
1585 4121 1672 4187 Ecce
1689 4122 1874 4203 Paterius4

185 4231 217 4289 et
241 4224 393 4302 Severus,
427 4231 620 4290 ornamenta
644 4226 804 4289 curulium
829 4233 861 4291 et
889 4226 1061 4313 parentiva
1089 4225 1251 4290 vocabula
1279 4245 1504 4310 purpurarum,
1537 4223 1753 4292 eruditionem
1777 4227 1841 4292 ori-

186 4329 345 4414 ginariam
369 4328 402 4392 in
425 4328 505 4415 ipsis
529 4329 615 4392 vitae
637 4330 881 4414 praestulantur
907 4327 1061 4410 exordiis,
1090 4327 1307 4414 dedignantes
1337 4348 1402 4393 non
1429 4327 1609 4393 studiorum
1637 4328 1843 4417 diligentiam

186 4455 261 4497 cum
284 4453 401 4519 sapore
424 4433 507 4497 lucis
530 4432 672 4514 haurire,
704 4453 785 4518 quos
808 4432 996 4498 indiscretis
1028 4433 1228 4518 temporibus
1260 4430 1312 4496 die
1341 4437 1459 4496 natura
1486 4425 1620 4498 donavit
1653 4439 1686 4499 et
1716 4435 1843 4502 litteris.

185 4559 244 4624 pro
283 4536 403 4623 quibus
436 4535 512 4622 quid
552 4543 726 4622 parentum
766 4535 899 4618 decora,
940 4535 1018 4622 quid
1051 4537 1193 4621 insignia
1222 4541 1354 4600 vetusta
1385 4555 1491 4600 novus
1525 4536 1690 4602 meatibus
1721 4540 1843 4604 relator

185 4641 372 4706 insinuem?
405 4641 542 4705 levabor
565 4640 626 4703 hcc
649 4661 757 4719 onere,
782 4641 809 4705 si
824 4641 934 4704 fastos
962 4661 1100 4727 prome,
1125 4639 1262 4711 auditor,
1286 4640 1486 4724 interroges:
1509 4660 1636 4704 mecum
1661 4643 1873 4722 centuriae,5

290 4847 378 4917 [CDL]
417 4849 429 4900 l
451 4850 575 4902 terminus
588 4848 613 4899 Β
682 4867 758 4916 quem
770 4848 815 4899 Ba
920 4848 937 4901 2
954 4847 991 4916 et]
1010 4867 1037 4901 ss
1049 4848 1075 4899 Β
1178 4847 1195 4900 3
1213 4849 1369 4900 mcutihatnr
1380 4848 1414 4911 B,
1432 4848 1604 4901 mandabatur
1615 4851 1691 4902 ceteri

290 4951 392 5022 [cum]
427 4953 519 5006 Versus
537 4953 674 5006 alacrem
691 4971 748 5005 mm
765 4954 925 5019 remeantibus
937 4954 1025 5020 potins
1042 4969 1121 5019 proma
1133 4968 1188 5002 caua
1201 4951 1375 5017 superioribus
1386 4951 1478 5016 autb,
1496 4953 1644 5018 quidsucum
1658 4970 1701 5006 cos
1712 4954 1844 5006 couiurroeit

186 5039 317 5093 dimicari.
411 5039 466 5092 v.2
484 5042 617 5108 teporibus
634 5042 726 5092 insitus
742 5039 795 5104 VL,
812 5041 971 5107 temporibus
990 5037 1050 5105 (cm.
1064 5037 1168 5104 insitus)
1184 5039 1219 5089 Cb
1270 5039 1349 5091 chum
1357 5037 1387 5088 Β
1477 5057 1502 5091 v.
1515 5039 1533 5091 5
1548 5042 1652 5093 foebam
1665 5039 1691 5090 B
1743 5042 1787 5094 ciit
1799 5041 1845 5092 Βιι

185 5143 209 5177 v.
230 5123 246 5176 'l
267 5127 354 5179 cebo·
370 5127 395 5176 V
460 5134 545 5179 cretus
557 5126 583 5177 B
686 5145 710 5178 v.
733 5125 766 5178 10
783 5128 918 5178 uincentes
930 5127 953 5189 b,
970 5126 1099 5178 uincentis
1118 5125 1215 5176 cedices
1284 5125 1390 5191 fulgura
1403 5124 1481 5176 Sirm.

289 5227 306 5280 4
324 5231 410 5282 Dictio
428 5230 532 5296 qnando
549 5228 669 5281 Paterlus
687 5237 713 5282 st
731 5231 843 5282 Seuerus
860 5231 946 5282 uscia
964 5237 1025 5282 sunt
1044 5230 1077 5281 ad
1094 5230 1181 5281 studia
1197 5229 1274 5279 imcr.
1288 5227 1367 5279 Siras.
1462 5227 1478 5279 5
1496 5229 1601 5281 iteneris
1613 5228 1639 5280 B
1731 5227 1748 5281 6
1765 5231 1846 5282 hiun-

186 5299 241 5366 funi
254 5313 288 5379 B,
305 5315 465 5382 triumphum
484 5313 509 5362 V
592 5315 716 5366 notorious
733 5331 838 5383 campus
851 5315 876 5366 Β
1003 5313 1019 5366 8
1038 5314 1160 5380 pnllieata
1171 5313 1197 5364 Β
1323 5311 1341 5365 9
1358 5314 1501 5366 ditiscimus
1515 5313 1541 5364 Β
1621 5315 1732 5368 iocunda
1749 5317 1846 5370 codices

186 5401 288 5466 quaudo
306 5417 362 5467 sup.
381 5401 427 5452 liu.
439 5399 465 5450 B
568 5403 700 5468 anpliflcat
717 5402 742 5452 Β
887 5399 920 5453 12
941 5399 1011 5466 dnm]
1035 5402 1070 5452 du
1086 5399 1132 5451 VL
1275 5397 1308 5450 16
1331 5401 1473 5453 immodicis
1488 5400 1542 5465 VL,
1565 5409 1591 5453 st
1608 5402 1714 5454 modicis
1729 5403 1796 5469 OPb,
1818 5405 1845 5454 in

186 5487 292 5539 modicis
305 5486 384 5540 Sirra.
477 5487 580 5539 sufficet
594 5487 620 5537 B
751 5485 783 5538 17
801 5489 915 5540 criscnnt
927 5487 953 5538 Β
1045 5487 1157 5538 sietitate
1170 5485 1195 5536 Β
1326 5485 1359 5539 18
1376 5487 1525 5554 anplissima
1537 5484 1562 5537 B
1652 5489 1811 5557 aggrediaris
1827 5489 1851 5539 V

187 5572 221 5625 19
239 5591 408 5642 purpurarum
422 5572 447 5623 Β
526 5575 696 5641 origenariam
710 5574 788 5625 BVL
901 5571 936 5624 20
954 5575 1142 5641 praestolantur
1157 5572 1183 5622 V
1255 5572 1415 5624 stuodiornrn
1426 5571 1452 5623 Β
1564 5571 1595 5625 21
1615 5571 1700 5640 illunis
1716 5577 1802 5628 aurire
1813 5574 1848 5640 Β,

187 5661 290 5713 baurim
308 5662 373 5713 lucis
391 5661 467 5713 meri
542 5661 583 5712 die
595 5659 629 5725 Β,
648 5661 698 5712 disi
716 5662 799 5724 catari,
817 5662 857 5713 dei
869 5658 929 5711 Pu
1043 5659 1078 5711 22
1095 5675 1177 5711 nouos
1190 5657 1236 5708 13⁰
1349 5657 1384 5710 23
1402 5661 1510 5712 lauabor
1522 5659 1547 5710 Β
1622 5677 1698 5713 onere
1710 5663 1734 5726 ll,
1751 5663 1847 5715 honore

188 5746 287 5799 codices
358 5749 436 5800 fastos
448 5747 482 5811 Β,
499 5749 581 5798 fastus
599 5748 675 5798 ceteri
746 5745 921 5815 interregisB
991 5763 1093 5799 mecum
1111 5745 1243 5799 centuriae
1261 5761 1309 5795 cm.
1325 5743 1403 5798 aim.
