4612 6442
450 401 544 457 XVIII
967 399 988 452 l.
1015 399 1061 452 DE
1079 398 1167 454 VITA
1186 398 1234 453 ET
1254 398 1415 454 SCIthTIS
1433 398 1584 453 ENNODI.

450 583 603 662 carpserat,
631 573 759 661 propria
787 595 882 637 caasa
914 573 1047 637 tortasse
1079 580 1238 658 pennotus
1271 580 1349 636 erat:
1381 593 1570 656 quaraqaam
1603 571 1719 635 sufficit
1750 567 1789 632 ad
1824 568 1856 632 id
1888 565 2106 654 explicandum

450 679 609 758 simultas,
630 699 710 764 quae
732 675 805 740 daei
828 676 1094 762 ostrogothorum
1118 699 1136 740 a
1159 675 1313 762 principio
1335 697 1405 738 cam
1429 674 1613 761 imperatore
1635 673 1776 738 orientali
1799 672 1899 736 lirerat
1920 693 1957 736 ac
1979 694 2017 734 ae
2040 679 2107 735 tum

450 783 575 870 quidem
599 780 742 868 deposita
768 789 828 860 est,
857 790 1025 866 postquam
1054 779 1243 844 Anastasius
1272 779 1441 864 imperator
1468 783 1618 864 (excerpt.
1644 777 1750 842 Vales.
1771 781 1827 856 64)
1857 777 1939 840 facta
1966 799 2043 862 pace
2069 774 2108 838 ‹le

450 886 703 976 praesumptione
724 885 811 970 mgni
834 908 916 949 anuo
939 887 1002 951 498
1030 885 1135 949 omnia
1162 891 1356 960 ornamenta,
1384 904 1463 968 quae
1486 881 1656 946 Odoachar
1677 879 1983 967 Constantinopolim
2008 889 2108 944 trans-

451 993 591 1070 miserat,
624 989 664 1054 ad
697 986 925 1054 Theodericum
959 989 1085 1053 remisit
1135 986 1167 1052 id
1201 986 1338 1052 declarat
1371 984 1535 1050 Ennodius
1569 993 1674 1071 aperte
1707 985 1756 1049 bis
1790 983 1894 1048 verbis
1928 989 2015 1065 (205,
2034 987 2107 1060 aa:

449 1119 585 1184 ,oppono
607 1094 779 1181 prinoipem
802 1115 905 1157 meam
928 1091 1185 1172 (Theodericum)
1208 1091 1253 1156 ita
1274 1112 1377 1175 agere,
1404 1089 1493 1176 quasi
1517 1089 1597 1153 inter
1619 1088 1820 1175 imperatores
1843 1087 1945 1152 adhuc
1967 1097 2109 1174 precetur

451 1199 596 1284 adiungit
645 1206 738 1284 atque
764 1198 859 1262 etiam
889 1197 1027 1283 apertius
1050 1197 1112 1275 ira,
1141 1194 1225 1281 qaod
1252 1195 1441 1259 Anastasius
1464 1191 1584 1258 tamdiu
1606 1191 1798 1258 Theoderico
1824 1192 1960 1276 insignia
1986 1193 2108 1279 imperii

451 1311 631 1389 negaverat,
660 1301 845 1388 exprimitur
871 1299 921 1364 bis
950 1303 959 1380 (
965 1323 995 1386 p.
1010 1300 1083 1379 214,
1096 1302 1147 1381 4):
1176 1307 1309 1385 ,sceptra
1338 1298 1394 1362 tibi
1421 1297 1600 1362 conciliavit
1628 1295 1777 1382 splendor
1797 1296 1934 1381 generis,
1963 1297 2053 1361 euius
2080 1298 2106 1362 si

451 1406 594 1473 deessent
620 1406 769 1493 iusignia,
800 1404 870 1490 eligi
898 1413 929 1469 te
951 1405 983 1468 in
1005 1405 1176 1490 principem
1205 1425 1293 1468 meus
1314 1403 1456 1467 fecisset.
1504 1425 1577 1488 ergo
1600 1401 1801 1480 Theoderico,
1824 1401 1873 1464 cui
1898 1423 1954 1486 pro
1976 1401 2107 1486 sceptris

451 1521 483 1576 et
504 1511 680 1596 insignibus
703 1509 851 1597 splendor
872 1511 993 1594 generis
1015 1519 1077 1589 est,
1105 1509 1250 1596 precibus
1273 1532 1335 1573 noa
1359 1531 1438 1595 opas
1461 1509 1533 1586 fait,
1562 1517 1597 1572 ut
1618 1506 1658 1572 ab
1680 1507 1852 1572 Anastasio
1874 1514 2093 1592 agnosceretur
2099 1531 2107 1584 ;

451 1615 536 1702 quod
558 1615 701 1702 pluribus
724 1614 828 1679 verbis
851 1623 1016 1678 exsecutus
1040 1614 1086 1678 sic
1108 1614 1324 1700 complectitur
1351 1617 1391 1699 (p.
1407 1616 1479 1692 214,
1496 1615 1559 1692 14);
1590 1611 1683 1698 ,quod
1706 1621 1803 1696 agant
1826 1612 1856 1675 ia
1879 1610 1950 1675 aliis
1972 1609 2107 1674 dominis

451 1719 636 1800 diademata,
659 1719 718 1784 hoc
741 1719 773 1782 iu
795 1741 866 1804 rege
888 1739 957 1782 meo
980 1726 1108 1804 operata
1129 1726 1176 1782 est
1198 1715 1256 1782 deo
1278 1717 1449 1782 fabricante
1470 1721 1598 1781 natura‘.
1643 1715 1683 1781 ad
1706 1739 1874 1780 summam:
1897 1714 2108 1780 Theodericus

451 1847 505 1888 rex
529 1831 661 1888 estnon
684 1822 849 1899 Anastasi,
872 1819 926 1886 sed
949 1820 1000 1885 dei
1022 1821 1130 1906 gratia

557 2030 751 2114 Panegyrico
774 2037 806 2092 et
826 2028 933 2094 libello
956 2051 1014 2115 pro
1036 2028 1172 2114 synodo,
1195 2039 1346 2114 quantam
1368 2030 1400 2093 in
1422 2052 1488 2093 rem
1510 2052 1578 2094 esse
1601 2028 1776 2108 videbatur,
1804 2029 1989 2092 exarrrinatis
2012 2050 2107 2091 anam

452 2144 548 2200 restat
569 2157 609 2198 ex
630 2133 694 2197 illis
720 2133 821 2198 tribus
852 2131 1012 2218 opusculis
1036 2133 1256 2218 amplioribus:
1287 2133 1352 2198 vita
1374 2132 1535 2219 Epiphani
1557 2132 1732 2196 Ticiueasis
1755 2132 1909 2218 episcopi,
1936 2133 2107 2196 maximum

451 2246 483 2302 ct
504 2238 666 2323 optimam,
688 2247 723 2301 ut
743 2234 862 2300 iudicat
884 2234 1080 2314 Sirmondus,
1103 2236 1230 2301 Eunodi
1254 2260 1342 2323 opus,
1364 2237 1484 2301 variam
1507 2259 1543 2301 ae
1559 2236 1763 2322 multiplicem
1786 2235 1911 2300 illorum
1933 2244 2108 2324 temponrm

451 2341 614 2406 historiam
637 2341 843 2426 complexum.
888 2363 924 2404 ac
946 2340 1086 2426 profecto
1109 2341 1140 2404 ia
1164 2349 1251 2405 tanta
1272 2362 1374 2405 nerum
1397 2341 1521 2406 saeculo
1541 2342 1651 2426 quinto
1667 2349 1824 2425 gestamur
1847 2340 2037 2404 obscuritate
2059 2340 2109 2404 vel

451 2439 616 2522 σκοτεινὸς
631 2441 796 2508 Ennodius
820 2451 855 2506 at
874 2443 907 2506 in
929 2442 1034 2508 densis
1050 2444 1185 2508 tenebris
1202 2445 1374 2530 caliginosa
1396 2445 1486 2509 stella
1506 2443 1657 2530 splendet.
1693 2453 1843 2528 quantum
1858 2442 1934 2508 baec
1948 2443 2109 2529 Epiphani

452 2548 518 2613 vita
541 2545 582 2612 ad
604 2546 768 2612 historiam
790 2546 876 2610 illius
900 2546 1015 2610 saeculi
1038 2547 1285 2632 cognoscendam
1300 2548 1450 2634 pmlieiat,
1472 2548 1523 2613 lric
1545 2570 1699 2634 exponere
1720 2569 1819 2633 aeque
1842 2547 1987 2612 volamus
2009 2569 2109 2632 neque

452 2673 635 2738 possamus3
663 2649 720 2715 sed
747 2657 889 2714 nostrum
920 2650 979 2715 erit
1001 2651 1160 2737 paulisper
1188 2651 1356 2736 inquirere,
1385 2675 1448 2737 quo
1471 2660 1609 2738 tempore
1630 2651 1671 2716 ab
1693 2650 1840 2716 Ennodio
1863 2652 2036 2737 composita
2059 2652 2108 2716 sit.

450 2779 487 2820 ae
515 2752 684 2819 tenendum
712 2761 761 2817 est
787 2752 1001 2839 Epiphaniam
1029 2754 1209 2840 episcopam
1238 2778 1319 2821 anno
1343 2759 1406 2824 496
1436 2757 1559 2821 111θ1111ῖθ
1587 2765 1744 2820 mortuam
1772 2778 1854 2834 csse,
1883 2765 1918 2819 ut
1946 2756 2007 2819 iam
2031 2755 2110 2818 Dio-

452 2859 542 2946 nysio
564 2858 697 2923 Petavio
719 2865 847 2921 arretcre
867 2855 1084 2923 Bollandistae
1107 2868 1380 2944 computaverunt,
1407 2883 1478 2924 curn
1499 2861 1627 2947 plurimi
1649 2859 1850 2924 Sirmondam
1874 2859 1971 2923 secuti
1993 2880 2109 2922 annam

452 2967 514 3030 497
538 2962 590 3027 vel
612 2983 682 3025 cam
707 2960 843 3046 Ughello
866 2963 930 3028 498
953 2971 1100 3027 statuant
1142 2964 1277 3048 epistola
1299 2965 1380 3028 eninr
1405 2964 1514 3030 Gelasi
1535 2987 1636 3052 papae
1658 2963 1750 3030 VIII
1772 2964 1846 3028 Kal.
1869 2963 1961 3028 Febr.
1984 2963 2110 3027 Asterie

451 3076 482 3132 et
504 3065 668 3131 Praesidio
691 3065 872 3130 consulibus
896 3067 915 3130 i.
931 3089 956 3130 e.
979 3068 1044 3133 494
1066 3066 1193 3131 datast
1215 3067 1341 3132 Eunodi
1365 3069 1478 3147 verbis,
1500 3091 1580 3154 quae
1601 3069 1746 3153 legantur
1767 3092 1797 3154 p.
1815 3072 1886 3146 102,
1902 3071 1953 3147 29,
1975 3068 2055 3131 inter
2076 3089 2110 3132 se

452 3170 639 3256 comparatis
662 3177 786 3234 constat
806 3169 1022 3255 Epiphaniam
1044 3193 1149 3234 mense
1171 3170 1289 3235 Martio
1312 3157 1464 3237 auni494
1486 3171 1564 3236 illud
1586 3172 1697 3236 iterio
1721 3171 1857 3236 Galliam
1881 3171 2004 3248 fecisse,
2027 3168 2110 3234 ande

451 3273 540 3338 tertio
567 3295 672 3338 mense
694 3277 740 3359 (p.
759 3275 829 3351 106,
839 3276 895 3352 27)
918 3273 937 3336 i.
953 3296 978 3337 θ.
1000 3273 1089 3338 Maio
1113 3273 1161 3338 vel
1184 3272 1278 3338 Iunio
1307 3276 1439 3340 revertit.
1483 3285 1549 3340 tum
1578 3274 1708 3340 tradidit
1729 3274 1894 3339 Ennodius
1922 3282 1996 3360 post
2016 3273 2109 3338 huius

452 3375 570 3441 itineris
604 3376 728 3442 labores
756 3375 899 3456 ,necdum
927 3377 1053 3441 biennio
1080 3383 1198 3442 exacto‘
1222 3385 1261 3464 (p.
1279 3381 1350 3458 107,
1364 3382 1414 3456 13)
1441 3379 1655 3465 Epiphaniam
1684 3378 1785 3442 hieme
1814 3379 1890 3456 (soil.
1918 3380 2023 3456 49541)
2046 3376 2110 3440 Ra·

452 3504 585 3546 vennam
608 3480 781 3568 profectum
809 3503 886 3545 esse.
930 3504 993 3566 qao
1021 3504 1059 3545 ex
1088 3482 1197 3546 itinere
1227 3504 1317 3567 aeger
1346 3482 1491 3546 Ticinum
1519 3505 1661 3546 reversas
1685 3483 1817 3568 septimo
1847 3481 1897 3546 die
1920 3482 2109 3568 (prosas)

451 3594 593 3650 mortuus
624 3595 681 3649 est.
731 3607 825 3670 porro
857 3607 929 3648 cum
962 3586 994 3648 in
1024 3585 1245 3670 nrartprologio
1274 3585 1418 3651 Romano
1446 3587 1518 3650 XII
1549 3587 1623 3651 Kal.
1651 3587 1742 3650 Febr.
1770 3586 1928 3672 Epiphani
1961 3584 2111 3649 memoria

454 3689 632 3768 celebretur,
654 3711 724 3753 eum
740 3687 791 3752 die
815 3692 865 3753 21.
880 3689 997 3754 mensis
1013 3689 1140 3754 Ianuari
1157 3694 1220 3756 496
1243 3689 1414 3754 decessisse
1430 3700 1545 3754 certum
1562 3699 1618 3754 est.
1652 3698 1791 3754 mortuas
1807 3697 1908 3752 cartem
1925 3699 1973 3752 est
1988 3682 2111 3754 LVIII
2202 3708 2206 3716 ·

453 3794 565 3858 aetatis
588 3815 704 3856 aunum
727 3814 831 3878 agens,
862 3801 1028 3878 postquam
1057 3792 1186 3878 triginta
1214 3817 1313 3858 annos
1341 3794 1506 3880 episcopas
1529 3795 1597 3858 fuit.
1638 3794 1724 3878 aurai
1752 3816 1822 3857 earn
1846 3793 2027 3878 Crispinus,
2056 3791 2109 3877 qui

453 3905 523 3961 ante
545 3896 760 3983 Epiphaniam
782 3895 929 3960 eeclesiae
949 3896 1106 3960 Ticiueasi
1130 3896 1313 3982 praefuerat,
1338 3901 1387 3963 13.
1401 3897 1461 3961 Iul.
1484 3922 1501 3961 c
1524 3899 1590 3962 vita
1603 3898 1771 3962 excesserit
1792 3908 1824 3960 et
1845 3898 1885 3961 ab
1908 3894 2055 3960 Ennodio
2077 3896 2109 3959 in

453 3999 612 4086 Epiphani
643 4000 833 4064 tricesimum
863 3999 1027 4064 sacerdotii
1054 4023 1169 4065 annum
1193 4006 1233 4086 (p.
1249 4004 1299 4081 49,
1311 4005 1376 4082 20),
1410 4025 1479 4067 cunr
1508 4002 1560 4066 ille
1587 4003 1748 4066 etiamtum
1775 4002 1953 4086 incorrupta
1980 4000 2111 4064 sanitate

453 4114 543 4184 essct,
566 4103 663 4168 dictio
678 4103 787 4168 habitu
800 4103 851 4182 sit,
867 4103 1027 4190 Epiphani
1042 4105 1241 4191 episcopatus
1258 4104 1367 4169 incidit
1390 4106 1421 4170 in
1445 4129 1542 4171 annos
1558 4110 1729 4174 loa—rao
1743 4107 1834 4190 (falso
1849 4105 1943 4169 Dion.
1958 4105 2110 4170 Petavias

454 4209 485 4273 iu
508 4208 677 4272 rationario
699 4215 873 4293 temporum
896 4206 915 4271 I
937 4231 966 4292 p.
982 4210 1064 4286 375).

557 4311 671 4377 Vitam
698 4310 857 4397 Epiphani
890 4320 1071 4375 narraturus
1098 4311 1263 4376 Ennodius
1296 4322 1427 4377 testatur
1458 4337 1491 4376 so
1524 4295 1593 4392 ,sab
1620 4313 1718 4376 oculis
1754 4314 1928 4398 praesentia
1955 4336 2052 4400 paene
2080 4322 2111 4377 et

453 4416 585 4480 nimium
603 4423 678 4479 nota
693 4420 942 4478 commemorare‘
966 4421 1006 4500 (p.
1022 4418 1073 4495 85,
1086 4419 1151 4494 17);
1175 4425 1283 4480 contra
1305 4440 1340 4481 ea
1363 4440 1393 4502 p.
1411 4420 1512 4496 109,4
1535 4415 1690 4496 admouet,
1713 4426 1748 4480 at
1769 4426 1852 4502 ,post
1873 4439 1992 4482 arrnosa
2014 4418 2110 4480 eani-

453 4520 533 4584 cula‘
554 4527 685 4583 mortem
701 4517 862 4604 Epiphani
885 4517 995 4582 deflere
1019 4517 1210 4584 desisterent.
1244 4542 1323 4605 quae
1338 4520 1434 4583 verba
1457 4542 1643 4605 quamquam
1661 4521 1740 4584 inter
1761 4543 1794 4583 se
1816 4543 1879 4584 non
1895 4519 2109 4598 adversantur,

454 4634 557 4689 tamen
580 4622 621 4688 ad
643 4631 759 4686 certam
776 4630 899 4707 tempas
915 4621 1134 4696 definiendam,
1157 4646 1219 4708 qao
1235 4625 1352 4709 scripta
1374 4625 1445 4705 sint,
1468 4645 1530 4687 uon
1547 4632 1620 4687 sunt
1635 4623 1754 4688 idonea.
1788 4623 1901 4710 ‹prodsi
1923 4625 2110 4710 quaerimus,

453 4737 558 4792 atrum
586 4725 688 4790 Ticini
719 4748 759 4789 an
789 4725 963 4790 Mediolani
991 4737 1201 4791 commoratus
1231 4727 1397 4793 Ennodius
1426 4728 1524 4791 vitam
1551 4727 1709 4813 Epiphani
1739 4728 1911 4813 scripserit,
1939 4727 2029 4813 plara
2051 4750 2109 4813 pro

452 4831 565 4896 Ticino
587 4839 619 4895 et
646 4839 754 4894 eontra
776 4828 993 4893 Mediolanum
1017 4830 1120 4895 afferri
1143 4841 1284 4917 possunt.
1329 4855 1400 4896 nam
1431 4853 1496 4909 res,
1523 4853 1600 4916 qaas
1624 4830 1804 4918 descripsit,
1827 4854 1939 4916 magna
1961 4840 2049 4918 pane
2071 4853 2110 4894 ex

452 4934 563 4999 litteris
593 4934 623 4999 in
652 4935 791 5020 episcopi
813 4933 989 4998 Tioirrensis
1020 4935 1176 4999 tabulario
1199 4936 1329 5000 servatis
1359 4935 1501 4999 hausisse
1523 4934 1660 5013 videtur,
1689 4945 1754 4999 tam
1776 4957 1856 5020 qaae
1879 4945 1918 5020 (p.
1934 4939 1984 5015 89,
1996 4940 2048 5015 23)
2071 4936 2110 5000 de

452 5038 691 5124 metropolitana
713 5037 860 5102 iactantia
882 5038 1024 5117 inseruit,
1047 5038 1095 5104 bis
1115 5039 1366 5104 Mediolanenses
1390 5038 1538 5123 petiaisse
1560 5037 1786 5102 existimandus
1809 5047 1871 5116 est,
1894 5037 2005 5103 deinde
2027 5040 2111 5104 Lau-

453 5142 586 5207 rentium
614 5142 797 5228 episcopam
824 5139 1095 5206 Mediolanensem
1118 5149 1158 5229 tp.
1174 5146 1226 5223 99,
1237 5147 1288 5210 36.
1312 5145 1383 5221 loo,
1398 5145 1428 5221 2)
1457 5151 1521 5206 tam
1549 5142 1660 5206 ieiunis
1688 5142 1791 5206 verbis
1815 5151 2050 5222 conarrernorat,
2077 5152 2111 5208 at

452 5245 539 5311 nulla
560 5269 593 5310 re
620 5244 775 5309 indicetur
803 5243 985 5309 Ennodiam
1011 5256 1078 5310 tum
1107 5246 1168 5310 iam
1199 5247 1342 5312 clericam
1370 5245 1467 5310 fuisse
1496 5246 1772 5310 Mediolanensem.
1818 5246 1872 5310 scd
1901 5255 2008 5312 contra
2035 5248 2110 5312 haec

453 5348 638 5438 pmferenda
659 5358 734 5414 aaut
755 5348 833 5426 alia,
861 5348 976 5434 quibas
1004 5349 1103 5414 vitam
1126 5349 1285 5436 Epiphani
1308 5358 1381 5435 post
1407 5371 1522 5414 aunum
1546 5353 1622 5429 499,
1649 5373 1712 5436 qao
1739 5373 1822 5414 anno
1844 5349 2025 5415 Ennodiam
2048 5351 2109 5415 iam

451 5453 627 5520 Mediolani
648 5453 747 5518 firisse
769 5474 865 5537 supra
893 5453 1072 5531 statuimuS,
1100 5455 1246 5540 scriptam
1275 5475 1343 5518 esse
1372 5476 1441 5518 mea
1463 5451 1587 5538 (pridem
1612 5454 1765 5518 sententia
1787 5455 1961 5519 necessario
1984 5455 2111 5519 demon·

452 5566 577 5622 stratur.
622 5554 792 5621 dolendam
815 5565 877 5634 est,
905 5555 990 5641 quod
1017 5556 1056 5621 de
1079 5559 1142 5622 vita
1173 5557 1221 5622 vel
1252 5566 1352 5622 morte
1380 5557 1563 5622 Honoratus
1591 5565 1623 5620 et
1649 5557 1852 5639 Lumiaosae,
1882 5582 1959 5644 qaas
1990 5568 2023 5622 ut
2048 5558 2111 5622 ianr

453 5671 592 5726 mortuas
609 5659 774 5725 Ennodius
790 5657 906 5740 laudat,
929 5660 1005 5724 nihil
1022 5671 1154 5727 constat.
1185 5662 1279 5726 etiam
1293 5661 1410 5727 Victor
1424 5661 1589 5749 episcopas
1605 5659 1784 5728 Taurinatis
1800 5663 1886 5727 urbis
1910 5661 1950 5726 ab
1964 5659 2111 5725 Errncdio
