4596 6450
700 379 956 436 Panacvnlcvs
975 379 1104 434 DIC'I'VS
1123 379 1363 436 THEODERICO.
1797 387 1858 446 2¹3

205 557 347 623 inscitia:
378 563 411 620 te
440 555 557 620 summi
585 555 638 620 dei
661 555 820 618 cultorem
843 554 885 617 ab
909 555 978 639 ipso
1003 553 1084 618 lucis
1107 553 1217 618 limine
1241 554 1411 618 instructio
1435 554 1545 619 vitalis
1568 553 1718 618 instituit.
1764 575 1858 618 num-

206 681 304 746 quam
327 659 473 745 applicas
496 658 663 723 laboribus
688 659 766 737 tuis,
795 656 881 742 quod
906 663 1043 721 eventus
1066 657 1184 722 dexter
1207 657 1375 722 obtulerit:
1408 658 1471 721 sais
1494 658 1527 720 in
1549 663 1583 720 te
1607 676 1733 730 curam,
1757 678 1859 742 penes

114 797 135 838 p.
149 789 187 829 ιιι
207 764 303 830 deum
332 761 544 848 perfectiouis
576 782 651 826 esse
681 761 904 825 substantiam.
950 761 1020 845 agis
1047 769 1084 824 ut
1112 782 1270 847 prospera
1292 763 1449 826 merearis
1472 760 1623 846 adipisci,
1654 761 1713 826 sed
1736 762 1859 847 potitus

205 868 357 932 universa
381 865 542 930 adscribis
566 866 701 929 auctari.
736 864 875 929 exhibes
898 864 1014 929 robore
1032 865 1201 950 vigilantia
1218 866 1438 951 prosperitate
1455 866 1646 951 principem,
1669 872 1859 930 mansuetu·

141 1008 152 1044 ,ι
205 971 281 1036 dine
312 969 528 1035 sacerdotem.
582 969 674 1055 quid!
707 969 829 1033 frustra
850 969 989 1032 maiores
1019 969 1121 1032 nostri
1155 967 1247 1033 divos
1276 977 1309 1033 et
1338 969 1509 1054 pontifices
1536 977 1707 1048 vocarunt,
1742 963 1909 1053 quibusSt

204 1081 335 1160 sceptra
358 1074 487 1138 conlata
509 1079 593 1137 sunt.
638 1074 803 1158 singulare
828 1081 880 1139 est
902 1076 1032 1139 actibus
1056 1076 1192 1160 implere
1216 1077 1458 1140 sanctissimum
1475 1083 1508 1140 et
1524 1075 1712 1142 veneranda
1729 1077 1862 1141 nomina

204 1200 269 1244 uon
299 1177 435 1244 habere.
481 1198 541 1242 rex
573 1198 666 1242 meus
698 1177 740 1240 sit
767 1178 837 1242 iure
861 1179 1111 1254 Alamannicus,
1144 1179 1274 1243 dicatur
1299 1181 1436 1245 alienus.
1481 1186 1518 1243 ιιι
1545 1179 1639 1244 divus
1661 1181 1761 1245 vitam
1785 1185 1862 1265 agat

205 1303 247 1346 ex
281 1281 390 1346 fructu
425 1281 645 1346 conscientiae
680 1301 742 1346 nac
776 1283 922 1367 requirat
954 1303 1134 1368 pomposae
1163 1283 1323 1348 vocabula
1357 1279 1444 1348 nuda
1478 1267 1671 1363 iactantiae,
1705 1285 1738 1348 in
1770 1285 1861 1347 cuius

205 1385 350 1452 moribus
374 1386 505 1451 veritati
528 1385 670 1450 militant
692 1384 916 1451 blandimenta
939 1387 1107 1450 maiarum.

313 1488 442 1553 XVIII.
473 1487 614 1568 Vellem,
638 1489 752 1570 fateor,
776 1487 816 1552 ad
841 1490 997 1553 arationis
1014 1491 1188 1554 terminum
1207 1491 1309 1553 vietus
1332 1496 1500 1574 gestorum
1518 1495 1646 1554 tuarum
1663 1489 1857 1553 enormitate
1871 1487 1912 1548 82

205 1590 407 1658 descendere
431 1598 465 1657 et
488 1593 636 1657 novellas
659 1592 796 1658 adoreas
819 1592 995 1658 hebetatus
1018 1595 1198 1678 priscarum
1221 1593 1294 1657 lnce
1318 1594 1467 1658 transire.
1515 1590 1803 1678 quemadmodum,
1835 1593 1862 1654 si

206 1696 344 1761 aetherii
368 1695 441 1761 axis
465 1697 499 1760 iu
522 1716 694 1760 numerum
712 1695 862 1781 redigere
880 1705 1072 1762 ornamenta
1089 1697 1266 1762 voluissem
1284 1704 1319 1761 et
1333 1697 1474 1760 trionum
1490 1696 1618 1781 fulgore
1634 1694 1861 1780 conprehensa

205 1801 290 1866 caeli
308 1798 460 1864 decorem
477 1799 638 1884 inpotenti
655 1800 768 1885 lingua
782 1799 1017 1880 describerem,
1041 1801 1173 1865 cederet
1195 1799 1303 1864 divino
1321 1799 1489 1886 splendori
1505 1800 1651 1878 mortalis
1668 1799 1862 1876 obscuritas,

205 1905 329 1969 iubaris
352 1902 496 1989 lampadi
520 1923 584 1967 uon
607 1902 773 1966 sufficeret
796 1903 966 1968 humilium
992 1905 1134 1970 scintilla
1149 1925 1348 1968 sermonum:
1383 1904 1464 1969 haec
1481 1925 1534 1969 me
1551 1902 1696 1968 condicio
1717 1903 1863 1987 resignat

206 2008 365 2094 inparem,
390 2027 473 2091 quae
497 2012 620 2071 testata
643 2012 696 2070 est
717 2007 964 2092 obsequentem.

313 2108 407 2176 XIX.
442 2108 527 2174 Nam
549 2108 630 2173 illud
654 2131 717 2194 quo
741 2132 796 2175 ore
820 2111 1054 2176 celebrandum
1078 2118 1138 2192 est,
1163 2111 1248 2197 quod
1264 2111 1374 2176 Getici
1390 2112 1606 2176 instrumenta
1622 2112 1758 2192 robaria,
1783 2109 1860 2175 dum
1873 2109 1914 2172 83

205 2212 359 2297 provides
388 2234 429 2278 ne
460 2213 712 2298 interpellentur
742 2215 809 2279 otia
837 2221 965 2290 nostra,
998 2214 1143 2279 custodis
1173 2221 1207 2279 et
1229 2215 1348 2301 pubem
1370 2215 1563 2281 indomitam
1587 2215 1648 2280 sub
1671 2215 1774 2279 oculis
1796 2214 1862 2277 tuis

204 2317 290 2382 inter
318 2315 405 2380 bana
437 2315 685 2402 tranquillitatis
714 2317 794 2382 facis
825 2318 914 2382 bella
943 2318 1139 2404 proludere?
1185 2317 1291 2383 adhuc
1321 2325 1455 2384 manent
1485 2320 1519 2383 in
1552 2317 1716 2383 soliditate
1747 2318 1863 2382 virium

205 2421 351 2486 victricia
374 2420 506 2504 agmina
529 2427 563 2486 et
586 2421 651 2485 alia
674 2422 738 2485 iam
763 2430 947 2487 creverunt.
984 2422 1142 2487 durantur
1164 2423 1279 2487 lacerti
1302 2423 1480 2486 missilibus
1504 2429 1537 2488 et
1559 2423 1687 2509 inplent
1702 2422 1864 2486 actionem

128 2555 154 2594 ac
206 2525 348 2603 sortium,
372 2523 450 2588 dum
472 2523 636 2600 iacentum
660 2526 770 2610 agitur
786 2526 858 2590 vice
883 2526 1063 2612 spectaculi
1087 2525 1172 2611 quad
1197 2526 1349 2610 sequenti
1372 2531 1520 2611 tempore
1544 2527 1663 2611 poterit
1686 2526 1765 2589 satis
1789 2545 1863 2589 esse

116 2663 137 2704 p.
151 2656 189 2696 ιιι
208 2629 330 2694 virtuti.
379 2627 457 2692 dnm
489 2630 664 2693 ammentis
697 2629 878 2715 puerilibus
908 2629 1040 2714 hastilia
1069 2629 1159 2694 lenta
1186 2634 1389 2713 torquentur,
1424 2628 1500 2693 dum
1534 2649 1628 2693 arcus
1664 2628 1863 2692 cottidianae
1876 2627 1916 2688 84

209 2732 351 2817 capitum
374 2751 474 2796 neces
497 2731 628 2818 lougius
652 2731 806 2817 dirigunt,
829 2732 919 2797 urbis
937 2754 1032 2797 omne
1048 2733 1230 2818 pomerium
1247 2733 1421 2797 simulacra
1438 2732 1679 2817 congressionis
1696 2731 1864 2796 adteritur.

207 2836 275 2921 agit
302 2835 408 2920 figura
436 2836 666 2914 certaminum,
697 2856 740 2901 ns
764 2857 838 2900 cum
862 2837 1007 2922 periculo
1030 2856 1110 2900 vera
1133 2842 1318 2900 nascantur.
1364 2835 1405 2899 ad
1428 2834 1511 2900 haec
1534 2835 1605 2920 quis
1630 2834 1743 2899 credat
1766 2854 1866 2898 unum

208 2946 324 3026 pactus
348 2959 445 3025 passe
477 2938 644 3017 sufficere,
675 2945 711 3002 ιιι
734 2960 793 3025 per
814 2941 999 3026 procinctus
1022 2939 1194 3004 indomitos
1217 2940 1326 3004 vincat
1348 2939 1381 3003 in
1405 2939 1539 3025 praeliis
1563 2945 1598 3003 et
1620 2944 1697 3025 agat
1720 2937 1865 3017 consilia,

129 3073 155 3111 ιι
208 3065 249 3108 ne
280 3042 458 3108 dimicandi
490 3063 592 3106 eausa
621 3042 809 3127 contingat?
855 3042 1016 3108 Rutilium
1048 3049 1082 3107 et
1103 3043 1261 3108 Manlium
1294 3043 1499 3128 conperimus
1529 3041 1758 3128 gladiatorium
1787 3037 1919 3105 con-85
1963 3120 1968 3130 ⁶

207 3147 330 3212 dietum
360 3147 575 3231 magistrante
605 3147 735 3232 populis
765 3147 972 3232 providentia
1007 3147 1201 3223 contulisse,
1233 3153 1270 3210 ut
1297 3146 1383 3210 inter
1411 3146 1592 3211 theatrales
1622 3166 1739 3209 caveas
1769 3143 1864 3228 plebs
1879 3121 2007 3225 ‘lliffifl‘

207 3249 360 3314 diuturna
389 3269 471 3336 pace
499 3269 656 3334 possessa
685 3249 761 3335 quid
790 3250 822 3313 iu
851 3251 922 3314 acie
946 3256 1118 3336 gereretur
1139 3253 1341 3334 agnosceret.
1387 3247 1444 3314 sed
1468 3255 1544 3314 tunc
1568 3248 1692 3313 seriatis
1714 3247 1866 3311 manibus

207 3354 331 3418 frustra
356 3353 465 3418 sociae
489 3359 610 3417 mortes
633 3353 870 3437 ingerebantur
892 3353 1050 3439 aspectui.
1095 3373 1272 3438 numquam
1295 3351 1382 3417 bana
1406 3359 1494 3432 sunt,
1525 3373 1607 3438 quae
1631 3373 1651 3416 a
1673 3351 1874 3440 crudelitate⁸

207 3458 343 3522 veniunt
374 3457 541 3520 instituta:
575 3461 612 3520 ut
638 3463 844 3521 armarentur
874 3462 988 3520 cantra
1018 3455 1168 3519 inimicos
1196 3456 1312 3536 animi,
1341 3457 1429 3541 prius
1452 3455 1563 3520 videre
1593 3456 1695 3520 exitia
1725 3477 1865 3520 suarum.

131 3589 157 3626 ιι
208 3560 334 3625 interea
362 3560 418 3623 illa
447 3560 650 3644 congressio,
678 3559 766 3644 quod
795 3558 907 3624 docuit
930 3559 1054 3637 exitus,
1083 3579 1148 3622 non
1171 3566 1238 3624 tam
1263 3561 1394 3646 peperit
1414 3559 1617 3624 incrementa
1638 3559 1746 3624 robori
1769 3579 1866 3643 quam

208 3664 337 3749 pavori:
361 3663 448 3727 iuter
472 3662 633 3728 secundas
656 3684 708 3728 res
732 3662 846 3727 didicit
869 3662 1037 3727 inbellium
1061 3663 1189 3726 animus
1213 3663 1290 3748 quid
1313 3664 1454 3727 timeret.
1499 3663 1573 3727 vide
1598 3661 1866 3726 adinventionum
1878 3658 1919 3719 86

192 3766 417 3831 'diversitates
440 3767 539 3851 plena
569 3766 654 3830 calle
688 3765 860 3831 distantes:
893 3765 957 3829 illis
981 3787 1060 3830 vera
1083 3765 1205 3829 crucris
1230 3767 1346 3830 effusio
1370 3766 1494 3831 animos
1517 3787 1537 3830 a
1560 3765 1767 3830 dimicatione
1791 3763 1868 3828 sub-

94 3897 96 3900 ·
208 3871 322 3951 movit,
357 3871 411 3934 hic
442 3868 704 3934 adulescentium
733 3869 826 3954 vigor
853 3869 894 3932 de
924 3867 1067 3953 imagine
1095 3869 1253 3932 mentitae
1284 3869 1539 3934 concertationis
1569 3866 1752 3946 incanduit,
1789 3886 1869 3951 quas

208 3995 353 4060 praecox
375 3979 468 4038 aetas
490 3977 538 4035 tot
560 3979 684 4036 mortes
708 3971 972 4036 adversariorum
994 3972 1159 4057 repositus
1182 3971 1292 4036 docuit
1307 3971 1429 4036 habere
1447 3978 1526 4056 quot
1542 3971 1678 4056 spicula,
1701 3989 1766 4033 nou
1784 3970 1869 4034 inter

133 4102 158 4141 ιι
211 4077 358 4143 exoticas
385 4077 554 4142 discursus
586 4075 714 4140 adsueti
746 4077 942 4141 saretrarum
977 4074 1148 4160 dispendia
1178 4076 1394 4158 neglegenter
1422 4075 1590 4140 effundere
1618 4094 1679 4138 nee
1709 4073 1742 4137 in
1773 4092 1868 4136 auras

211 4181 313 4245 exitia
334 4179 511 4245 manifesta
534 4186 699 4264 torquere,
722 4184 772 4243 tat
795 4179 942 4243 exacturi
966 4179 1101 4258 animas,
1126 4183 1205 4262 quot
1228 4178 1295 4242 tela
1318 4179 1527 4244 vibraverint.

319 4283 395 4348 XX.
427 4282 494 4348 Sed
517 4283 605 4347 iuter
625 4283 806 4368 praeliares
823 4283 905 4346 forte
923 4301 1106 4364 successus,
1130 4281 1247 4367 quibus
1264 4301 1377 4345 omnes
1393 4281 1527 4345 instruis
1542 4288 1576 4344 et
1592 4279 1745 4344 concilias
1762 4277 1870 4341 omina
1882 4273 1923 4335 87

117 4417 140 4460 p.
155 4411 195 4451 ιιι
213 4386 359 4452 secunda
381 4384 543 4466 vincendi,
567 4385 731 4450 civilitatis
755 4383 919 4451 dulcedini
942 4386 987 4449 nil
1010 4391 1183 4450 reservas?
1221 4385 1292 4469 quis
1309 4384 1422 4450 credat
1437 4385 1556 4449 heroas
1573 4391 1646 4448 tuos
1663 4382 1870 4469 peregrinam

211 4510 275 4554 nan
297 4509 466 4576 respuere,
490 4487 567 4552 dum
591 4495 666 4552 sunt
689 4489 874 4573 tranquilla,
896 4488 1119 4553 formidinem!
1158 4508 1234 4552 nam
1257 4486 1415 4552 indomita
1438 4487 1524 4552 inter
1545 4487 1635 4552 acies
1659 4485 1791 4572 ingenia
1815 4485 1870 4548 lex

315 4749 328 4801 1
353 4751 443 4802 limine
458 4749 492 4800 Μ
495 4746 545 4813 U2,
568 4749 665 4801 lumine
683 4749 758 4801 ceter-i
887 4745 905 4799 2
927 4749 1050 4815 amplicat
1063 4746 1089 4797 B
1182 4749 1273 4814 pacuis
1295 4748 1371 4799 deum
1393 4749 1455 4815 pars.
1469 4747 1502 4810 Β,
1525 4749 1598 4816 penis
1622 4748 1653 4798 da
1677 4747 1775 4814 impert.
1797 4746 1872 4796 ceteri

210 4837 228 4888 3
245 4854 307 4906 agas
319 4836 346 4887 Β
441 4834 459 4886 4
476 4837 583 4888 ucribis
600 4835 625 4884 V
718 4833 735 4886 5
755 4836 857 4886 maioris
870 4834 896 4885 Β
956 4835 1033 4886 diuus
1046 4833 1071 4883 B
1132 4831 1306 4886 uocarentB¹
1403 4831 1420 4882 t
1438 4833 1530 4885 collata
1545 4834 1569 4882 V
1664 4830 1680 4882 'I
1699 4849 1750 4884 non
1769 4828 1870 4896 trabere]

211 4922 245 4974 ιιὸ
261 4925 324 4975 bara
339 4921 384 4973 VL
499 4921 517 4973 8
534 4919 590 4986 nac]
610 4938 642 4973 ns
657 4921 683 4972 B
761 4922 871 4986 riquirat
882 4919 908 4970 Β
1023 4917 1057 4970 10
1074 4920 1163 4971 usllim
1176 4919 1201 4968 B
1279 4919 1423 4970 inormitate
1436 4919 1473 4969 Βν
1583 4918 1614 4971 11
1633 4919 1781 4970 discendere
1796 4916 1872 4967 BVL

212 5010 341 5061 habitatus
352 5007 379 5058 Β
474 5005 507 5058 13
525 5008 688 5059 discriberam
698 5007 775 5058 BVL
836 5007 937 5058 cederet
950 5003 1020 5071 r2p,
1037 5007 1143 5057 caedere
1156 5005 1190 5069 B,
1208 5005 1298 5056 cedere
1310 5014 1353 5056 cet.
1417 5006 1517 5056 mortali
1530 5004 1607 5055 BVL
1703 5001 1736 5054 18
1753 5001 1872 5054 manetB

214 5093 246 5146 19
264 5094 490 5162 inplanctationam
503 5092 529 5144 B
649 5091 681 5143 21
701 5093 837 5144 ammentis
849 5091 934 5154 BVI),
951 5092 1059 5142 amentis
1076 5092 1123 5142 rel.
1205 5093 1349 5144 cotidianae
1367 5090 1390 5140 V
1507 5089 1541 5141 22
1559 5092 1662 5158 langius
1674 5091 1707 5154 B,
1729 5109 1777 5141 om.
1795 5089 1871 5139 reteri

212 5182 359 5250 diriguntur
366 5198 388 5246 p
513 5177 548 5230 23
566 5195 627 5231 uero
640 5178 718 5230 Sirra.
841 5175 874 5229 at
893 5178 1034 5229 indomitus
1045 5176 1071 5226 B
1191 5174 1226 5227 25
1243 5179 1357 5244 contigat
1369 5177 1394 5228 B
1479 5178 1606 5229 Rutilium
1618 5177 1641 5240 b,
1664 5177 1770 5228 rutilum
1785 5173 1870 5235 BVL,

212 5269 329 5320 rutilluru
353 5265 414 5326 nd·
442 5266 477 5330 cs.
495 5263 637 5315 Muranum
659 5264 781 5316 Zeitselrr.
804 5265 824 5326 f.
847 5263 1021 5330 Recbnpeaclr.
1041 5261 1069 5312 X
1084 5267 1119 5313 47
1139 5271 1162 5314 et
1183 5263 1310 5314 Br'r'elreler
1333 5263 1402 5314 Mas.
1426 5263 1508 5315 nam.
1532 5261 1693 5314 XXXVIII
1715 5259 1801 5326 (1883)
1825 5263 1873 5310 476

212 5353 246 5405 26
264 5354 416 5406 conmlissst
427 5351 452 5402 B
552 5351 684 5402 mandis
697 5351 723 5401 Β
859 5347 892 5400 27
910 5335 1038 5417 gerii-etur
1055 5349 1080 5400 B
1216 5347 1251 5400 28
1269 5351 1356 5402 mortis
1371 5347 1562 5400 BVLI'MIIF
1659 5348 1837 5414 ingeribautur
1848 5345 1873 5395 B

212 5439 248 5491 30
264 5441 351 5492 rubori
365 5438 389 5489 B
498 5435 532 5487 31
551 5437 646 5488 didicat
659 5436 684 5486 Β
707 5450 713 5463 ·
795 5435 830 5488 32
848 5437 1004 5488 diuersitutis
1016 5435 1041 5486 B
1111 5437 1212 5486 animus
1225 5435 1250 5486 B
1357 5433 1393 5485 33
1411 5435 1609 5487 aduliscentium
1622 5432 1648 5483 Β
1752 5429 1786 5482 34
1805 5431 1873 5496 quod

212 5528 309 5596 spicala
321 5525 346 5576 Β
410 5526 476 5576 inter
493 5525 608 5576 exoticas
621 5523 722 5590 τοι-ψει,
739 5525 896 5575 teraxoticns
909 5523 986 5574 BVL
992 5523 1045 5582 ΤΒ,
1064 5531 1088 5574 ta
1107 5540 1153 5574 rex
1173 5524 1255 5573 eticns
1273 5521 1330 5582 ΠΒ,
1348 5529 1426 5572 terret
1443 5521 1559 5570 exoticus
1571 5521 1594 5582 d,
1612 5535 1657 5586 per
1668 5518 1782 5568 exoticos
1795 5516 1873 5567 arm

212 5613 247 5664 35
265 5613 360 5665 adsciti
373 5612 398 5662 B
484 5611 662 5678 pharetrarum
680 5609 703 5658 V
824 5607 858 5660 33
876 5607 950 5676 quot]
970 5610 1038 5674 quod
1054 5609 1079 5658 B
1206 5604 1239 5657 37
1258 5608 1371 5657 instruas
1382 5604 1409 5656 Β
1529 5603 1563 5655 38
1581 5605 1671 5654 heroas
1689 5609 1747 5653 tuos
1760 5602 1784 5664 d,
1801 5616 1875 5652 arcas

212 5708 273 5751 tuus
290 5700 388 5751 codices
457 5694 651 5768 perigrinamB
757 5695 792 5748 39
810 5705 872 5748 sunt
885 5695 919 5759 Β,
936 5697 988 5747 sint
1005 5697 1081 5746 ceteri
