4596 6450
938 359 1025 414 CXIX
1044 360 1167 426 (EPIS'I'.
1187 361 1212 424 4,
1230 364 1267 428 3),
1286 362 1358 417 CXX
1379 362 1501 431 (EPIST.
1520 365 1545 426 4,
1563 363 1599 431 4).

1088 669 1204 739 CXIX
1228 672 1337 758 (crrsr.
1354 678 1384 749 4,
1401 673 1447 758 3).

897 866 1104 942 EVLALIO
1132 867 1365 942 EPISCOPO
1393 868 1642 944 ENNODIVS.

557 1013 723 1107 Trinitati
753 1045 874 1128 gratiss
903 1043 965 1108 deo
994 1050 1122 1122 nostro,
1153 1044 1208 1128 qui
1239 1045 1361 1108 fascem
1385 1065 1450 1130 quo
1474 1043 1638 1130 deprimor
1661 1053 1869 1130 peccatorum
1894 1045 1987 1110 fortis
2012 1046 2098 1132 apud

441 1164 475 1208 se
499 1146 559 1210 viri
583 1147 752 1212 alacritate
776 1153 953 1225 sustentat,
984 1149 1038 1233 qui
1061 1150 1250 1213 memoriam
1275 1149 1339 1213 mei
1362 1150 1394 1212 in
1416 1149 1473 1213 illo
1496 1151 1601 1213 sancti
1625 1150 1767 1235 pectoris
1791 1150 1836 1213 tui
1866 1151 2005 1236 templo,
2034 1172 2099 1236 quo

441 1248 564 1332 gaudet
587 1249 752 1330 Christus,
784 1252 914 1317 subtilis
945 1252 1122 1317 fabricator
1149 1253 1328 1332 interserit,
1361 1260 1399 1317 ut
1426 1251 1511 1337 quod
1540 1252 1692 1337 propriae
1723 1254 1981 1319 conversationis
2012 1254 2098 1318 nube

441 1351 575 1432 fuscavi,
600 1353 771 1439 splendida
793 1357 1011 1420 conscientiae
1028 1362 1159 1421 vestrae
1184 1357 1363 1421 serenitate
1387 1355 1566 1440 detergeat.
1606 1357 1671 1420 iam
1687 1357 1761 1420 novi
1778 1358 1935 1443 quianon
1951 1358 2098 1422 ineffica-
2164 1407 2167 1414 .

409 1456 521 1520 fciter
543 1457 723 1522 funduntur
747 1459 889 1524 lamenta
913 1462 1126 1546 peccantium.
1173 1461 1235 1525 hoc
1258 1461 1336 1525 mihi
1360 1460 1508 1546 principe
1532 1460 1603 1523 loco
1628 1461 1731 1523 oratio
1754 1481 1838 1542 mea,
1861 1461 1922 1525 hoc
1946 1461 2100 1525 lacrimae

439 1561 659 1642 contulerunt,
690 1569 726 1626 ut
753 1563 907 1627 robustus
938 1585 997 1650 pro
1028 1585 1080 1629 me
1111 1571 1263 1650 precator
1290 1585 1502 1649 exsurgeres,
1533 1571 1569 1627 ut
1598 1562 1787 1627 labantibus
1817 1565 1936 1628 umeris
1965 1563 2101 1626 caelesti

439 1664 597 1728 munitam
627 1667 748 1730 auxilio
782 1666 953 1732 dexteram
984 1667 1188 1753 subrogares,
1234 1689 1345 1733 varum
1378 1675 1429 1732 est
1462 1668 1537 1753 quia
1567 1668 1639 1731 sola
1669 1666 1757 1752 apud
1787 1667 1884 1732 deum
1913 1667 2101 1752 desperatio

439 1767 548 1851 perdit
578 1775 752 1836 errantem.
798 1792 876 1836 ecce
906 1772 970 1836 iam
1001 1771 1113 1835 lolium
1144 1779 1291 1836 nostrum
1321 1773 1434 1858 spinae
1458 1773 1511 1837 vel
1542 1771 1651 1836 tribuli
1675 1769 1799 1836 hordea
1821 1771 1964 1835 triticum
1988 1771 2102 1834 vineas

410 1870 648 1954 3pollicentur.
686 1894 760 1958 age,
784 1875 890 1940 electe
907 1875 970 1954 dei,
993 1896 1052 1960 pro
1069 1897 1122 1940 me
1144 1875 1258 1939 humili
1282 1875 1367 1960 quod
1391 1875 1538 1960 coepisti,
1562 1880 1596 1939 et
1619 1875 1767 1960 partibus
1790 1874 1853 1938 tuis
1876 1873 2000 1954 adesto,
2023 1873 2101 1936 dum
2165 1903 2177 1936 a

442 1993 575 2058 precum
604 1975 636 2039 in
666 1997 717 2041 me
754 1975 950 2042 adsiduitate
982 1977 1078 2042 diluis
1111 1978 1198 2063 quod
1228 1999 1291 2063 ago
1324 1978 1440 2062 collegi
1470 1978 1621 2043 ubertate
1652 1978 1830 2064 culparum.
1875 1977 2103 2063 frequentibus

440 2077 539 2142 etiarn
569 2088 759 2166 susceptum
789 2102 888 2167 pasce
918 2082 1114 2166 conloquiis,
1147 2088 1182 2146 ut
1210 2083 1371 2147 insulsum
1400 2088 1516 2168 pectus
1547 2103 1609 2146 nec
1640 2082 1708 2144 ulla
1736 2081 1892 2145 virtutum
1922 2080 2102 2145 stabilitate

441 2181 617 2246 subnixum
641 2183 871 2248 admonitionis
896 2186 964 2251 sale
989 2186 1162 2251 consortes.
1202 2186 1242 2250 ad
1268 2187 1425 2271 obsequia
1448 2185 1654 2250 salutationis
1677 2191 1824 2250 revertor
1839 2192 1873 2250 ct
1889 2186 2103 2271 epistularem

441 2293 663 2370 transgressus
687 2290 861 2352 terminum
884 2311 984 2353 unum
1006 2291 1096 2354 velut
1117 2291 1268 2374 garrulus
1291 2290 1348 2355 sed
1372 2314 1431 2377 pro
1454 2289 1706 2352 necessitatibus
1730 2289 1923 2374 inportunus
1947 2289 2102 2374 adiungo,

442 2396 554 2454 utine
578 2392 649 2456 sine
673 2393 857 2458 cessatione
881 2400 1007 2458 tantum
1030 2394 1122 2459 iuves
1147 2394 1313 2480 precibus,
1337 2401 1493 2479 quantum
1518 2392 1689 2457 confirmas
1712 2393 1875 2479 alloquiis.
1920 2395 2005 2458 vale.

412 1023 422 1080 l

1107 2718 1203 2788 CXX
1226 2719 1335 2805 (nrrsr.
1354 2725 1384 2802 4,
1401 2721 1446 2806 l).

716 2917 979 2992 EXEMPLAR
1005 2916 1270 2991 EPlSTVLAE
1297 2916 1434 3006 QVAM
1461 2917 1565 2990 IPSE
1591 2914 1830 2991 DICTAVIT.

1078 3053 1264 3127 FRATRI
1291 3053 1468 3128 SOROR.

418 3225 430 3284 l
559 3197 731 3309 Quamvis
755 3240 948 3296 summatem
972 3233 1109 3318 gratiam
1134 3231 1234 3316 aliqui
1257 3232 1401 3297 debcant
1424 3233 1521 3295 etiam
1547 3232 1640 3296 malis
1665 3233 1697 3294 in
1720 3231 1894 3294 affcctione
1916 3229 2109 3315 pignoribus

447 3352 508 3394 nec
531 3333 621 3415 illud,
644 3337 730 3421 quod
753 3339 941 3423 posteritati
964 3337 1126 3418 tribuitur,
1153 3336 1345 3400 beneficium
1360 3342 1494 3421 putetur
1510 3358 1584 3400 esse
1601 3336 1659 3400 sed
1675 3334 1832 3412 debitum,
1856 3354 1928 3397 cum
1945 3332 2108 3417 malignus

447 3435 609 3522 interpres
632 3438 785 3505 iudicium
810 3442 916 3506 cordis
940 3447 1076 3506 naturae
1107 3439 1218 3505 subdit
1247 3439 1397 3525 inperiis,
1428 3446 1460 3503 et
1483 3440 1601 3504 tollens
1630 3459 1782 3524 saporem
1815 3435 2007 3520 diligentiae
2036 3434 2108 3500 sola
2157 3487 2168 3498 .

301 3525 357 3634 [5ξῇ
363 3531 440 3636 *guff-
450 3538 625 3606 visendum
648 3549 743 3630 putet
766 3544 950 3610 obiectione
972 3543 1138 3630 pariendi,
1170 3543 1299 3628 quando
1324 3543 1397 3628 plus
1422 3542 1566 3608 creditur
1588 3542 1633 3606 lili
1658 3540 1852 3606 vocabulum
1876 3541 1987 3604 valore
2011 3561 2109 3624 quam

449 3643 654 3731 obsequium,
679 3653 712 3713 ct
735 3668 800 3712 non
825 3649 993 3734 quaeritur
1016 3648 1092 3733 quid
1116 3649 1148 3712 in
1172 3648 1292 3712 amoris
1308 3648 1401 3712 lance
1418 3667 1612 3732 promoveas
1628 3645 1686 3710 sed
1702 3645 1798 3730 quale
1815 3643 1857 3708 ad
1872 3642 2110 3730 praeiudicium

449 3749 635 3815 aestimanti
658 3773 778 3818 nomen
801 3774 958 3838 opponas,
983 3775 1055 3818 cum
1078 3749 1164 3838 apud
1189 3750 1367 3838 prudentes
1390 3750 1514 3816 frustra
1537 3750 1685 3815 subolem
1709 3748 1856 3828 dicimus,
1886 3747 1950 3812 nisi
1974 3747 2112 3812 exhibet

416 3851 534 3938 2quod
557 3861 702 3924 vocatur.
747 3877 824 3921 nam
851 3857 905 3941 qui
936 3857 969 3921 in
997 3858 1091 3942 prole
1125 3877 1297 3920 censuram
1328 3855 1488 3940 neglegit,
1520 3859 1711 3939 conceptum
1741 3853 1846 3937 magis
1869 3851 2025 3936 designat
2048 3851 2109 3916 sibi

447 3957 579 4043 placere
612 3979 708 4042 quam
741 3961 902 4026 meritum.
953 3961 1097 4026 facessat
1129 3961 1162 4024 in
1193 3960 1334 4045 posteris
1370 3959 1433 4022 hoc
1468 3958 1573 4022 solum
1608 3978 1667 4020 nos
1703 3957 1850 4040 cogitare
1884 3955 1975 4040 quod
2004 3955 2110 4020 libuit.
2158 3977 2180 4016 ιι

449 4060 570 4126 etenim
594 4063 718 4128 fructus
748 4064 847 4144 uteri,
879 4065 940 4128 nisi
966 4065 1141 4130 honestate
1171 4063 1385 4149 respondeat,
1416 4063 1489 4147 plus
1520 4062 1553 4126 iu
1580 4060 1768 4126 testimonio
1797 4059 1952 4125 lasciviae
1980 4059 2112 4124 videtur

448 4165 601 4231 evenisse
632 4188 729 4252 quam
760 4167 897 4252 gratiae.
949 4169 998 4234 fas
1027 4168 1114 4234 enim
1145 4174 1198 4232 est
1226 4165 1452 4252 germanitatis
1485 4187 1617 4251 sempor
1646 4164 1744 4229 fidele
1779 4164 1978 4228 consortium
2011 4164 2111 4229 etiarn

447 4269 606 4355 partubus
630 4271 796 4336 anteferri.
842 4270 937 4336 datur
960 4272 1155 4359 participem
1179 4271 1314 4357 originis
1338 4271 1383 4334 sic
1408 4269 1535 4350 haberi,
1558 4275 1595 4334 ut
1616 4290 1678 4334 nec
1702 4266 1917 4332 consideratio
1942 4265 2111 4350 sanguinis

418 4374 647 4459 3naglegatur
677 4380 710 4440 et
738 4374 945 4440 descendens
968 4398 988 4440 a
1010 4377 1126 4442 merito
1157 4375 1310 4441 laudetur
1339 4395 1489 4442 examen.
1536 4378 1569 4437 et
1596 4373 1734 4438 ideone
1760 4371 1897 4436 sinuosis
1920 4371 1953 4434 in
1976 4369 2110 4456 longum

450 4477 631 4564 procedant
647 4478 750 4544 verba
771 4480 972 4566 praeloquiis
996 4488 1030 4546 ot
1053 4479 1139 4567 quod
1164 4502 1198 4545 re
1222 4485 1398 4564 angustum
1421 4482 1471 4542 est
1495 4483 1623 4542 crescat
1646 4477 1764 4542 affatu:
1788 4475 1883 4554 dono,
1906 4475 1940 4538 in
1956 4474 2111 4539 fraterni-

450 4588 552 4646 tatem
581 4588 670 4646 tuam
702 4582 835 4648 confero
866 4588 899 4648 et
927 4584 992 4649 iuri
1020 4591 1076 4649 tuo
1109 4590 1269 4670 perpetua
1302 4582 1456 4647 libertate
1484 4579 1676 4645 transfundo
1709 4579 1905 4664 mancipium
1936 4578 2017 4668 iuris
2045 4578 2111 4642 mei

448 4683 530 4749 illud
553 4692 586 4749 et
608 4691 728 4750 cetera.
773 4687 857 4752 vale.

554 4907 657 4977 [CXIX]
706 4909 719 4962 1
739 4912 872 4963 Ennodius
893 4912 950 4963 aul.
970 4929 1010 4980 sp.
1027 4914 1042 4965 b
1189 4907 1211 4960 2Ι
1227 4911 1361 4977 depremor
1376 4908 1402 4960 B
1550 4905 1568 4960 3
1591 4909 1710 4961 sanctob
1859 4907 1876 4958 5
1897 4909 2015 4975 detergat
2031 4907 2112 4960 Tora

451 4997 466 5048 'l
486 4999 632 5065 axsmgoris
649 4997 675 5048 Β
780 4995 979 5050 libantibusB1
1117 4997 1135 5050 8
1153 4998 1300 5064 subrogaris
1315 4996 1453 5048 BVLCPb
1562 4994 1699 5062 disperatio
1711 4992 1789 5045 BVL
1929 4989 1963 5042 10
1980 4995 2071 5061 cepisti
2090 4993 2114 5042 Β

451 5081 483 5134 11
503 5101 608 5151 precum
626 5101 675 5138 orn.
688 5083 714 5134 B
781 5085 931 5138 assiduitate
946 5083 972 5135 V
1040 5084 1145 5136 dinluis
1157 5082 1183 5133 B
1292 5080 1326 5133 12
1343 5082 1478 5148 colloquiis
1493 5082 1518 5133 V
1626 5079 1658 5132 13
1675 5097 1705 5132 aa
1720 5077 1724 5144 l
1739 5080 1817 5131 tionis
1828 5076 1877 5143 131,
1897 5079 1927 5131 lu
1939 5088 2002 5145 port
2019 5079 2114 5131 limum

451 5188 513 5241 aaa.
526 5185 570 5238 ιιι
678 5184 712 5238 14
729 5189 809 5241 uana
822 5188 848 5238 a
960 5185 994 5239 15
1011 5188 1071 5239 uae
1083 5205 1132 5240 aa.
1144 5186 1209 5248 nr,
1225 5184 1311 5255 apua
1326 5154 1354 5236 i·
1373 5203 1433 5254 pam
1450 5185 1569 5255 sparum
1586 5185 1690 5250 annuo
1707 5184 1732 5234 r

557 5289 646 5358 [CXX]
688 5288 721 5341 16
744 5307 815 5343 soror
841 5309 890 5344 cor.
907 5293 934 5356 b,
963 5291 1013 5344 del.
1034 5309 1105 5342 mon.
1127 5308 1177 5342 rec.
1202 5291 1230 5341 io
1246 5290 1271 5339 Β
1406 5288 1439 5342 18
1463 5296 1616 5342 summatem
1641 5287 1745 5340 Iuram
1770 5288 1797 5338 in
1818 5288 1886 5338 misc.
1912 5286 2008 5353 Syram.
2026 5304 2053 5352 p.
2074 5287 2115 5347 26,

451 5380 597 5432 summatim
610 5379 671 5430 libri
749 5378 846 5444 aliquid
860 5377 885 5428 B
999 5375 1033 5428 19
1050 5395 1107 5430 case
1124 5379 1168 5430 sed
1182 5377 1230 5440 Bb,
1248 5393 1304 5430 cass
1321 5376 1395 5442 Vno,
1412 5379 1456 5429 sed
1472 5377 1498 5428 T
1608 5373 1643 5427 20
1660 5375 1782 5428 dilentiae
1800 5374 1836 5440 (gi
1853 5391 1981 5439 asperrcr.
2000 5391 2034 5424 m.
2052 5371 2115 5437 2)B

452 5462 483 5516 21
504 5466 646 5517 uiuendum
664 5463 786 5529 VssTOP,
810 5464 952 5516 iuuandum
969 5463 1075 5528 ΒΜ,
1098 5464 1239 5516 iubendum
1258 5464 1353 5514 Hortel
1434 5465 1482 5516 filii
1500 5462 1558 5516 OPb
1677 5459 1711 5512 23
1729 5462 1843 5514 sobolem
1859 5459 1884 5510 V
1984 5455 2019 5508 26
2038 5459 2113 5508 hone·

452 5553 511 5603 stati
523 5551 591 5618 sort.
730 5549 764 5602 29
786 5552 938 5604 discendens
956 5549 982 5604 B
1118 5547 1154 5606 30
1170 5546 1260 5624 affatu]
1279 5551 1373 5601 affectu
1389 5548 1414 5599 B
1553 5546 1586 5600 31
1610 5548 1762 5600 liberalitate
1781 5544 1899 5598 1¹an
2037 5541 2072 5594 32
2089 5549 2114 5607 et

452 5645 537 5695 celera
554 5656 604 5690 cm.
619 5637 701 5694 Tch
