4612 6442
988 371 1034 426 lll.
1063 367 1363 424 661361116111665
1384 365 1531 420 ENNODI.

887 546 951 610 cod.
975 545 1025 610 B:
1194 539 1283 606 lectio
1305 541 1485 606 6166116616.ο
1578 539 1643 602 eod.
1676 538 1715 602 V:

780 669 896 748 237,14
918 688 1012 752 rogus
1203 685 1296 748 rogos
1515 682 1626 745 rogum

781 774 896 850 alam
919 769 1006 833 vellit
1204 765 1296 830 vellet
1516 763 1593 828 velit

719 875 858 972 ‹.›p.IC7
882 872 975 938 docta
997 873 1108 938 robore
1204 868 1296 936 docta
1319 869 1431 934 rubore
1516 865 1626 942 doctor
1648 867 1688 932 ab
1712 890 1764 930 ore

429 1050 553 1115 Similes
582 1059 774 1114 correcturae
801 1071 839 1112 ue
869 1049 900 1111 iu
928 1048 956 1111 B
981 1045 1106 1134 quidem
1129 1067 1257 1131 prorsus
1286 1042 1412 1122 desunt,
1440 1041 1617 1106 5661116116
1645 1049 1719 1104 snnt
1741 1039 1872 1103 rariores
1895 1049 1988 1124 atque
2011 1038 2085 1101 sim-

427 1154 585 1240 pliciores:
618 1153 762 1219 librarius
795 1151 911 1216 codicis
944 1151 993 1216 V.
1008 1151 1114 1214 eiust-'e
1145 1147 1331 1234 exemplaris
1355 1155 1472 1231 ‹luanta
1499 1145 1671 1211 subtilitate
1704 1151 1881 1230 quantaque
1909 1142 2085 1207 constantia

426 1258 573 1323 lectiones
596 1257 797 1334 mutaverint,
826 1255 942 1340 optime
965 1254 1116 1340 probatur
1137 1252 1281 1338 genetivo
1304 1250 1465 1314 nominum
1489 1250 1519 1312 iu
1543 1250 1611 1312 -ius
1632 1247 1825 1326 cadentium,
1847 1247 1900 1332 qni
1924 1246 1956 1310 iu
1979 1245 2085 1310 codice
2175 1315 2179 1328 ¹

427 1361 462 1428 V
486 1361 632 1426 omuibus
655 1361 717 1426 fere
739 1359 817 1424 locis
840 1359 993 1422 forruatur
1015 1356 1047 1419 in
1070 1357 1120 1432 -ii,
1144 1377 1333 1441 quamquam
1356 1352 1536 1417 Euuodinm
1559 1352 1693 1416 formam
1716 1352 1748 1415 iu
1770 1353 1798 1414 -1
1820 1357 1984 1432 (servatam
1999 1348 2030 1412 iu
2045 1349 2084 1427 B)

427 1464 611 1552 praetulisse
634 1464 796 1530 manifesto
818 1471 917 1526 metro
944 1459 1130 1524 ostenditur:
1161 1482 1210 1545 op.
1227 1458 1273 1524 CI
1285 1461 1314 1537 4,
1338 1457 1518 1523 CLXXXI
1537 1461 1566 1533 3,
1589 1455 1808 1521 CLXXXIII
1824 1458 1853 1534 4,
1876 1451 2044 1518 CXCVII
2060 1455 2085 1529 1,

427 1566 517 1634 CCX
531 1573 557 1648 l,
579 1567 796 1634 CCXXXIV
817 1570 842 1631 1.
859 1569 887 1644 7,
909 1565 1155 1632 CCCXXXIX
1167 1568 1196 1644 3,
1223 1563 1463 1629 CCCLXXIX
1476 1565 1504 1628 8.
1548 1571 1613 1626 tum
1641 1561 1746 1625 multis
1770 1559 1847 1624 locis
1871 1559 1902 1622 in
1925 1557 1961 1624 V
1984 1554 2084 1621 cidem

426 1671 610 1737 barbarismi
635 1681 727 1757 atque
750 1672 781 1734 iu
805 1671 833 1733 B
856 1669 974 1734 exarati
997 1680 1093 1746 eraut,
1116 1691 1194 1754 quos
1218 1677 1272 1732 aut
1296 1667 1351 1733 V²
1374 1675 1427 1731 aut
1443 1665 1494 1730 Vb
1517 1665 1692 1751 perpolivit.

530 1793 730 1878 Quamquam
753 1813 826 1876 ergo
849 1789 1041 1876 exploratum
1066 1800 1114 1854 est
1135 1789 1336 1875 archetypum
1359 1787 1467 1852 formis
1490 1785 1661 1851 barbaricis
1684 1785 1829 1849 refertum
1852 1785 1958 1862 1111556,
1980 1792 2083 1847 tamen

426 1896 480 1961 illa
496 1895 717 1961 vocabrdorum
741 1903 880 1960 monstra
902 1918 940 1958 ex
963 1904 1050 1958 textu
1072 1893 1191 1958 removi
1214 1915 1283 1956 cum
1307 1901 1434 1978 propter
1460 1887 1581 1974 legendi
1605 1887 1889 1952 incommodatum
1913 1896 2085 1973 propterea,

427 2000 511 2086 quod
534 1997 656 2064 codices
686 1999 782 2064 nostri
806 1997 845 2062 ad
875 1998 1024 2083 integram
1048 1998 1208 2083 archetypi
1235 1997 1367 2081 elligiem
1397 1991 1620 2059 restituendam
1649 1992 1775 2057 mirriure
1802 1990 1969 2055 sufficiunt.
2012 2013 2084 2054 nam

427 2126 465 2167 ne
494 2103 706 2167 Bruxelleusis
736 2101 860 2187 quidem
891 2103 1052 2166 temeraria
1081 2099 1296 2166 emendatione
1324 2109 1409 2164 caret
1429 2099 1558 2184 eiusque
1585 2096 1768 2162 111115111-
1792 2119 1810 2159 a
1837 2094 1979 2181 pluribus
2003 2093 2084 2157 hunc

426 2206 541 2272 librum
565 2206 716 2294 scripturn
739 2229 807 2270 osse
830 2205 1022 2270 ostendimus
1047 2245 1087 2252 -
1111 2206 1142 2269 iu
1165 2205 1257 2271 rebus
1281 2202 1528 2289 orthographicis
1549 2201 1673 2266 variant
1694 2199 1748 2264 alii
1771 2199 1957 2284 scriptumm
1980 2197 2084 2262 archc-

426 2311 493 2397 typi
524 2310 676 2395 integram
705 2307 866 2373 reddentes
895 2309 948 2373 alii
976 2307 1017 2372 ad
1042 2309 1261 2394 graiumaticas
1289 2307 1412 2394 regulas
1435 2306 1529 2393 paulo
1552 2305 1760 2368 immutantes.
1805 2312 1969 2387 utramque
1991 2301 2085 2372 1111111-

427 2416 543 2480 riorum
572 2414 722 2478 rationem
750 2412 1008 2500 deprehendimus
1035 2414 1066 2476 in
1097 2413 1197 2499 prima
1224 2423 1311 2499 parte
1345 2411 1488 2498 opusculi
1518 2409 1636 2474 LXXI
1663 2410 1694 2472 iu
1724 2408 1751 2472 B
1781 2406 1906 2471 diversa
1932 2429 2024 2470 mauu
2054 2414 2084 2469 et

428 2518 559 2586 161551
581 2527 612 2582 et
634 2517 687 2581 fol.
707 2521 771 2584 56⁸
797 2525 932 2581 exaurtu.
977 2517 1130 2602 scriptura
1160 2517 1321 2602 utriusque
1349 2516 1466 2580 librarii
1495 2536 1683 2600 quamquam
1711 2535 1749 2575 ex
1778 2510 1886 2575 eodem
1916 2509 2083 2595 eseruplari

427 2623 541 2688 hausta
563 2623 607 2686 sic
629 2621 800 2708 discrepat:

814 2795 967 2858 librarius
988 2795 1041 2875 tol.
1060 2797 1138 2858 55⁶:
1332 2792 1484 2856 librarius
1505 2789 1558 2871 161.
1575 2795 1652 2853 affl:

760 2938 790 3000 p.
803 2917 871 2994 81,1
898 2914 1026 2978 Stefauo
1209 2912 1369 2998 Stephano

854 3022 873 3083 2
897 3040 1008 3083 munos
1206 3010 1317 3080 munds

854 3127 874 3188 3
896 3123 1016 3188 exibuit
1206 3119 1348 3185 exhibuit

854 3229 873 3290 4
897 3227 1046 3291 5116616111
1207 3225 1381 3310 aliquorum

855 3336 874 3397 5
898 3353 1096 3418 conceperam
1208 3329 1401 3415 conceperim
1423 3333 1492 3410 (pro
1515 3328 1717 3412 conciperem)
1769 3397 1778 3414 l

854 3439 874 3499 6
897 3457 1074 3520 acceperam
1206 3431 1377 3518 acceperim
1399 3441 1470 3514 (pro
1493 3431 1674 3516 acciperem)

856 3539 873 3603 7
897 3537 1092 3602 contuleruut
1207 3536 1403 3601 coutulerunt

427 3705 550 3772 Verum
572 3709 693 3773 etiamsi
717 3710 875 3798 archetypi
905 3711 1127 3798 orthographia
1150 3713 1273 3797 penitus
1301 3712 1384 3776 refici
1408 3720 1528 3797 posset,
1555 3733 1591 3774 eo
1621 3710 1719 3795 ipsius
1750 3706 1875 3772 Ermodi
1898 3704 2082 3789 script-nram

425 3809 544 3895 integre
567 3813 788 3897 repraesentari
812 3837 907 3898 nego:
939 3837 1038 3900 neque
1065 3815 1147 3878 eninr
1170 3814 1357 3900 archetypus
1385 3813 1425 3879 ab
1448 3814 1517 3899 ipso
1547 3821 1672 3877 auctore
1694 3812 1884 3898 compositus
1909 3810 1957 3874 vel
1981 3831 2084 3872 eruen-

426 3911 518 3978 datus
542 3923 590 3978 est
611 3938 711 4001 neque
734 3917 866 3983 schedae
890 3919 930 3982 ab
953 3917 1071 3983 editore
1094 3918 1195 4004 primo
1223 3917 1370 3982 collectae
1394 3941 1500 3982 61111165
1528 3940 1622 3981 ruauu
1646 3915 1770 3980 Euuodi
1794 3915 1928 4002 scriptae
1950 3915 2083 3978 hrcruut.

426 4017 521 4082 immo
544 4029 579 4082 nt
601 4018 652 4083 ille
674 4020 714 4084 ab
737 4021 807 4084 aliis
830 4022 955 4107 petebat
978 4031 1018 4107 (p.
1034 4024 1107 4099 281,
1120 4025 1171 4101 28)
1193 4043 1260 4100 ,nec
1282 4022 1413 4086 alterum
1444 4020 1562 4086 dictare
1586 4019 1748 4106 patiamini
1772 4043 1851 4105 quae
1874 4019 1915 4084 ad
1936 4043 1986 4082 me
2009 4019 2084 4082 scri-

425 4119 514 4185 116115ι
537 4131 567 4185 61
589 4127 629 4209 (p.
644 4126 759 4204 2829)
787 4149 872 4211 ‚rogo
900 4136 936 4189 ut
964 4125 1084 4189 nullum
1114 4125 1209 4189 alium
1240 4125 1357 4189 dictare
1386 4125 1500 4204 facias‘,
1530 4124 1604 4210 quia
1634 4147 1695 4188 uon
1725 4146 1783 4188 sua
1811 4147 1905 4188 uranu
1932 4125 2082 4210 epistulas

426 4224 629 4310 scripserunt:
660 4227 705 4290 sic
728 4227 827 4314 ipsius
851 4229 1002 4314 epistulas
1025 4252 1117 4316 saepe
1147 4253 1204 4315 per
1225 4239 1405 4316 exceptores
1429 4230 1562 4315 scriptas
1592 4239 1621 4293 ct
1644 4230 1675 4292 iu
1700 4229 1771 4293 illos
1794 4227 1915 4293 libellos
1938 4229 2082 4314 proprios

425 4327 558 4392 fortasse
586 4353 708 4417 sempor
735 4332 836 4397 aliena
865 4355 959 4397 manu
989 4333 1099 4398 relatas
1127 4357 1196 4398 esse
1225 4334 1393 4398 r⁷crisimile
1415 4341 1469 4397 est
1514 4355 1696 4419 persuasum
1727 4333 1802 4397 milri
1829 4331 1954 4418 quidem
1983 4333 2082 4396 habeo

424 4431 575 4518 plurimos
598 4434 723 4500 illorum
747 4436 1009 4502 barbarismorum
1037 4438 1077 4502 ad
1105 4437 1210 4524 ipsum
1240 4437 1421 4502 Ennodium
1453 4435 1644 4502 revocandos
1667 4460 1734 4500 csse
1761 4445 1805 4516 (nt
1827 4436 1944 4500 similes
1973 4435 2027 4521 qui
2050 4437 2081 4499 iu

425 4538 584 4624 epitaphio
607 4539 734 4604 Eunodi
758 4550 891 4620 exstant,
914 4541 1052 4627 plerique
1075 4550 1157 4607 certe
1179 4543 1330 4621 auctoris,
1358 4565 1419 4606 nou
1443 4540 1522 4605 labri
1546 4543 1643 4618 sunt),
1665 4540 1813 4625 quoniam
1836 4540 2003 4604 Eunodius
2026 4562 2082 4604 sua

423 4641 499 4727 legit
520 4650 549 4705 et
572 4641 750 4708 emendavit
772 4648 811 4730 (p.
830 4647 900 4723 193,
912 4651 940 4712 6.
964 4648 1036 4721 265,
1051 4647 1116 4723 18),
1139 4644 1194 4709 sed
1217 4643 1293 4730 quid
1316 4645 1383 4730 ipse
1407 4643 1582 4730 peccaverit
1603 4641 1719 4727 quidve
1745 4642 1864 4707 librarii
1887 4643 2082 4730 deliquerint,

423 4755 505 4810 66116
532 4747 827 4832 rationeexplanari
852 4769 914 4810 uon
937 4756 1048 4832 potest.
1083 4747 1113 4811 iu
1138 4749 1317 4812 universum
1340 4757 1443 4812 autem
1467 4747 1566 4812 satius
1590 4744 1675 4823 duxi,
1698 4745 1850 4832 quidquid
1873 4771 1891 4812 a
1911 4748 2082 4815 Latinitate

422 4851 516 4914 nimis
539 4851 674 4915 alienum
697 4851 911 4937 elegentibus
934 4874 996 4915 nou
1027 4853 1093 4916 sine
1122 4853 1243 4938 ingrato
1272 4853 1379 4918 labore
1401 4852 1626 4931 enuclearetur,
1657 4875 1673 4916 e
1702 4860 1789 4915 textu
1816 4853 1931 4916 tollere.
1975 4854 2081 4918 multis

423 4977 498 5018 saue
519 4954 596 5018 loeis
615 4956 668 5019 vix
692 4978 711 5019 a
733 4977 782 5019 me
805 4955 978 5041 impetravi,
1002 4965 1036 5019 ut
1059 4957 1184 5034 lbrmas,
1207 4979 1285 5042 quas
1307 4957 1458 5042 genuinas
1481 4979 1549 5020 esse
1571 4955 1780 5020 certissimum
1795 4965 1868 5034 erat,
1891 4955 1965 5021 lima
1979 4980 2083 5041 gram-

424 5058 537 5123 matica
552 5058 681 5145 polirem
688 5083 696 5138 ;
720 5057 775 5123 sed
797 5059 964 5145 legentium
987 5061 1159 5126 rationibus
1183 5062 1300 5147 optime
1323 5061 1482 5126 consulere
1505 5060 1580 5125 milri
1596 5057 1735 5140 videbar,
1757 5061 1801 5125 eis
1825 5061 1877 5145 qui
1900 5058 2082 5125 Enrrodium

423 5169 549 5247 propter
579 5183 627 5226 res
650 5160 781 5226 traditas
808 5162 918 5226 lecturi
946 5171 1020 5227 suut
1043 5163 1137 5228 verba
1167 5163 1329 5228 emendata
1358 5163 1521 5242 exlribcuS,
1544 5165 1589 5228 eis
1617 5164 1669 5250 qui
1693 5164 1762 5228 illas
1785 5165 1870 5250 ipsas
1899 5164 2081 5228 latinitatis

423 5272 586 5350 corruptae
616 5265 732 5330 formas
764 5265 925 5352 requirnnt
953 5267 1098 5332 collectas
1130 5269 1160 5332 in
1188 5266 1290 5333 indice
1319 5267 1465 5353 peculiari
1497 5269 1638 5332 61161665.
1689 5278 1790 5333 tamen
1822 5290 1860 5332 ne
1887 5266 2081 5354 sicquidem

334 5368 342 5382 '
422 5369 570 5435 omnibns
593 5393 642 5434 me
664 5370 854 5435 satisfecisse
876 5370 1013 5436 confido:
1037 5372 1104 5458 ipse
1127 5372 1203 5435 mihi
1228 5394 1289 5435 nou
1312 5371 1458 5436 satisfeci.

524 5490 563 5555 In
586 5491 630 5555 eis
654 5491 894 5578 orthographiae
917 5492 1135 5570 varietatibus,
1164 5516 1244 5578 quae
1269 5493 1445 5557 tolerabiles
1469 5492 1660 5572 riderentur,
1689 5493 1854 5578 indulgens
1883 5493 2080 5558 Bruxellensi

421 5593 564 5680 quamvis
588 5594 777 5659 inconstanti
800 5593 911 5659 admisi
936 5593 1076 5683 duplices
1106 5593 1275 5660 eorundem
1299 5594 1524 5660 vocabulorum
1554 5596 1669 5661 fortnas
1694 5605 1740 5660 ut:
1771 5597 1967 5677 6616146161,
1991 5597 2078 5660 116116-
