4538 6436
427 387 468 448 54
1129 375 1164 431 m
1183 377 1317 446 (opusc.
1335 380 1372 445 a.

425 555 593 641 pertinere
617 554 699 633 eius,
723 553 779 636 qui
802 550 944 614 nuncin
968 548 1047 614 sede
1070 551 1252 635 apostolica
1275 551 1368 635 quasi
1390 551 1423 614 in
1440 549 1580 635 quadam
1596 573 1671 616 arce
1687 547 1849 618 consistit.
1885 573 1963 618 vere
1986 551 2080 618 vobis
2120 565 2130 574 ’·

296 653 400 758 ξ·ξξθξ3;
427 657 507 722 dicit
529 655 715 742 Sapientia:
748 654 855 718 ‘homo
878 652 1025 717 infirmus
1049 657 1082 716 et
1105 653 1217 737 exigui
1240 655 1397 740 temporis
1426 653 1467 718 ad
1490 655 1693 719 intellectum
1715 675 1781 719 non
1803 656 1990 741 perveniet,
2022 653 2080 718 sed

271 759 565 838 Persecutores,
588 765 625 824 ut
647 758 730 824 sciat
751 756 829 844 quid
852 761 1022 840 acceptum
1047 756 1089 820 sit
1111 755 1198 842 apud
1220 755 1397 822 dominnm’
1422 761 1456 822 et
1478 757 1598 823 iterum
1619 758 1732 823 dicunt
1754 753 1951 824 Proverbia:
1984 757 2077 844 ί((1111)

310 814 412 928 1⁰‚2137
425 862 493 930 odit
516 885 551 930 se
574 863 629 948 qui
652 862 800 948 neglegit
823 857 951 938 studra’,
979 861 1137 944 ‘mpsrrtrs
1161 881 1248 924 emm
1273 862 1384 926 obviat
1406 858 1516 927 mors’.
1553 859 1630 945 quid
1652 861 1741 926 illam
1765 881 1849 947 quae
1873 883 1921 927 ex·
1932 861 2080 950 viperina

426 968 565 1034 seientia
579 965 751 1033 descendit
766 963 983 1050 ignorantiam
1000 962 1142 1047 fingitis?
1180 963 1258 1048 quid
1274 964 1437 1030 adhibetis
1463 964 1544 1028 mira
1566 963 1782 1030 latrocinandi
1804 971 1875 1030 arte
1889 965 2080 1053 praestigia
2143 995 2155 1031 a

283 1085 331 1130 loh.
344 1091 364 1140 a,
378 1090 412 1130 u.
426 1071 670 1159 simplicitatem
692 1069 799 1134 fronte
822 1065 1054 1131 monstrando?
1097 1064 1139 1130 de
1155 1066 1247 1131 vobis
1264 1087 1340 1132 vere
1364 1067 1486 1132 dictum
1509 1071 1575 1132 est:
1611 1069 1676 1152 ‘qui
1697 1067 1842 1153 loquitur
1863 1068 2080 1150 mendacium,

423 1195 466 1241 ex
488 1174 628 1260 propriis
658 1169 821 1257 loquitur'.
866 1170 962 1234 istam
992 1168 1137 1234 laetitiae
1167 1170 1285 1235 faciem
1316 1192 1359 1236 ex
1389 1170 1581 1236 iudiciorum
1612 1192 1748 1236 censura
1777 1172 1965 1238 venientem
1985 1171 2081 1238 vaira
2115 1217 2117 1222 ,

421 1276 609 1364 provisione
638 1274 818 1341 sacerdotis
842 1274 945 1339 vestri
975 1273 1077 1337 oeulis
1107 1274 1303 1355 abstulistis,
1333 1281 1371 1339 ut
1399 1295 1474 1340 eum
1503 1274 1628 1339 talibus
1653 1274 1811 1340 adversus
1840 1277 1930 1342 acies
1953 1281 2081 1342 vestras

422 1380 616 1445 instructum
639 1378 874 1444 munitionibus
898 1383 931 1443 et
954 1377 1161 1442 innocentiae
1187 1378 1244 1462 (in)
1269 1378 1457 1448 testimonio
1490 1378 1578 1444 orbis
1608 1378 1906 1445 teladelercntem
1935 1379 1978 1444 ab
2000 1377 2080 1464 ipsis

424 1483 616 1549 iudiciorum
644 1482 751 1568 adytis
779 1481 964 1568 pelleretis,
983 1517 984 1520 π
997 1478 1208 1565 providentes
1239 1488 1275 1545 ut
1298 1502 1358 1547 nec
1382 1481 1711 1568 sineinpugnatione
1733 1483 1845 1548 insum
1869 1481 1996 1548 viveret
2018 1493 2079 1546 nec
2133 1505 2158 1549 m

372 1589 412 1653 38
425 1587 562 1653 haberet
585 1587 744 1652 solacium
766 1585 807 1650 de
833 1585 1021 1670 incorrupta
1043 1583 1186 1648 iudicum
1209 1585 1420 1671 inquisitione
1443 1586 1605 1671 pulsatus.
1642 1607 1701 1650 vos
1718 1586 1867 1672 praefato
1884 1589 1918 1651 et
1940 1583 2079 1650 dedistis

425 1697 460 1757 et
481 1690 644 1756 invidistis
668 1709 824 1769 examen,
856 1709 929 1754 cum
952 1707 1017 1751 uno
1045 1688 1226 1773 eodemque
1250 1689 1366 1754 itinere
1390 1707 1410 1752 a
1432 1687 1524 1754 vobis
1548 1687 1823 1776 disceptationum
1846 1681 1946 1756 dubia
1968 1689 2079 1755 subire

425 1801 459 1861 et
480 1794 675 1881 prohibetur
705 1799 738 1859 et
761 1792 888 1878 cogitur
911 1797 945 1856 st
967 1812 1026 1877 per
1049 1791 1248 1876 singularem
1272 1793 1390 1857 callem
1414 1792 1455 1856 ad
1484 1813 1616 1857 causam
1647 1792 1808 1858 arcendus
1832 1785 2003 1873 evocatur,
2032 1781 2078 1858 'ne
2092 1818 2114 1860 r·
2128 1809 2167 1851 ³2⁹

425 1898 635 1964 manifestam
659 1898 798 1963 salutem
820 1901 877 1961 aut
892 1916 958 1961 non
972 1896 1145 1962 lacessitus
1161 1896 1326 1961 obtineret
1342 1901 1399 1961 aut
1415 1895 1601 1982 subriperet
1615 1896 1795 1962 absolutus.
1832 1896 2080 1963 adulescentiae

284 2000 410 2047 ⁸⁰¹¹·M0‘1·
425 2001 676 2068 meae-memini
698 2021 751 2064 me
775 2000 898 2085 legisse
921 2001 1125 2087 temporibus
1148 2003 1189 2067 de
1212 2003 1353 2088 quodam
1382 2002 1517 2067 dietum:
1551 2002 1650 2067 ‘exuli
1682 2001 1817 2066 exilium
1846 2001 1989 2088 imperas
2018 2013 2080 2065 nec
2132 2032 2157 2071 a

325 2058 372 2098 139.

279 2105 504 2212 ffipirlldas’.
548 2126 607 2171 vos
630 2104 749 2190 inpetit
771 2104 919 2189 profetae
943 2108 1122 2171 sententia:
1156 2107 1222 2170 ‘isti
1245 2113 1321 2171 sunt
1344 2106 1406 2170 viri
1435 2105 1490 2192 qui
1520 2105 1798 2171 conturbaverunt
1825 2111 1946 2170 terram
1971 2109 2005 2169 et
2028 2101 2082 2188 qui

287 2227 317 2270 n.
333 2231 365 2280 a.
380 2235 401 2273 s.
425 2214 665 2276 concusserunt
687 2205 799 2293 regna*
824 2214 857 2273 et
879 2208 1012 2273 iterum:
1046 2209 1252 2275 ‘excidentur
1267 2209 1444 2274 ramusculi
1462 2231 1575 2274 eorum
1595 2207 1744 2288 falcibus,
1768 2213 1802 2273 et
1817 2227 1901 2293 quaa
1924 2206 2083 2272 derelicta

269 2313 558 2393 n.so‚rau.l'uerint,
588 2309 810 2377 abscidentur'
840 2317 874 2377 et
901 2333 1029 2378 rursus:
1065 2314 1153 2378 ‘dum
1182 2334 1248 2378 non
1278 2313 1431 2398 speratis,
1464 2313 1575 2377 veniet
1609 2311 1760 2376 contritio
1789 2317 1901 2376 vestra
1927 2317 1962 2376 et
1991 2331 2082 2375 conr·-

311 2473 312 2478 ,
423 2417 588 2482 minuetur
617 2415 791 2480 multitudo
814 2421 940 2496 vestra,
977 2417 1059 2482 sicut
1087 2417 1228 2502 lagoena
1260 2415 1371 2502 figuli’.
1417 2437 1479 2481 nec
1510 2436 1575 2480 non
1604 2414 1734 2500 profeta
1763 2413 1804 2480 ad
1832 2413 1916 2480 hanc
1947 2433 2083 2480 causam

289 2534 319 2578 n.
334 2539 367 2588 ar,
382 2540 402 2580 c.
426 2519 614 2607 specialiter
635 2520 764 2584 locutus
786 2501 940 2583 intonuit:
974 2519 1135 2584 ‘dominus
1158 2520 1329 2585 inclinabit
1352 2539 1483 2585 manum
1505 2539 1607 2600 suam,
1632 2524 1665 2583 et
1682 2524 1819 2582 consuet
1834 2517 1969 2604 quiiert
1983 2517 2080 2583 malis
2132 2541 2158 2588 eo

370 2627 410 2687 40
423 2622 584 2687 auxilium
600 2629 635 2687 et
650 2622 747 2687 cadet
763 2623 814 2687 cui
829 2629 1015 2708 praestatur
1035 2624 1203 2706 auxilium,
1227 2624 1387 2710 simulque
1411 2645 1525 2689 omnes
1550 2621 1806 2688 consumentur’.
1845 2621 1946 2688 redeo
1970 2628 2083 2687 tamen

423 2734 499 2812 post
521 2732 652 2791 vetusta
675 2726 904 2811 exemplorum
927 2727 1070 2812 suffugia
1098 2727 1140 2792 ad
1170 2728 1317 2793 novellas
1347 2748 1509 2793 canonum
1538 2727 1755 2792 definitiones.
1802 2725 1924 2790 clamat
1952 2725 1985 2790 in
2015 2726 2082 2791 alio

267 2829 494 2927 conphcpuqooo
517 2828 792 2915 Carthaginiense
817 2829 1004 2894 concilium:
1039 2833 1272 2916 ‘quascumque
1297 2831 1339 2895 ad
1362 2831 1605 2897 accusationem
1627 2850 1785 2916 personas
1808 2830 1902 2914 leges
1926 2828 2080 2914 publicae

267 2933 490 3040 lgfflqlgssffsnon
512 2934 697 3014 admittunt,
721 2933 773 2997 his
795 2932 997 3018 impugnandi
1020 2933 1159 2998 alterum
1183 2940 1217 2998 et
1239 2955 1299 2998 nos
1323 2934 1488 2998 licentiam
1511 2930 1765 2999 submovemus'.
1792 2953 1923 3100 quaero
1939 2954 1960 2998 a
1975 2933 2082 3014 vobis,

423 3038 484 3102 viri
506 3037 625 3123 quibus
648 3036 752 3101 indita
775 3043 826 3101 est
849 3035 889 3100 ad
913 3057 1058 3122 unguem
1081 3037 1183 3122 polita
1212 3037 1387 3123 perfectio,
1417 3038 1507 3102 cuius
1531 3036 1731 3102 condicionis
1754 3036 1790 3101 su
1812 3036 1877 3100 rint
1899 3037 1963 3102 ista
1985 3057 2080 3101 man-

369 3146 404 3208 41
423 3142 519 3229 cipia,
542 3161 627 3226 quae
650 3141 817 3227 postulata
841 3140 970 3226 scriptis
993 3140 1229 3226 principalibus
1253 3139 1450 3204 intimastis?
1488 3139 1515 3203 si
1532 3161 1571 3205 ea
1587 3139 1714 3204 servilis
1731 3138 1837 3204 adhue
1860 3140 1893 3204 in
1916 3145 2082 3225 potestate

423 3245 559 3310 alterius
591 3251 709 3309 catena
740 3242 904 3308 retinebat
933 3249 965 3308 et
996 3245 1087 3308 nulla
1119 3243 1160 3307 ab
1195 3243 1359 3309 obscenae
1395 3243 1606 3328 obligationis
1643 3243 1845 3330 conpedibus
1875 3245 2018 3330 vestigia
2047 3245 2082 3309 in

424 3346 610 3411 libertatem
632 3344 924 3426 missa-laxabant,
949 3345 1002 3409 vel
1024 3345 1119 3410 vobis
1143 3345 1404 3430 disceptantibus
1427 3344 1525 3411 tidem
1549 3345 1691 3431 aliquem
1715 3347 1956 3434 praedictorum
1978 3339 2083 3413 verbs

423 3454 635 3532 portassent?
675 3447 744 3528 sed,
769 3447 879 3524 eredo,
902 3448 1122 3534 replicabitis:
1145 3449 1330 3530 veritatem.
1354 3469 1451 3534 quam
1466 3456 1582 3534 sponte
1599 3450 1728 3534 prolata
1743 3451 1777 3514 in
1793 3451 1858 3515 illis
1874 3472 1941 3516 vox
1956 3450 2082 3518 habere

422 3572 488 3617 non
510 3558 650 3638 poterat,
678 3551 762 3616 hano
785 3551 925 3616 diversis
949 3551 1099 3616 crucibus
1123 3573 1141 3616 e
1165 3552 1300 3616 latebris
1325 3553 1392 3617 suis
1416 3553 1589 3638 religiosus
1613 3559 1717 3618 tortor
1739 3560 1907 3640 exegerat,
1931 3561 1978 3636 ut,
2001 3555 2082 3620 dum
2135 3585 2161 3625 eo

369 3656 539 3743 dipoenis
563 3676 701 3741 corpora
723 3655 940 3734 solverentur,
965 3676 1048 3740 quac
1071 3661 1167 3739 geste
1190 3654 1290 3721 luisse
1315 3661 1451 3720 noverat
1473 3658 1581 3721 anima
1603 3677 1668 3721 non
1692 3659 1824 3723 celaret.
1870 3657 1933 3724 sed¹
1953 3679 2080 3744 quaeso
2094 3678 2171 3728 naec

422 3759 561 3847 primum
584 3757 627 3822 ad
649 3760 741 3843 leges
765 3756 924 3844 publicas,
948 3756 1065 3822 deinde
1088 3756 1129 3822 ad
1152 3757 1276 3822 iudices
1300 3779 1358 3822 ora
1381 3761 1571 3839 convertite,
1595 3759 1651 3846 qui
1672 3767 1813 3846 possunt
1835 3762 1868 3827 in
1885 3760 2081 3829 defensione

423 3882 483 3928 sua
500 3863 546 3928 sic
563 3862 685 3947 eloqui:
709 3881 781 3940 nos,
805 3880 886 3946 quos
908 3859 962 3925 dei
985 3860 1160 3954 servitium
1176 3866 1251 3948 post
1272 3862 1407 3926 istarum
1431 3884 1540 3928 rerum
1562 3863 1781 3929 abiectionem
1804 3866 1882 3930 fecit
1905 3865 2082 3952 ingenuos,

422 3965 479 4052 qui
501 3966 705 4031 servulorum
727 3963 955 4029 insultantium
979 3964 1195 4028 contumelias
1218 3969 1275 4029 aut
1297 3964 1495 4052 despicimus
1519 3972 1574 4030 aut
1597 3966 1757 4048 ridemus,
1781 3967 1897 4053 quibus
1921 3969 2082 4057 scriptum

525 4259 540 4312 1
559 4257 626 4326 arce]
644 4260 720 4311 arche
733 4259 758 4310 B
862 4256 879 4309 3
897 4258 941 4325 qui
958 4255 1022 4325 odit]
1041 4259 1086 4325 qui
1104 4276 1153 4310 om,
1167 4258 1366 4311 abacistae.
1470 4257 1488 4312 4
1507 4261 1618 4328 neclegit
1629 4259 1674 4312 Be
1744 4264 1806 4330 quid
1824 4263 1894 4316 enim
1911 4264 1984 4316 illam
1997 4263 2079 4316 dmm.

420 4346 438 4398 5
455 4348 581 4400 discendit
592 4345 618 4397 B
691 4348 794 4412 flagites
811 4343 852 4396 B¹
928 4346 1048 4396 adhibitis
1064 4344 1090 4394 Β
1165 4353 1219 4398 arte
1241 4346 1377 4398 falsitatem
1400 4348 1443 4398 uel
1465 4346 1624 4399 dolositatem
1645 4349 1783 4416 praestigia
1795 4349 1847 4416 AB
1960 4347 1976 4401 1
1995 4347 2079 4417 vafra]

419 4433 573 4486 callidaAR
667 4429 685 4482 8
702 4431 792 4494 vestri]
806 4431 887 4482 nostri
899 4429 977 4481 Sim.
1075 4427 1092 4480 9
1109 4432 1327 4483 monitionibusB
1386 4435 1413 4483 in
1431 4433 1522 4498 cnuB,
1540 4434 1573 4494 cf.
1582 4452 1612 4500 p.
1623 4437 1699 4497 48,2
1794 4432 1828 4486 10
1844 4431 1940 4504 adytis]
1952 4437 2038 4489 aditus
2047 4436 2082 4502 B,

420 4521 496 4572 aditis
508 4519 584 4572 ceteri
652 4518 775 4585 pelleritis
787 4515 813 4568 Β
881 4533 929 4567 neo
948 4516 1002 4567 sine
1014 4515 1059 4565 Bc
1129 4534 1162 4568 ne
1179 4518 1284 4569 haberet
1300 4517 1370 4568 VLB
1474 4517 1508 4570 14
1525 4519 1707 4572 aduliscentiae
1719 4519 1745 4570 B
1850 4519 1883 4572 16
1900 4523 2042 4590 prophetae
2054 4522 2080 4573 A

419 4603 454 4658 18
470 4605 654 4659 abscindentur
670 4601 727 4656 0¹⁶
806 4599 924 4670 speratis]
942 4603 1096 4669 prosperatis
1107 4600 1133 4653 Β
1255 4602 1288 4656 19
1304 4605 1412 4672 lagoena
1424 4603 1457 4669 B,
1475 4605 1587 4673 laguena
1602 4603 1656 4671 VA,
1675 4607 1782 4674 laguine
1793 4605 1819 4658 Β
1893 4608 2017 4676 propheta
2029 4607 2080 4660 LA

418 4691 454 4747 20
470 4693 607 4746 inclinauit
617 4691 670 4742 BR
743 4697 844 4742 corruet
860 4688 888 4753 V,
905 4689 1007 4741 conruit
1018 4688 1044 4739 B
1163 4688 1197 4740 22
1215 4689 1338 4758 suffugia]
1357 4691 1479 4760 suffragia
1494 4690 1577 4743 OPdS
1696 4689 1731 4744 23
1748 4695 1944 4761 carthaginense
1960 4694 1990 4759 V,
2007 4697 2081 4748 char·

418 4779 552 4847 taginense
563 4778 615 4829 BL
710 4774 745 4827 24
757 4784 818 4841 port
835 4777 1019 4827 submonemus
1034 4775 1096 4826 add.
1110 4774 1220 4826 Isidem:
1237 4784 1262 4828 et
1274 4777 1361 4828 nullae
1372 4779 1548 4829 accusationes
1559 4795 1575 4830 a
1586 4779 1715 4831 iudicibus
1732 4782 1871 4832 audiantur
1888 4782 2080 4843 ecclesiasticis,

421 4882 488 4932 quae
505 4866 607 4933 legibus
624 4864 722 4915 saecuh
739 4863 908 4930 prohibentur
927 4861 965 4926 (ut
982 4861 1009 4911 ia
1022 4860 1114 4912 Eruet.
1128 4877 1167 4926 ep.
1180 4860 1232 4926 cit.)
1329 4860 1365 4914 25
1382 4860 1468 4929 cuius]
1486 4879 1519 4916 cu
1532 4864 1559 4915 in
1571 4865 1607 4916 liv.
1619 4863 1653 4928 B,
1670 4864 1721 4917 del.
1733 4874 1757 4918 et
1772 4867 1864 4918 men
1882 4883 1939 4934 rap.
1952 4883 2002 4919 scr.
2014 4870 2082 4918 Μ

420 4952 558 5004 fuerumt
666 4946 701 5000 26
718 4946 827 5016 scriptis]
846 4948 956 5000 scribitis
967 4945 993 4996 B
1101 4943 1137 4997 27
1156 4948 1324 5015 ablegationis
1335 4948 1488 5001 BVLTAS
1590 4947 1624 5000 29
1641 4948 1747 5018 habere]
1766 4953 1828 5004 hare
1839 4949 1881 5003 Β1
1900 4950 1943 5016 (be
1960 4970 2018 5020 sup.
2031 4954 2078 5005 lin.

419 5055 453 5090 m.
470 5036 497 5105 2)
596 5033 631 5088 30
647 5033 779 5102 crucibus]
792 5035 948 5087 cruciatibus
961 5032 1049 5085 Saloe
1059 5031 1088 5083 in
1099 5049 1149 5100 nug.
1162 5041 1185 5084 et
1195 5032 1274 5087 Sim.
1336 5036 1452 5103 exigerat
1464 5036 1489 5086 B
1585 5032 1621 5087 33
1638 5035 1713 5104 quos]
1726 5039 1771 5105 qni
1787 5036 1827 5087 Vl
1888 5035 1955 5106 post]
1969 5055 2016 5106 pro
2027 5038 2080 5090 ΑΒ

419 5124 562 5178 abiectione
573 5121 652 5174 BAB
754 5117 789 5172 34
806 5121 960 5188 dispicemus
972 5118 998 5169 Β
1067 5119 1192 5171 scribtum
1204 5119 1230 5170 B

522 5345 558 5400 23
575 5345 644 5399 Aac
663 5359 721 5414 eya.
736 5358 757 5396 c.
770 5350 799 5397 6,·
829 5341 907 5396 alind
926 5341 998 5411 [erat
1015 5341 1045 5395 in
1063 5341 1158 5395 libello
1177 5342 1392 5412 accusatorum]‚
1416 5341 1491 5411 quod
1510 5359 1560 5413 per
1577 5358 1670 5397 servos
1688 5342 1723 5398 de
1741 5342 1796 5410 his,
1815 5362 1888 5414 quae
1907 5344 2080 5415 obiciebant,

420 5448 449 5486 se
467 5449 531 5487 eum
549 5430 738 5501 loquebantur
755 5445 836 5499 posse
854 5428 1018 5483 conducere
1035 5426 1178 5495 addentes,
1197 5428 1230 5482 ut
1247 5427 1307 5497 ipse
1325 5427 1467 5498 mancipia
1484 5427 1616 5495 traderet,
1633 5430 1745 5498 quibus,
1764 5435 1904 5500 quantum
1916 5433 1960 5488 illi
1973 5452 2080 5490 assere·

420 5516 502 5583 bant,
524 5519 620 5588 posset
642 5517 673 5571 in
694 5514 867 5570 iudicatione
884 5514 1018 5584 superari.
1054 5529 1126 5583 quae
1144 5529 1187 5567 res
1205 5513 1358 5568 canonibus
1376 5514 1490 5585 stipsis
1508 5515 1628 5586 publicis
1648 5520 1709 5572 erat
1725 5518 1837 5589 legibus
1859 5519 1988 5586 inimica,
2015 5539 2080 5576 cum
2100 5531 2104 5540 “

420 5607 533 5674 patrum
546 5607 653 5661 statuta
666 5603 831 5666 causaest,
849 5604 883 5656 ut
894 5619 964 5671 quos
976 5601 1012 5655 ad
1024 5600 1228 5656 accusationem
1241 5601 1317 5671 leges
1328 5602 1431 5657 saeculi
1444 5619 1500 5656 non
1513 5601 1677 5669 admittunt,
1696 5604 1731 5658 iis
1744 5604 1858 5659 dicendi
1870 5604 1901 5659 in
1914 5607 2081 5676 cognitione

421 5692 465 5745 vel
483 5693 655 5763 adsequendi
674 5689 783 5759 aliquid
801 5690 933 5759 neganda
951 5689 1023 5744 esset
1042 5685 1166 5740 licentia.
