4596 6450
715 375 971 430 PANEGYRICVS
990 376 1120 432 Dro'rvs
1139 377 1378 434 THEODERICO.
1808 386 1871 448 205

217 548 249 611 in
265 547 346 634 ipsis
363 548 608 633 congressionis
625 553 701 612 tuac
716 548 841 612 foribus
858 549 959 614 cessit
975 551 1116 631 invasor,
1141 570 1214 614 cum
1231 551 1369 636 profugo
1385 573 1446 638 per
1460 559 1493 617 te
1510 559 1640 639 sceptra
1656 551 1873 620 redderentur

217 649 259 716 dc
282 653 389 718 salute
413 649 584 717 dubitanti.
631 652 828 716 ventilemus
852 652 1020 736 historias,
1052 655 1295 739 interrogentur
1317 655 1468 720 annales:
1500 656 1585 743 apud
1614 678 1695 742 quos
1725 658 1926 723 constititld

217 755 365 822 refusum
389 757 492 836 exuli,
523 777 620 840 quem
645 776 761 820 cruore
786 777 843 820 suo
868 778 927 822 rex
950 759 1081 842 genitus
1106 766 1246 840 emerat,
1279 759 1519 846 principatum?
1564 759 1742 825 castrensis
1765 759 2027 856 gloriavffiffl·

218 868 398 926 turmarum
422 858 670 946 participatione
694 859 894 944 dispergitur
916 881 976 925 nec
1000 862 1042 925 ad
1064 882 1164 926 unum
1185 862 1301 926 referri
1315 869 1426 950 potest
1442 863 1528 950 quod
1545 865 1672 929 venerit
1688 865 1873 934 conlatione

153 986 165 1023 s
220 965 404 1028 multorum.
444 963 619 1048 singularis
641 962 719 1027 boni
742 962 867 1027 fructus
892 971 943 1029 est
965 965 1153 1029 ambitionis
1177 965 1366 1046 refrenatio,
1389 968 1445 1032 illo
1468 967 1611 1032 maxime
1627 975 1786 1055 tempore,
1810 990 1874 1054 qno

218 1068 288 1134 sine
317 1067 479 1155 opinionis
512 1065 629 1132 damno
654 1067 761 1153 possis
784 1065 947 1150 adquisita
971 1068 1122 1134 retinere.
1170 1091 1229 1156 par
1252 1075 1294 1150 te,
1318 1071 1438 1155 inclyte
1462 1070 1609 1149 domine,
1641 1070 1714 1136 laus
1738 1072 1926 1159 respicitlt

218 1171 330 1236 donati
364 1170 560 1236 diadematis
595 1179 629 1234 et
660 1169 797 1234 defensi.
849 1171 877 1235 si
907 1178 939 1234 te
970 1171 1098 1236 illarum
1129 1179 1236 1238 rector
1267 1175 1419 1260 partium
1437 1196 1502 1238 non
1533 1175 1667 1256 amavit,
1703 1177 1875 1263 perculsus

217 1275 359 1363 praefuit
388 1274 608 1361 reipublicae:
644 1273 671 1338 si
701 1272 831 1350 dilexit,
866 1274 1044 1342 obnoxius:
1078 1298 1157 1340 usus
1187 1297 1223 1341 es
1251 1278 1285 1342 in
1317 1284 1446 1342 tuomm
1475 1276 1539 1343 fide
1571 1280 1761 1344 meritorum
1789 1287 1875 1348 teste

219 1369 406 1466 purpurato.
1705 1451 1707 1454 ,

141 1501 166 1538 ιο
325 1479 384 1546 IV.
419 1479 490 1545 Iam
513 1488 590 1546 tunc
613 1482 645 1544 in
670 1480 719 1544 ius
744 1487 834 1545 tunm
852 1503 887 1545 se
905 1483 1026 1568 palatia
1043 1483 1114 1570 ipsa
1132 1486 1355 1558 contulerunt;
1379 1507 1475 1551 nemo
1492 1485 1629 1551 credidit
1644 1507 1710 1551 non
1725 1493 1758 1552 te
1774 1506 1873 1575 posse
1889 1496 1927 1556 15

218 1584 261 1649 ad
284 1605 380 1670 quem
397 1583 560 1648 voluisses
583 1583 762 1648 transferre
786 1584 872 1668 quod
896 1585 1096 1652 reddideras.
1136 1587 1195 1651 sed
1216 1609 1334 1674 parcus
1350 1590 1383 1654 in
1400 1589 1572 1674 exigendis
1589 1591 1756 1678 praemiis,
1781 1593 1874 1677 quasi

126 1713 148 1755 v·
162 1705 202 1745 ιιι
220 1689 409 1754 sufficerent
432 1685 473 1751 ad
496 1687 756 1753 vicissitudinem
781 1709 917 1774 operum
941 1696 1084 1766 tuorum,
1112 1691 1221 1756 fasces
1244 1693 1417 1780 accepisti,
1445 1714 1510 1757 non
1533 1713 1597 1779 quo
1621 1694 1680 1760 tibi
1703 1695 1877 1762 accederet

218 1793 336 1876 genius
360 1790 401 1856 dc
425 1792 539 1872 curuli,
563 1791 622 1856 sed
645 1798 681 1855 ut
704 1791 744 1856 d'e
768 1799 801 1856 te
819 1792 959 1878 pretium
977 1792 1330 1883 palmatamereretur.
1368 1797 1440 1882 quis
1457 1797 1540 1862 hanc
1558 1797 1746 1863 civilitatem
1764 1799 1877 1864 credat

218 1896 305 1960 inter
326 1895 506 1960 familiares
529 1894 590 1959 tibi
612 1896 722 1961 vivere
745 1897 844 1982 plena
867 1897 1063 1962 executione
1087 1897 1246 1962 virtutes?
1284 1899 1339 1963 ille
1363 1920 1467 1964 annus
1483 1900 1599 1966 habuit
1615 1904 1796 1983 consulem,
1819 1903 1873 1990 qui
1889 1909 1927 1971 16

141 2022 165 2061 ss
219 1998 454 2086 rempublicam
483 2020 548 2064 non
576 2006 642 2063 tam
672 1999 893 2064 sollicitudine
924 2021 1021 2085 quam
1050 2001 1204 2086 opinione
1235 2009 1391 2083 tueretur,
1421 2025 1485 2089 quo
1509 1999 1543 2070 in
1566 2007 1744 2090 segmentis
1766 2008 1874 2096 posito

217 2123 300 2189 quae
324 2102 365 2167 ab
389 2102 539 2168 hostibus
564 2111 694 2191 sumpta
717 2105 848 2169 fuerant
870 2126 961 2169 arma
984 2111 1196 2172 tremuerunt.
1235 2106 1364 2191 quando
1381 2107 1456 2172 talis
1474 2109 1610 2194 contigit
1626 2118 1715 2175 sorte
1732 2111 1874 2193 lectoris,

217 2208 347 2291 qualem
377 2206 468 2271 dedit
497 2207 538 2271 ab
568 2207 641 2292 ipsa
669 2206 780 2271 mundi
811 2208 949 2273 infantia
982 2231 1095 2295 regum
1132 2212 1319 2276 examinata
1354 2211 1538 2277 claritudo?
1583 2215 1659 2278 nolo
1688 2237 1748 2302 per
1779 2221 1929 2283 casuali

216 2332 325 2376 errare
355 2311 569 2376 dominatum:
608 2312 641 2374 in
664 2319 720 2375 tuo
748 2319 921 2378 stemmate
949 2314 1077 2401 probati
1102 2323 1177 2380 sunt
1208 2316 1263 2402 qni
1293 2316 1425 2402 reperti.
1472 2315 1647 2382 Serranum
1677 2318 1876 2404 scipionibus

136 2411 137 2416 ’
217 2421 326 2479 aratra
353 2421 569 2502 pepererunt,
601 2417 654 2500 qui
684 2415 760 2479 dum
792 2415 928 2501 grandia
957 2419 1056 2482 sulcis
1087 2419 1214 2484 semina
1243 2419 1491 2498 conmendaret,
1521 2420 1681 2486 honorum
1705 2423 1736 2487 ei
1759 2424 1876 2488 messis

140 2549 166 2587 m
219 2522 335 2587 oborta
358 2530 419 2589 est.
465 2521 523 2588 sed
547 2522 654 2586 minus
678 2521 778 2605 diligo
803 2543 977 2609 prospera,
1010 2543 1093 2607 quae
1119 2529 1251 2587 sumunt
1275 2544 1295 2587 a
1318 2522 1548 2608 desperatione
1571 2523 1776 2610 principium.
1821 2527 1877 2591 vix

217 2645 340 2711 paucos
365 2625 501 2711 contigit
524 2625 725 2710 degenerare
750 2624 912 2706 nobiliter,
938 2646 1011 2690 cum
1034 2625 1180 2691 familiae
1204 2633 1281 2690 tuae
1305 2625 1428 2691 debeas
1451 2634 1545 2691 actus
1569 2629 1700 2711 generis
1724 2630 1879 2695 nobiliter

217 2725 390 2793 custodire.
436 2727 510 2814 quid
537 2726 635 2806 mihi,
659 2733 822 2807 vetustas,
846 2727 971 2792 obicias
995 2729 1136 2813 agrestis
1160 2729 1307 2792 membra
1329 2729 1570 2816 paludamentis
1594 2731 1768 2797 decorata?
1813 2755 1875 2819 ego
1892 2736 1929 2798 18

216 2830 286 2911 tibi,
310 2828 396 2916 quod
419 2829 670 2895 admirationem
688 2830 807 2908 vincat,
832 2852 961 2917 oppono
985 2831 1166 2919 principem
1191 2853 1299 2897 meum
1322 2832 1369 2896 ita
1392 2839 1509 2912 ortum,
1532 2841 1569 2897 ut
1592 2855 1666 2899 eum
1689 2856 1754 2900 non
1777 2836 1877 2901 liceat

218 2933 403 3020 improbari,
427 2932 474 2996 ita
497 2954 610 3018 agere,
633 2933 725 3019 quasi
747 2934 832 2997 inter
854 2934 1069 3019 imperatores
1092 2932 1199 2998 adhuc
1225 2942 1377 3021 precetur
1399 2935 1543 3021 adiungi.

139 3065 163 3104 ss
326 3036 367 3103 V.
404 3035 471 3101 Sed
498 3036 576 3122 quid
607 3037 739 3116 faciam,
770 3037 821 3101 cui
850 3036 989 3102 fecunda
1018 3044 1148 3101 actuum
1179 3044 1309 3102 tucmm
1338 3060 1435 3125 seges
1459 3041 1613 3122 occurrit,
1633 3041 1701 3126 ,ubi
1724 3042 1930 3111 universaltl

217 3140 392 3226 eligentem
416 3147 592 3228 superant?
638 3141 750 3205 nescio
775 3162 855 3227 quas
878 3141 996 3205 aristas
1025 3140 1151 3206 horreis
1181 3142 1333 3222 inferam,
1366 3164 1448 3227 quas
1476 3143 1668 3229 relinquam.
1713 3153 1778 3210 stat
1800 3153 1877 3212 ante

217 3244 331 3309 oculos
348 3264 440 3310 meos
452 3243 634 3329 Vulgarum
651 3243 766 3309 ductor
782 3244 967 3311 libertatem
986 3244 1125 3310 dextera
1140 3253 1197 3311 tna
1212 3246 1386 3313 adserente
1403 3256 1598 3335 prostratus,
1621 3271 1683 3315 nec
1700 3250 1874 3330 extinctus,

126 3381 147 3423 p.
161 3373 199 3414 aas
218 3367 260 3412 ne
276 3349 400 3434 periret
415 3347 645 3426 monumentis,
661 3369 723 3414 neo
738 3349 892 3428 intactus,
909 3370 949 3414 ne
962 3349 1090 3414 viveret
1107 3349 1331 3436 adrogantiae,
1348 3351 1379 3415 in
1393 3360 1492 3437 gente
1505 3352 1664 3418 indomita
1676 3353 1877 3418 domesticus

218 3449 436 3538 adstipulator
459 3450 686 3538 superfutums
710 3451 837 3517 roboris
861 3454 917 3516 tui.
957 3453 1011 3539 qni
1036 3454 1062 3518 si
1080 3453 1246 3519 sufficiens
1264 3456 1330 3520 leto
1346 3456 1464 3521 vulnus
1481 3457 1680 3543 excepisset,
1704 3479 1877 3546 personam

139 3582 166 3622 so
218 3557 358 3630 viceram
388 3553 475 3642 quod
498 3557 531 3620 in
554 3555 628 3621 luce
653 3555 818 3636 substitit,
842 3557 995 3622 submisit
1018 3558 1188 3643 originem.
1231 3558 1314 3624 baec
1338 3566 1389 3624 est
1412 3560 1519 3641 natio,
1542 3561 1635 3626 cuius
1659 3569 1735 3627 ante
1759 3570 1792 3627 te
1815 3563 1930 3628 fuitao

218 3680 314 3724 omne
336 3658 422 3745 quod
438 3659 551 3739 voluit,
575 3660 609 3724 in
632 3681 697 3744 qna
718 3661 832 3724 titulos
857 3660 1000 3725 obtinuit
1023 3661 1077 3748 qui
1101 3662 1182 3726 emit
1204 3662 1465 3728 adversariomm
1489 3664 1650 3750 sanguine
1674 3663 1879 3751 dignitatem,

217 3762 305 3852 apud
329 3785 426 3850 qnam
450 3785 586 3852 campus
612 3772 663 3830 est
680 3765 832 3850 vulgator
855 3766 1012 3831 natalium
1038 3804 1076 3814 -
1101 3787 1176 3830 nam
1200 3767 1292 3832 cuius
1315 3768 1389 3853 plus
1411 3768 1592 3832 rubuemnt
1607 3769 1675 3834 tela
1692 3769 1878 3852 luctamine,

217 3867 272 3932 ille
295 3874 429 3955 putatus
454 3876 505 3934 est
530 3869 601 3932 sine
625 3867 764 3953 ambage
789 3869 962 3934 sublimior
978 3907 1028 3948 -,
1053 3890 1150 3955 quarn
1174 3875 1249 3934 ante
1274 3870 1517 3937 dimicationem
1541 3878 1630 3938 tuam
1654 3894 1718 3939 non
1742 3875 1879 3960 contigit

217 3970 394 4056 agnovisse
417 3971 639 4052 resistentem,
663 3991 746 4056 qnae
770 3972 908 4058 prolixis
932 3973 1136 4058 temporibus
1161 3973 1230 4036 solo
1253 3973 1342 4039 bella
1365 3977 1605 4041 consummavit
1628 3996 1779 4043 excursu.
1817 3977 1927 4044 hosat

217 4095 281 4138 non
311 4081 487 4140 montanae
518 4081 641 4154 strues,
670 4095 734 4138 non
765 4075 934 4137 fluminum
963 4075 1122 4156 obiectio,
1153 4096 1219 4140 non
1247 4077 1358 4160 negati
1389 4085 1522 4162 egestas
1546 4078 1692 4143 alimenti
1716 4080 1877 4146 inertum

217 4179 425 4244 necessitatis
449 4179 523 4264 lege
547 4178 719 4258 continuit,
744 4177 819 4242 dum
845 4177 982 4243 credunt
1005 4179 1084 4243 satis
1109 4200 1184 4244 esso
1203 4177 1243 4243 ad
1259 4178 1394 4245 delicias
1411 4181 1522 4266 equini
1538 4183 1668 4267 pecoris
1684 4183 1735 4248 lac
1752 4189 1880 4270 potare.

217 4282 291 4368 quis
320 4282 406 4347 ferat
434 4282 674 4362 adversarium,
706 4282 760 4368 qui
790 4283 931 4368 pernicis
961 4283 1097 4350 iumenti
1120 4283 1281 4348 beneficio
1304 4284 1402 4348 currit
1426 4291 1459 4350 et
1482 4286 1647 4371 pascitur?
1692 4287 1769 4374 quid
1793 4287 1933 4374 quod22

218 4391 252 4448 et
284 4386 350 4450 illis
390 4386 587 4451 animalibus
626 4385 773 4451 indicunt
814 4385 960 4452 studiose
1001 4387 1096 4452 famis
1135 4387 1341 4474 patientiam,
1379 4409 1439 4474 per
1473 4409 1556 4474 quac
1592 4389 1735 4455 esuriem
1770 4392 1875 4456 vitare

323 4713 470 4781 leessitB,
486 4717 680 4770 accessitsrterr'
733 4715 953 4770 mddernnturB¹
1039 4716 1264 4771 2uentolsmrssB
1350 4717 1514 4773 dexsuliVL
1600 4719 1741 4789 btemporc
1753 4720 1757 4788 1
1768 4738 1820 4788 qno
1832 4719 1855 4774 Β
1861 4719 1880 4785 ¹,

218 4809 309 4852 mmm
326 4801 354 4852 in
370 4819 420 4869 asp.
438 4803 549 4854 oltemm
567 4820 618 4870 quo
637 4805 812 4872 adscripscrat
824 4800 868 4854 132
972 4802 988 4854 6
1006 4804 1117 4872 dampno
1134 4804 1159 4854 V
1224 4823 1271 4873 par
1288 4808 1314 4858 to
1332 4805 1356 4872 (‘
1368 4823 1401 4858 ιιι.
1413 4806 1482 4860 rea?
1499 4809 1533 4875 cs.
1542 4811 1640 4874 ptos,
1653 4806 1692 4873 16)
1704 4806 1738 4872 B,
1755 4809 1880 4876 partcmd

218 4889 327 4956 respicat
339 4887 365 4938 B
480 4887 496 4939 'l
514 4890 658 4942 disdimstis
671 4889 697 4940 Β
814 4887 848 4941 10
865 4889 1027 4942 contulerant
1046 4889 1197 4954 (censeam
1216 4900 1273 4943 erat
1289 4910 1306 4943 u
1323 4909 1400 4959 saepes
1415 4911 1438 4958 a,
1456 4893 1501 4945 ssd
1518 4895 1608 4945 iterum
1627 4894 1736 4946 deletam
1752 4895 1781 4946 s'ss
1796 4884 1829 4960 B)
1840 4894 1880 4946 Bb

220 4969 253 5025 12
271 4975 397 5026 accideret
410 4975 436 5026 B
546 4973 578 5028 13
595 4979 688 5044 genius
706 4977 749 5043 (go
766 4977 794 5026 iss
811 4974 858 5043 lis.)
871 4975 896 5026 Β
965 4977 1101 5044 palmatam
1113 4976 1252 5042 BVLTF,
1274 4979 1414 5046 palmatum
1427 4979 1462 5044 D,
1485 4980 1653 5047 palmarumt
1759 4978 1792 5032 14
1809 4998 1880 5032 exse

218 5062 321 5113 cutione
337 5060 381 5112 VJ.
444 5061 553 5114 virtutes
566 5063 722 5128 Petschenig,
739 5062 844 5113 uirtutis
857 5061 917 5112 tisri
980 5059 1075 5130 annus]
1095 5081 1181 5116 sanus
1201 5063 1316 5128 (litteras
1333 5083 1366 5117 sn
1385 5083 1473 5116 mosoc
1492 5083 1562 5117 sanc
1569 5067 1652 5133 pluas
1663 5066 1833 5132 monueram)
1847 5065 1881 5129 B,

219 5149 315 5201 unnst
438 5147 471 5200 15
489 5151 622 5217 sigmentis
635 5150 668 5214 B,
685 5150 815 5216 figmentis
833 5149 908 5200 ceteri
1029 5147 1062 5201 16
1081 5153 1186 5202 fuerunt
1201 5151 1216 5201 b
1298 5152 1412 5218 contigat
1425 5151 1450 5201 B
1530 5152 1633 5204 lactoris
1644 5151 1678 5216 B,
1695 5153 1792 5205 lictoris
1804 5153 1879 5204 reteri

155 5263 158 5270 ι
219 5233 252 5286 18
264 5235 422 5287 dominatum
434 5235 467 5300 B,
485 5237 663 5288 dominatuum
675 5237 750 5287 cslm'
811 5234 976 5287 stimmatsB
1052 5293 1055 5298 ,
1073 5234 1105 5287 19
1117 5237 1337 5304 pepereremntB
1394 5237 1524 5290 mossesB
1618 5234 1654 5288 20
1665 5255 1680 5290 s
1692 5235 1880 5306 desparatione]

217 5322 250 5372 sd
266 5323 405 5390 spiratione
416 5322 442 5372 B
563 5320 595 5375 21
617 5323 731 5389 contigat
743 5319 785 5372 Β1
907 5319 942 5372 22
959 5323 1021 5389 quid
1038 5321 1065 5387 (tl
1083 5340 1139 5390 sup.
1152 5323 1210 5388 lin.)
1223 5323 1249 5374 Β
1328 5324 1438 5376 sobicias
1450 5321 1500 5386 131,
1524 5324 1636 5375 subiciss
1648 5321 1692 5374 13²
1770 5326 1881 5392 mestis

218 5407 325 5475 (egestis
340 5408 369 5475 p)
378 5407 418 5475 p²
436 5418 458 5459 sl
477 5409 555 5460 sim.
672 5405 706 5458 23
723 5415 807 5460 ortum
820 5407 853 5471 B,
871 5415 991 5459 ornatum
1009 5410 1085 5460 celari
1199 5407 1235 5460 25
1252 5409 1406 5462 occurretB
1518 5406 1553 5460 26
1570 5417 1668 5462 areatas
1681 5409 1707 5460 B
1785 5411 1883 5462 horreis

218 5497 311 5547 aristas
325 5496 458 5546 TMUFI)
555 5493 588 5547 27
607 5497 751 5548 libertatem
763 5491 834 5562 Dpf,
852 5496 968 5548 libertem
981 5497 1056 5546 ceteri
1151 5495 1185 5548 28
1203 5498 1362 5564 arrogantiae
1376 5495 1398 5543 V
1490 5493 1525 5545 29
1537 5497 1638 5548 ruboris
1647 5495 1672 5546 Β
1770 5493 1805 5546 30
1822 5497 1882 5548 sub·

218 5584 283 5633 stitit
300 5601 348 5634 cm.
367 5582 442 5632 UFD
540 5580 571 5632 31
593 5583 685 5633 titulus
697 5581 804 5644 aedues,
822 5581 919 5632 eccard.
933 5581 979 5632 Mb
1040 5585 1192 5649 sarrguincm
1206 5583 1231 5634 Β
1330 5580 1364 5632 32
1383 5582 1525 5633 rabuerunt
1538 5582 1563 5632 Β
1569 5580 1579 5618 ¹
1678 5581 1713 5633 33
1730 5585 1843 5650 contigat
1857 5584 1883 5634 B

218 5665 253 5719 36
271 5669 369 5719 dilicias
381 5669 407 5718 B
511 5667 544 5719 3?
563 5671 680 5735 pernices
694 5668 719 5718 B
788 5676 873 5720 currat
885 5667 911 5717 B
980 5668 1048 5734 quod
1066 5665 1103 5734 et]
1121 5670 1189 5734 qnod
1208 5670 1250 5720 det
1262 5666 1304 5718 Β1
1409 5665 1442 5719 38
1462 5669 1592 5720 studiosae
1604 5667 1644 5718 Bc
1715 5673 1794 5722 samos
1806 5669 1832 5719 B
