4538 6436
919 370 1007 423 vl'rs
1027 370 1181 424 EPlFANI.
1837 379 1877 442 85

130 574 151 614 p.
167 565 204 604 aa
223 549 272 606 est
294 543 351 607 illa
373 543 510 622 cudere,
540 563 624 628 quae
649 563 711 607 nec
735 543 807 624 ille,
838 542 879 607 de
909 564 972 627 quo
1003 551 1184 624 narrantur,
1216 552 1388 630 agnoscat:
1423 547 1470 611 sic
1493 547 1685 612 iniuriosum
1709 553 1743 612 et
1765 548 1877 614 dolore

219 647 354 731 dignum
376 653 519 732 putatur,
543 644 624 710 illud
647 648 826 732 praeterire
850 647 990 727 silentio,
1014 648 1102 732 quod
1124 649 1238 714 relatio
1256 670 1334 714 vera
1355 650 1459 736 possit
1474 650 1644 716 adtollere.
1681 653 1801 718 etenim
1824 674 1878 718 res

221 749 305 815 bene
329 756 444 835 gestae
468 757 616 815 veterum
644 755 830 814 nostrorum
860 773 918 838 pro
947 752 1120 816 referentis
1151 752 1237 838 apud
1261 773 1320 817 nos
1344 753 1508 842 accipiunt
1531 755 1688 820 facultate
1711 756 1876 823 virtutem.

220 875 295 918 nam
318 876 395 932 vere
419 864 475 920 aut
497 855 584 940 perit
607 855 743 920 notitiae
767 862 824 920 aut
846 855 1060 920 adtenuatum
1083 857 1199 921 transit
1222 855 1263 921 ad
1285 861 1447 940 posteros,
1471 855 1558 942 quod
1581 856 1623 922 ad
1646 858 1876 944 explicandum
1910 863 1930 925 3

156 1007 160 1018 .
219 979 343 1045 pauper
358 958 533 1024 verborum
551 979 635 1023 vena
657 960 850 1044 susceperit,
875 965 908 1024 et
931 959 988 1023 illa
1012 960 1124 1044 (haud)
1150 961 1236 1024 iusto
1260 960 1395 1025 liberior
1417 960 1560 1025 laudatio
1583 967 1708 1036 tantum
1731 960 1878 1049 decerpit

220 1063 354 1147 gloriae,
377 1068 535 1146 quantum
558 1061 711 1125 falsitatis
735 1060 900 1128 adiecerit.
940 1064 976 1126 fit
993 1084 1069 1128 vero
1087 1063 1290 1149 plerumque,
1313 1069 1349 1129 ut
1369 1063 1432 1128 fide
1450 1085 1565 1130 carens
1582 1066 1730 1130 cumulus
1753 1065 1879 1130 minuat

219 1164 322 1250 probe
345 1166 433 1231 facta
455 1167 631 1230 multorum
657 1171 692 1228 et
715 1166 756 1230 sit
779 1187 863 1230 vana
886 1167 1029 1231 narratio
1053 1187 1136 1251 quae
1160 1169 1278 1231 crescit
1301 1189 1344 1232 ex
1366 1167 1562 1249 mendaciis,
1593 1167 1822 1254 intempestiva
1844 1175 1878 1234 et

219 1268 368 1333 mendica
392 1269 526 1333 nimium
550 1287 635 1352 quae
660 1277 725 1332 non
747 1270 926 1354 pertransit
949 1268 991 1333 ad
1014 1270 1199 1335 terminum.

327 1371 490 1445 Quocirca
513 1371 613 1436 vitam
636 1371 819 1437 beatissimi
842 1371 977 1458 Epifani
992 1373 1174 1438 Ticinensis
1196 1372 1353 1438 antistitis
1376 1380 1566 1440 narraturus
1589 1376 1705 1441 invoco
1729 1383 1878 1442 sanctum
1912 1382 1931 1442 4

219 1477 369 1563 spiritum
402 1481 522 1540 testem
557 1480 687 1540 actuum
723 1474 794 1538 eius
829 1481 864 1539 et
899 1476 1069 1554 comitem,
1110 1482 1146 1540 ut
1179 1476 1283 1561 ipsius
1318 1477 1441 1541 auxilio
1480 1478 1617 1563 gloriam
1657 1479 1877 1545 conscientiae

217 1580 464 1660 serenissimae,
490 1599 587 1664 quam
610 1577 719 1643 eidem
743 1580 923 1658 concessit,
946 1579 1075 1644 tradam
1098 1580 1220 1644 chartis
1243 1581 1377 1646 victuris
1401 1583 1435 1645 in
1457 1584 1606 1666 saeculo,
1630 1588 1667 1648 ut
1688 1584 1876 1670 exemplum

217 1685 407 1770 praebitura
423 1683 579 1748 virtutum
596 1702 774 1766 numquam
789 1682 877 1747 fama
900 1683 1066 1749 moriatur.
1105 1685 1138 1748 in
1162 1705 1225 1770 quo
1248 1691 1359 1750 tamen
1384 1706 1485 1772 opere
1509 1685 1536 1748 si
1559 1706 1611 1750 me
1635 1687 1788 1772 angustia
1809 1707 1875 1752 non
1910 1692 1929 1751 5

217 1786 372 1852 artaverit
403 1787 611 1872 eloquentiae
637 1786 697 1850 sub
727 1792 817 1850 certe
848 1786 922 1872 lege
947 1788 1126 1867 currentis,
1156 1797 1194 1854 ut
1217 1789 1326 1854 saltim
1352 1789 1453 1854 crude
1475 1811 1535 1877 per
1558 1789 1706 1855 ordinem
1728 1791 1874 1877 digeram

217 1891 305 1956 facta
325 1891 528 1972 meritorum,
560 1889 641 1954 nihil
663 1896 772 1956 tamen
797 1890 837 1956 de
860 1891 1028 1980 laboribus
1051 1895 1121 1959 eius
1144 1900 1211 1959 tam
1234 1893 1400 1959 mediocre
1423 1894 1477 1960 val
1499 1895 1621 1959 humile
1644 1893 1818 1976 inveniam,
1841 1900 1878 1960 ut

153 2020 164 2054 s
217 1995 412 2061 necessariis
443 1995 524 2060 illud
553 1994 667 2076 bullis,
700 2002 736 2059 ut
764 1995 914 2081 plerique
942 1997 1064 2078 solent,
1092 1997 1192 2062 vividi
1214 1998 1376 2063 sermonis
1399 1997 1605 2084 amplificem.
1651 2003 1754 2063 testes
1777 1999 1876 2064 etiam
1910 2001 1929 2062 6

218 2099 392 2165 calentium
417 2098 525 2165 citabo
548 2099 758 2184 negotiorum
782 2106 816 2164 et
838 2100 978 2187 trophea
1001 2101 1089 2165 illius
1113 2100 1219 2166 adhuc
1241 2102 1400 2166 fumantia
1424 2107 1458 2166 et
1481 2107 1641 2166 exornata
1657 2101 1698 2166 de
1714 2101 1877 2168 manubiis

217 2204 400 2269 diabolicae
424 2203 580 2268 nuditatis
604 2202 786 2269 ostendam.
823 2225 918 2268 nemo
943 2205 1031 2269 enim
1055 2205 1114 2270 sub
1139 2207 1242 2271 oculis
1266 2206 1455 2292 praesentia
1477 2227 1583 2292 paene
1600 2211 1634 2270 et
1649 2205 1784 2270 nimium
1799 2213 1878 2272 nota

124 2327 200 2377 aaa
218 2315 468 2386 commemorat,
509 2311 573 2375 nisi
607 2310 662 2396 qni
697 2309 737 2374 de
770 2311 906 2374 veritate
942 2309 1091 2383 confidit,
1125 2317 1178 2392 ut,
1204 2331 1295 2396 'quos
1329 2309 1464 2375 forsitan
1498 2309 1575 2374 ficta
1607 2308 1752 2374 dicturus
1787 2310 1878 2376 velut

216 2412 429 2501 inpudentiae
446 2435 540 2496 meae
557 2414 704 2479 conscios
721 2414 889 2495 evitarem,
913 2435 1026 2480 eorum
1043 2415 1176 2481 auribus
1192 2417 1340 2500 relegam
1362 2415 1417 2479 illa
1433 2434 1516 2499 quae
1535 2415 1688 2499 cognovit
1711 2420 1876 2501 aspectus.

137 2537 164 2576 ro
324 2519 431 2604 Igitur
460 2517 628 2604 praefatus
658 2516 706 2581 vir
736 2517 873 2602 insignis
900 2517 1073 2604 Epifanius
1107 2518 1242 2583 oriundo
1266 2519 1449 2583 Ticinensie
1481 2518 1592 2605 oppidi
1622 2517 1778 2603 indigena
1804 2518 1875 2600 fuit,
1906 2518 1929 2578 ’1

215 2628 308 2709 patre
325 2621 441 2687 Mauro
465 2628 643 2707 generatus
667 2627 701 2685 et
723 2627 827 2686 matre
841 2620 982 2686 Focaria
1003 2622 1120 2702 editus,
1143 2645 1226 2708 quae
1245 2623 1350 2687 sancti
1367 2623 1465 2686 etiam
1481 2621 1662 2687 Mirocletie
1679 2622 1877 2688 confessoris

216 2734 249 2792 et
276 2726 422 2814 episcopi
450 2726 610 2811 tangebat
638 2726 840 2811 prosapiem,
872 2725 1060 2791 hominibus
1091 2747 1133 2792 ex
1160 2725 1285 2811 liquido
1307 2726 1521 2811 ingenuitatis
1543 2725 1634 2791 fonte
1657 2714 1876 2793 venientibus.

216 2829 274 2894 sed
297 2829 375 2916 quid
398 2829 527 2893 illorum
550 2833 698 2893 retexam
723 2830 892 2914 sanguinis
917 2831 1192 2916 praerogativam,
1216 2850 1353 2916 quorum
1369 2829 1515 2894 familiae
1533 2835 1566 2893 et
1581 2828 1761 2894 nobilitatis
1779 2836 1877 2917 caput

217 2941 269 2998 est
291 2934 397 2997 lilius?
443 2933 498 3017 qui
521 2931 581 2996 sub
607 2932 781 2998 decessore
804 2955 862 2998 suo
886 2927 955 2998 viro
978 2935 1190 3019 integerrimo
1215 2933 1367 3020 Crispino
1390 2932 1543 3019 pontifice
1567 2933 1718 2998 caelestis
1742 2934 1877 3000 militiae
1910 2936 1930 2998 8

139 3055 164 3091 a
207 3037 403 3101 tirocinium
433 3035 557 3101 orditus
588 3057 747 3101 annorum
776 3037 879 3103 ferme
909 3045 982 3103 octo
1014 3039 1146 3104 lectoris
1178 3037 1396 3104 ecclesiastici
1424 3036 1569 3122 suscepit
1603 3036 1745 3101 officium
1782 3039 1875 3123 signo

215 3149 291 3206 ante
316 3141 453 3206 caelitus
477 3140 711 3206 demonstrato.
757 3162 834 3206 nam
857 3142 934 3207 dum
963 3149 1053 3209 esset
1082 3144 1116 3208 in
1145 3141 1331 3230 crepundiis
1358 3141 1512 3206 lactantis
1541 3139 1714 3222 infantiae,
1744 3140 1875 3208 fulsisse

216 3247 286 3310 eius
309 3245 472 3310 cunabula
495 3266 636 3332 superno
660 3247 781 3311 lumine
806 3245 917 3312 videre
942 3249 1145 3333 conplurimi,
1168 3255 1205 3312 ut
1227 3249 1368 3313 futuram
1391 3245 1511 3309 montis
1527 3245 1711 3310 claritatem
1731 3245 1875 3312 lustrans

216 3370 291 3414 eum
314 3356 348 3415 et
370 3349 574 3434 praecedens
606 3350 716 3434 fulgor
747 3351 940 3417 ostenderet
969 3358 1223 3437 secuturumque
1255 3350 1464 3437 splendorem
1485 3349 1518 3413 in
1541 3348 1687 3414 moribus
1709 3350 1775 3414 iam
1797 3356 1875 3424 tunc

215 3453 326 3538 typica
361 3453 434 3517 luce
471 3452 626 3538 signaret.
677 3458 827 3518 notarum
855 3455 889 3518 in
924 3455 1096 3521 scribendo
1131 3454 1315 3541 conpendia
1345 3458 1379 3518 et
1414 3453 1534 3537 figuras
1563 3452 1669 3516 varias
1699 3453 1874 3518 verborum
1909 3453 1929 3515 9

138 3572 164 3610 ³⁰
216 3555 457 3620 multitudinem
481 3554 788 3641 conprehendentes
811 3557 904 3622 brevi
927 3557 1102 3623 adsecutus
1125 3557 1160 3622 in
1183 3563 1397 3644 exceptorum
1419 3577 1554 3622 numero
1575 3555 1744 3621 dedicatus
1760 3557 1875 3622 enituit

217 3659 391 3746 coepitque
414 3659 478 3723 iam
501 3660 577 3722 talis
604 3659 775 3745 excipere,
806 3660 912 3743 qualis
941 3660 1047 3746 possit
1076 3661 1146 3725 sine
1175 3661 1334 3725 bonorum
1364 3659 1574 3725 oblocutione
1597 3658 1732 3724 dictare.
1777 3659 1876 3744 igitur
1890 3663 1929 3722 10

216 3784 374 3850 processu
397 3763 554 3849 temporis
578 3769 612 3828 et
635 3762 757 3827 laboris
780 3762 821 3827 ad
846 3770 976 3829 sextum
993 3764 1154 3830 decimum
1172 3765 1291 3830 aetatis
1308 3785 1428 3829 annum
1445 3763 1556 3828 divino
1571 3763 1683 3828 favore
1698 3762 1876 3849 perductus

218 3888 299 3932 cana
331 3867 468 3932 consilia
499 3867 533 3930 in
562 3865 656 3932 annis
685 3867 868 3954 puerilibus
900 3867 1130 3934 meditabatur.
1176 3869 1337 3933 vernabat
1364 3869 1397 3932 in
1430 3868 1487 3932 illo
1514 3888 1593 3954 prae
1622 3867 1741 3932 ceteris
1770 3874 1878 3932 mater

124 4003 144 4045 p.
161 3995 199 4035 m
218 3973 378 4038 bonorum
396 3993 532 4058 operum
547 3973 755 4040 verecundia.
792 3975 837 4038 ita
853 3974 1074 4039 famulabatur
1088 3974 1225 4039 antistiti
1241 3974 1360 4054 libens,
1383 3978 1420 4037 ut
1436 3972 1463 4037 si
1481 3969 1558 4056 quid
1574 3970 1682 4056 operis
1704 3977 1877 4056 gereretur

138 4092 163 4130 ³⁵
217 4078 258 4142 ab
287 4079 408 4157 altero,
439 4077 583 4164 graviter
609 4077 711 4142 ferret
740 4077 933 4164 subreptum
962 4079 1024 4142 sibi
1047 4078 1146 4144 fuisse
1172 4079 1350 4144 servitium.
1395 4074 1579 4161 accipiebat
1602 4095 1699 4140 senes
1722 4075 1875 4160 graviter,
1890 4076 1925 4134 11

217 4183 351 4248 iuvenes
380 4182 517 4246 comiter
545 4188 579 4246 et
601 4181 799 4246 cohercebat
829 4182 894 4247 iam
925 4189 1002 4247 lunc
1030 4183 1232 4248 facinorosos
1256 4182 1423 4246 audacter.
1469 4185 1542 4244 erat
1562 4179 1674 4264 primis
1698 4178 1876 4259 subiectus,

217 4286 378 4373 prioribus
396 4292 511 4351 sancta
526 4285 773 4371 iniungentibus
790 4285 1028 4368 obsecundans,
1045 4287 1237 4372 aequalibus
1251 4284 1392 4349 blandus
1404 4289 1502 4369 atque
1517 4281 1692 4364 officiosus,
1709 4282 1874 4367 sequenti-

216 4391 277 4456 bus
301 4411 392 4456 mera
415 4390 553 4455 caritate
577 4389 771 4454 communis:
809 4391 891 4454 nulli
914 4413 950 4455 se
979 4391 1184 4477 praeferens,
1216 4410 1288 4453 cum
1319 4388 1476 4474 religioso
1499 4406 1596 4450 cursu
1617 4406 1677 4472 per
1698 4387 1875 4451 caelestem

216 4495 378 4561 tramitem
408 4495 560 4559 omnibus
592 4495 748 4558 anteiret:
781 4494 981 4559 laudationis
1013 4517 1123 4560 amore
1147 4515 1286 4574 vacuus,
1317 4515 1389 4558 cum
1419 4490 1554 4556 cottidie
1583 4490 1615 4554 in
1646 4511 1685 4555 eo
1712 4489 1876 4554 laudanda
1958 4515 1961 4522 ’

217 4598 456 4665 adulescerent.
502 4618 641 4683 cumque
664 4618 717 4661 ree
740 4596 846 4681 gloria
875 4596 990 4683 dignas
1018 4621 1078 4685 per
1105 4599 1257 4664 horarum
1287 4604 1454 4663 momenta
1481 4599 1738 4674 consummaret,
1767 4590 1930 4680 perire12

320 4928 333 4980 1
354 4927 402 4996 sic]
421 4930 464 4982 sed
470 4931 537 4996 sort.
637 4927 654 4980 2
671 4929 788 4981 attollere
803 4928 828 4978 V
923 4925 940 4979 3
958 4945 1004 4996 pro
1017 4929 1163 4993 referentis]
1184 4928 1335 4996 proferentis
1347 4943 1403 4992 sup.
1417 4926 1462 4976 fia.
1475 4941 1502 4976 re
1514 4941 1584 4975 man.
1597 4929 1611 4974 1
1623 4922 1656 4988 B,
1674 4923 1825 4990 proferentis
1840 4922 1875 4974 Ob

215 5015 353 5068 4ueraeb
422 5014 530 5084 peretB
599 5014 802 5066 attenuatumV
866 5014 935 5081 quod
953 5015 1021 5081 expl.
1039 5032 1086 5065 om.
1105 5014 1138 5065 sd
1152 5015 1187 5064 Ob
1298 5010 1511 5079 bsusciperotB
1580 5011 1647 5062 band
1666 5009 1809 5074 dclssoll,
1830 5009 1876 5060 illa

215 5111 299 5154 antem
316 5103 384 5154 iusto
406 5100 466 5166 (om.
483 5101 519 5167 ct)
530 5103 611 5168 sort,
635 5103 669 5168 cf.
683 5119 713 5167 p.
727 5105 773 5165 62,
789 5103 820 5154 31
960 5098 977 5151 9
999 5101 1099 5152 mustis
1118 5100 1175 5165 VL,
1200 5101 1306 5152 antistes
1321 5099 1347 5149 B
1486 5095 1521 5150 10
1542 5098 1659 5165 spiritum
1681 5103 1798 5148 sanctum
1817 5096 1875 5147 0Ρὸ

217 5185 247 5238 11
266 5190 384 5241 uicturus
400 5185 439 5236 V1
560 5185 593 5238 13
610 5186 777 5252 artaberitB,
798 5188 950 5239 coartauerit
968 5186 1046 5239 Sis-m.
1126 5186 1214 5238 saltem
1232 5186 1256 5235 V
1367 5184 1400 5237 15
1417 5183 1505 5252 etiam]
1526 5185 1649 5236 etenimb
1765 5179 1799 5234 18
1816 5198 1876 5234 con·

216 5274 311 5326 fidelB
363 5272 477 5326 ueludB
572 5271 732 5326 lllconscios
738 5291 817 5340 prop.
828 5273 932 5334 Hortcl,
944 5273 1063 5323 conscius
1073 5272 1133 5322 libri
1209 5268 1391 5338 '20indigcna
1404 5269 1572 5336 (incatlin.)
1585 5270 1609 5319 V
1695 5266 1876 5336 23capudB¹

215 5357 249 5410 25
265 5361 363 5412 orditus
375 5360 408 5424 B,
425 5361 530 5412 sortitus
542 5360 618 5411 ceteri
714 5358 916 5411 aeclesiasticiB
1011 5359 1123 5424 suscepit
1138 5357 1237 5421 VLOP,
1261 5357 1405 5426 suscipitB
1535 5353 1578 5406 ⁴26
1596 5356 1780 5407 demonstratos
1797 5350 1877 5419 vla!

215 5447 380 5514 crepudiisB
467 5447 611 5499 lactentisb
742 5443 777 5496 29
794 5447 880 5513 typica
898 5443 923 5509 (a
940 5447 969 5495 in
982 5443 1030 5510 lit.)
1043 5445 1068 5494 B
1199 5443 1234 5494 32
1251 5454 1353 5497 sextum
1371 5451 1398 5496 et
1415 5444 1542 5496 decimum
1555 5442 1633 5494 Sim.
1764 5439 1799 5491 35
1816 5457 1877 5492 sene

215 5550 269 5598 mp.
288 5535 334 5584 lin.
353 5552 366 5585 s
383 5535 446 5586 odd.
460 5534 485 5584 B
589 5531 623 5584 36
640 5533 776 5584 aucdacter
789 5531 832 5581 Ba
937 5529 970 5582 37
989 5540 1066 5597 atque
1085 5549 1141 5598 sula
1161 5533 1206 5582 lia.
1225 5531 1249 5580 Γ
1349 5529 1383 5581 38
1401 5528 1479 5596 mera]
1500 5530 1600 5580 miraB
1697 5525 1731 5577 311
1749 5527 1841 5577 cotidie
1856 5525 1881 5575 V

215 5617 249 5668 40
266 5621 471 5672 adoliscersntB
540 5621 636 5686 gloriae
652 5617 747 5668 Vtro
815 5617 1014 5669 consumaretB
