4538 6436
429 403 471 464 00
1137 396 1172 450 ru
1190 395 1324 462 (opusc.
1343 396 1379 462 a).

430 571 591 636 consortio
612 575 724 634 mutuo
748 569 954 644 dissociatos,
978 589 1058 654 quos
1082 569 1183 635 fibula
1205 569 1371 654 religionis
1393 568 1446 654 pio
1469 567 1621 632 mordens
1644 565 1742 631 dente
1767 566 1947 652 coniungit,
1971 566 2087 653 procul

291 688 344 733 Isiu.
359 688 374 731 1·
390 700 409 731 e.
430 679 463 738 te
487 672 527 738 ab
551 672 781 738 aestimatione
805 672 967 737 catholica
990 672 1158 758 culparum
1181 671 1274 737 duxit
1301 671 1449 736 affectus.
1495 669 1641 735 mandati
1665 669 1819 734 caelestis
1843 668 2086 733 habitationes

429 783 487 842 aut
508 777 625 841 miscet
648 782 704 840 aut
727 781 869 862 separat.
907 797 971 840 non
994 776 1132 841 interest
1152 796 1236 860 quae
1260 774 1434 839 intervalla
1456 795 1515 838 nos
1537 777 1723 859 segregent,
1746 772 1774 838 si
1797 793 1861 836 uno
1884 774 1919 837 in
1942 793 2087 858 superna

376 878 596 947 remansione
621 879 775 944 conclave
799 881 987 945 retinemur.
1027 901 1103 944 rere
1127 879 1202 944 hinc
1226 879 1404 943 conicimus
1427 899 1502 943 esse
1518 899 1577 941 vos
1601 897 1713 942 servos
1730 876 1851 940 ventris
1875 883 1908 942 et
1931 877 2085 963 corporis,

429 988 463 1049 et
484 1004 544 1069 per
566 982 650 1048 hanc
674 984 858 1049 sentcntiae
874 989 1004 1048 vestrae
1022 982 1178 1047 vilitatem
1202 982 1379 1047 declaratis
1403 981 1567 1068 mancipia
1584 1002 1641 1045 vos
1657 1001 1732 1045 esee
1747 985 1889 1046 terrena.
1926 980 2084 1065 seriptum
2149 997 2161 1033 τ·

273 1104 344 1149 reor.
355 1111 376 1160 a,
386 1112 418 1151 ιι.
429 1093 480 1152 est
503 1086 608 1152 enim:
645 1075 806 1152 ‘animalis
829 1087 926 1152 homo
949 1108 1015 1153 non
1037 1087 1177 1173 percipit
1200 1107 1282 1172 quae
1306 1091 1382 1151 suut
1405 1082 1558 1170 spiritus’.

374 1196 415 1259 80
534 1190 614 1256 Post
636 1191 719 1256 haec
742 1191 846 1257 versis
869 1191 903 1255 iu
926 1190 1039 1275 fugam
1060 1189 1227 1255 ordinibus
1250 1190 1441 1276 lymphatici
1463 1210 1554 1254 more
1579 1188 1739 1253 sermonis
1769 1185 1956 1252 addidistis:
1992 1189 2083 1274 ‘ergo
2098 1201 2170 1252 aut

427 1296 563 1361 concilia
586 1295 792 1361 sacerdotum
816 1295 1050 1361 ecclesiasticis
1073 1297 1201 1381 legibus
1224 1296 1397 1382 quotannis
1420 1294 1555 1360 decreta
1578 1313 1638 1379 per
1659 1289 1860 1377 provincias,
1887 1291 1964 1376 quia
1987 1311 2085 1378 prae·

427 1399 568 1467 sentiam
591 1420 697 1486 papae
720 1420 785 1464 non
813 1399 952 1480 habent,
983 1398 1196 1465 valitudinem
1223 1397 1467 1485 perdiderunt?’
1512 1397 1630 1483 legite,
1659 1395 1876 1475 insanissimi,
1908 1395 2085 1480 aliquando

425 1503 458 1568 iu
481 1503 547 1568 illis
569 1509 703 1589 praeter
725 1504 893 1590 apostolici
917 1503 1018 1590 apicis
1047 1504 1246 1568 sanctionem
1274 1502 1399 1588 aliquid
1427 1501 1656 1580 constitutum,
1689 1506 1723 1564 et
1749 1520 1813 1563 non
1835 1497 1876 1565 de
1902 1498 2084 1565 maioribus
2138 1517 2163 1556 ¹⁰

374 1607 412 1671 81
427 1605 579 1692 negotiis,
603 1606 644 1671 ad
668 1608 885 1672 conlationem
914 1606 1039 1692 siquid
1064 1606 1214 1680 occurrit,
1237 1606 1406 1692 praefatae
1428 1604 1519 1670 sedis
1539 1603 1671 1669 arbitrio
1694 1603 1796 1667 fuisse
1820 1608 1997 1668 servatum.
2038 1601 2085 1666 sic

289 1715 375 1801 ὣς
389 1764 410 1804 8·
429 1709 514 1775 enim
537 1709 656 1775 habes:
690 1712 729 1776 ‘si
753 1713 826 1797 quis
849 1711 1077 1797 episcoporum
1100 1710 1219 1775 iudicio
1234 1709 1423 1795 provinciali
1439 1708 1607 1793 depositus
1622 1705 1731 1787 fuerit,
1754 1706 1937 1771 Romanum
1953 1727 2084 1793 papam,

428 1814 456 1878 si
479 1813 603 1898 placet,
627 1835 740 1878 rursus
762 1815 922 1900 appellet,
946 1821 980 1880 et
1002 1814 1089 1900 ipse,
1114 1815 1141 1878 si
1163 1812 1302 1892 videtur,
1326 1819 1458 1899 reparet
1479 1812 1600 1876 iudicia
1621 1812 1655 1876 in
1678 1809 1893 1897 opitulatione
1915 1808 2084 1874 damnati’.

429 1938 506 1983 ecee
524 1917 705 1999 enode-est,
729 1919 816 2003 quod
833 1918 874 1984 ad
891 1919 1044 2006 laqueum
1060 1918 1291 2004 praeparastis,
1314 1917 1379 1981 nisi
1393 1917 1476 1981 forte
1498 1916 1668 1982 artissimis
1691 1914 1724 1978 in
1747 1914 1804 1979 illa
1825 1919 1920 2000 parte
1942 1913 2084 1978 nexibus
2185 1907 2188 1914 ’

428 2019 668 2107 adstringamur
698 2026 732 2087 et
761 2022 1008 2108 replicationum
1036 2023 1129 2087 nobis
1157 2021 1274 2086 itinera
1303 2040 1366 2085 non
1398 2026 1583 2106 patescant,
1620 2019 1695 2084 dum
1724 2019 1816 2084 callis
1846 2025 1922 2084 ante
1949 2017 2084 2103 parvius
2139 2033 2163 2072 ιι

427 2123 568 2190 dumetis
592 2125 723 2190 novella
744 2124 973 2192 interclusione
997 2127 1145 2192 vestitur.

373 2227 415 2292 82
534 2227 598 2294 His
622 2229 708 2293 enim
732 2250 791 2293 nos
815 2231 936 2315 eloquii
958 2229 1129 2315 vepribus,
1158 2229 1235 2294 dum
1257 2229 1423 2314 gradimur
1445 2249 1504 2313 per
1526 2227 1642 2313 plana,
1673 2227 1838 2308 retinetis,
1871 2246 1945 2292 curn
1968 2223 2085 2306 dicitis,

425 2331 551 2397 laesum
581 2332 777 2418 principem,
809 2353 909 2418 quare
942 2332 1141 2398 adtributum
1172 2331 1372 2396 visitatorem
1401 2337 1514 2396 contm
1545 2330 1786 2397 ecclesiasticas
1817 2329 1950 2415 regulas
1978 2327 2086 2414 prima

426 2435 588 2501 voluimus
611 2435 718 2501 frome
742 2435 912 2502 discedere
937 2444 972 2502 et
994 2436 1075 2500 nihil
1099 2435 1239 2522 amplius
1262 2435 1360 2500 licere
1384 2441 1461 2500 tunc
1484 2435 1584 2516 vitiis,
1611 2457 1653 2500 ne
1676 2434 1866 2500 duresceret
1888 2434 2018 2514 lolium,
2042 2453 2084 2498 ne

425 2539 563 2624 protana
584 2541 703 2604 messia
727 2540 817 2604 nulla
840 2539 1031 2626 disciplinae
1056 2546 1132 2604 ante
1156 2541 1377 2605 maturitatem
1395 2539 1522 2603 succisa
1536 2538 1621 2602 falce
1638 2537 1850 2603 decumberet
1865 2543 1898 2606 et
1912 2542 2085 2623 putaretur
2136 2551 2162 2590 ²⁰

425 2643 525 2708 licere
542 2643 630 2729 quod
645 2643 770 2709 iudices
786 2665 852 2708 non
868 2645 1035 2711 vetabant.
1072 2643 1159 2708 unde
1176 2665 1220 2709 ex
1239 2649 1352 2728 aperto
1376 2649 1513 2724 constat,
1537 2643 1628 2707 nulla
1650 2664 1707 2708 vos
1731 2649 1826 2708 extra
1847 2641 2084 2728 praestantiam

425 2746 561 2832 piissimi
584 2747 682 2832 regis,
706 2768 804 2833 quam
826 2749 949 2813 frustra
973 2747 1167 2814 desideratis
1182 2741 1298 2812 'noxae
1323 2748 1479 2834 copulari,
1503 2747 1727 2834 exemplorum
1750 2747 1943 2811 auctoritate
1966 2744 2084 2810 fulciri.

372 2849 413 2914 83
427 2855 592 2936 superest,
614 2856 651 2914 ut
673 2856 707 2916 et
729 2852 833 2936 ipsum
857 2851 992 2916 doceam
1015 2852 1048 2915 in
1071 2850 1122 2915 his
1147 2851 1353 2932 excessibus,
1377 2851 1463 2936 quod
1485 2851 1570 2916 bono
1592 2849 1988 2935 universitatis‘contigit,
2019 2869 2084 2913 non

425 2953 540 3035 teneri,
563 2954 640 3040 quia
662 2954 822 3020 directum
847 2976 911 3020 uon
934 2956 1138 3020 occasionem
1161 2955 1226 3020 litis
1250 2977 1311 3021 nec
1334 2955 1514 3020 fomentum
1537 2954 1644 3040 iurgii,
1667 2951 1725 3019 sed
1741 2974 1875 3019 causam
1890 2953 1992 3017 voluit
2007 2972 2083 3018 esse
2097 2966 2185 3018 aua

425 3057 633 3139 concordiae,
656 3057 853 3145 praevidens
877 3059 1021 3138 scilicet,
1046 3058 1132 3144 quod
1158 3059 1219 3124 nisi
1244 3059 1423 3146 simplicem
1446 3061 1626 3125 iussionum
1649 3078 1782 3123 suarum
1804 3058 1910 3122 tutela
1932 3057 2082 3139 vallaret,
2135 3073 2160 3113 2⁵

425 3160 490 3224 cito
515 3161 548 3225 in
571 3182 682 3226 eseam
705 3160 832 3227 discidii
854 3163 965 3227 toxica
980 3169 1088 3228 vestra
1111 3163 1326 3248 subriperent.
1365 3165 1519 3250 scriptum
1536 3167 1587 3226 est
1603 3162 1705 3228 enirn:
1737 3163 1796 3226 ‘vir
1818 3161 1958 3249 simplex
1979 3159 2085 3226 credit

295 3259 400 3366 ¹2¹2*ng
428 3265 516 3329 omni
539 3263 662 3330 verbo’.
707 3265 828 3330 idcirco
851 3267 996 3331 mandati
1018 3267 1155 3332 limitem
1178 3267 1266 3348 fixit,
1295 3287 1392 3352 quern
1421 3266 1512 3331 nulla
1533 3266 1650 3331 liceret
1671 3265 1933 3351 transgressione
1956 3263 2084 3328 violari.

370 3367 411 3432 84
424 3368 608 3454 praefatum
632 3368 674 3434 ad
688 3369 778 3436 beati
793 3370 884 3436 Petri
906 3370 1084 3453 basilicam,
1107 3393 1183 3436 mox
1199 3370 1337 3437 Romam
1360 3371 1538 3458 perductus
1561 3370 1687 3450 luisset,
1709 3367 1877 3434 mandavit
1898 3387 2085 3447 occurrere,

421 3471 547 3538 faciens
571 3471 612 3538 de
636 3473 815 3539 sacerdotis
838 3481 914 3538 roto
938 3475 1025 3560 regis
1056 3475 1237 3561 imperium.
1283 3475 1354 3560 quis
1384 3474 1470 3539 enim
1496 3495 1562 3539 non
1592 3478 1723 3559 putaret
1748 3473 1935 3559 pontificem
1966 3477 2082 3556 sponte

420 3575 604 3661 pariturum
626 3575 661 3641 in
684 3597 725 3641 ca
747 3583 851 3664 parte,
876 3598 973 3662 quam
997 3576 1097 3642 licere
1121 3576 1183 3642 sibi
1199 3578 1352 3665 princeps
1368 3598 1432 3642 non
1449 3576 1595 3658 credidit,
1618 3578 1718 3642 etiam
1735 3577 1764 3642 si
1779 3581 1930 3642 vetaret?
1968 3575 2082 3661 ibique
2133 3590 2160 3630 ³⁰

421 3699 540 3765 papam
564 3677 606 3743 ab
630 3699 669 3744 eo
698 3680 877 3744 salutatum
910 3700 969 3744 suo
999 3701 1054 3745 ore
1082 3681 1177 3745 iussit
1208 3680 1329 3762 adfari,
1359 3686 1396 3745 ut
1417 3681 1563 3746 traderet
1585 3682 1777 3768 coepiscopo
1799 3679 1962 3768 mancipia
1983 3679 2082 3743 nullis

369 3781 411 3845 85
425 3781 599 3848 subdenda
619 3784 800 3865 tormentis,
825 3782 989 3848 servanda
1011 3784 1159 3870 profecto
1183 3784 1224 3849 ad
1248 3783 1519 3872 disceptationem
1544 3785 1708 3871 synodalis
1731 3785 1902 3850 examinis.
1940 3783 2081 3848 ocasti·

422 3891 525 3951 tatem
548 3887 734 3973 praecepti,
765 3908 849 3973 quae
872 3886 949 3951 dum
973 3888 1081 3952 lacem
1103 3888 1334 3974 praesentibus
1356 3889 1500 3974 praefert
1522 3889 1741 3976 temporibus,
1764 3889 1797 3953 in
1819 3888 1970 3953 umbram
1994 3886 2083 3970 cogit

422 3989 573 4074 antiqua,
604 4009 688 4074 quae
718 3991 805 4077 rapit
827 3991 939 4056 lumen
961 3991 1129 4057 veteribus
1152 3992 1356 4078 inauspicato
1379 3990 1552 4079 splendore
1576 3993 1744 4057 novitatis!
1791 3990 1945 4077 quiahoc
1967 3990 2081 4076 lingua

421 4090 513 4157 dives
530 4092 682 4178 cuiquam
698 4094 814 4158 merito
829 4095 967 4180 pauperi
984 4095 1036 4158 vel
1052 4095 1212 4182 opinionis
1228 4095 1406 4161 fabricator
1423 4095 1591 4161 adiunxit?
1629 4097 1702 4183 quis
1717 4097 1828 4161 taliter
1843 4095 2079 4160 commenticiis

368 4195 409 4259 86
422 4194 574 4261 laudibus
605 4196 818 4283 locupletavit
846 4197 934 4262 lama
964 4198 1128 4263 dominum
1153 4206 1282 4264 actuum
1306 4221 1437 4264 suorum
1461 4201 1599 4265 veritate
1616 4200 1826 4270 mendicum?
1870 4220 1936 4264 non
1959 4197 2080 4284 derogo

422 4299 516 4364 vobis
540 4299 813 4388 descriptoribus,
842 4320 981 4385 quorum
1009 4300 1168 4367 beneficio
1192 4302 1327 4386 contigit
1349 4309 1464 4367 ornata
1486 4302 1528 4366 ad
1550 4323 1610 4366 nos
1633 4302 1792 4368 maiorum
1814 4307 1910 4387 gesta
1930 4301 2080 4386 perduci:

420 4402 479 4468 sed
502 4402 556 4469 dei
579 4403 742 4470 beneficia
765 4425 830 4469 non
859 4404 993 4486 tacebo,
1027 4407 1104 4490 quia
1129 4406 1281 4493 princeps
1310 4413 1424 4470 noster
1450 4406 1549 4470 rebus
1575 4412 1708 4492 superat
1736 4405 1855 4470 decora
1882 4425 2079 4470 sermonum.

523 4695 693 4765 ambiatis]
712 4699 843 4751 obauditio
859 4698 885 4750 B
1001 4696 1019 4750 3
1037 4699 1121 4750 miscit
1136 4697 1162 4748 B
1238 4715 1331 4766 supera
1349 4697 1428 4750 sim.
1546 4696 1564 4751 4
1581 4699 1728 4752 conicsmus
1739 4699 1765 4751 B
1882 4697 1900 4751 5
1917 4700 2042 4754 scribtum
2055 4700 2080 4750 Β

420 4780 593 4836 laddedistia
609 4783 635 4835 B
777 4783 794 4836 8
812 4785 956 4852 quodannis
974 4782 1000 4835 Β
1107 4784 1249 4852 praesentia
1266 4785 1293 4835 Β
1439 4783 1469 4836 11
1492 4782 1672 4854 conlationem]
1696 4787 1895 4839 consentionem
1911 4786 1951 4852 B,
1977 4787 2079 4839 consul-

419 4870 541 4923 tationem
552 4871 621 4937 sort.
746 4867 779 4921 13
797 4871 875 4938 placit
886 4869 930 4922 B¹
1008 4872 1105 4941 appelit
1116 4869 1156 4923 131
1285 4869 1317 4922 15
1334 4872 1461 4939 patiscant
1471 4869 1513 4921 Β1
1635 4870 1668 4924 l'l
1686 4872 1817 4943 vopribus]
1835 4876 1980 4942 uepraebus
1991 4871 2079 4926 131171

421 4953 454 5008 18
471 4957 624 5011 attributum
640 4955 665 5007 V
766 4955 799 5008 19
816 4955 852 5026 st]
870 4966 901 5010 ut
917 4957 1015 5011 nasac
1084 4959 1224 5011 liceretunc
1236 4957 1269 5023 B,
1286 4958 1375 5010 liceret
1391 4961 1461 5010 bunc
1475 4959 1558 5024 ceteri,
1575 4961 1664 5013 liceret
1679 4968 1745 5013 tunc
1755 4960 1852 5014 Hartcl
1954 4957 1990 5012 24
2007 4976 2079 5013 occa·

419 5044 521 5095 sianum
533 5043 582 5095 13⁰
686 5039 721 5094 25
739 5044 858 5096 uallieret
869 5042 910 5094 Bl
1014 5041 1050 5098 26
1066 5046 1234 5114 subreperent
1248 5045 1306 5097 cPe
1366 5045 1490 5098 scribtum
1502 5045 1528 5097 B
1630 5044 1665 5098 29
1682 5045 1723 5114 de]
1736 5049 1769 5100 da
1780 5048 1826 5098 13⁶
1887 5049 2019 5117 imperinm
2031 5047 2079 5098 13⁰

418 5126 453 5180 33
471 5132 552 5182 lacem
570 5147 625 5197 asp.
640 5129 685 5181 lin.
698 5129 761 5182 cdd.
773 5127 819 5179 132
879 5129 998 5199 praefert]
1016 5134 1113 5199 profert
1127 5132 1174 5182 ΒῦΙ
1278 5129 1312 5183 34
1329 5132 1435 5198 antiqua
1446 5131 1506 5198 BA,
1524 5134 1656 5200 anfiquam
1668 5135 1715 5186 rel.
1778 5135 1836 5201 quis
1854 5134 1949 5186 hoc-
1960 5135 2080 5187 adiunxit

418 5214 535 5268 intercisi,
553 5216 627 5283 cprsd
642 5216 721 5269 Sirra.
862 5214 897 5268 35
920 5218 987 5269 diuis
1005 5217 1031 5269 Β
1168 5215 1202 5269 37
1224 5217 1417 5271 discribtorihus
1433 5217 1470 5282 B,
1496 5220 1689 5288 discriptoribus
1709 5215 1768 5284 Vb,
1794 5220 1826 5272 de
1847 5222 2014 5291 scriptoribus
2030 5221 2078 5272 rel.

418 5295 454 5353 38
471 5309 575 5369 superat
592 5319 648 5369 sup.
668 5302 713 5353 lin
732 5301 796 5354 add.
809 5300 853 5354 132
921 5304 1011 5356 decore
1023 5301 1066 5354 B¹
1134 5320 1276 5356 sermonem
1293 5302 1336 5354 V⁰

1900 5432 2029 5439 ——.-.-.
2035 5431 2075 5438 -.

524 5523 557 5578 18
574 5524 643 5577 Acta
658 5539 716 5594 spa
734 5539 755 5578 c.
770 5529 800 5580 3:
820 5541 936 5595 sperans
954 5530 987 5581 ut
1004 5525 1142 5591 natator,
1160 5525 1209 5594 qui
1227 5529 1325 5582 contra
1342 5527 1515 5606 religionem,
1534 5530 1632 5583 contra
1649 5531 1757 5585 statuta
1775 5533 1900 5586 veterum
1917 5533 1963 5586 vel
1982 5537 2079 5588 contra

418 5609 529 5678 regnrlas
554 5609 692 5664 maiorum
713 5627 731 5665 a
754 5615 834 5682 parte
858 5612 925 5667 cleri
949 5613 993 5668 vel
1015 5613 1053 5667 ab
1075 5613 1217 5682 aliquibus
1238 5613 1317 5668 laicis
1339 5615 1430 5670 tuerat
1453 5617 1622 5684 postulatus.
1650 5617 1882 5672 exordinatione
1909 5619 2079 5686 antistitum,

418 5698 491 5752 sicut
509 5695 627 5750 decebat
646 5701 773 5751 sanctuar
792 5699 975 5768 propositum,
994 5701 1085 5770 prima
1102 5701 1194 5753 fronte
1212 5700 1360 5755 recederet.
