4566 6532
807 420 1012 475 cccuxxxlx
1032 419 1200 488 (Inuisus,
1220 419 1263 486 12)
1285 449 1315 457 -
1335 413 1459 469 cccxm
1479 411 1603 480 (EPIST.
1621 415 1646 476 8,
1665 414 1717 480 14).

996 709 1263 780 cco‘uxxxlx
1287 713 1399 798 (misr.
1417 715 1448 790 8,
1471 711 1532 792 12).

1044 907 1281 982 ENNODIVS
1309 907 1483 982 FLORO.

547 1055 635 1166 Qua
659 1097 692 1151 te
715 1086 923 1152 devinctione
947 1093 1175 1173 teneamque
1198 1087 1370 1172 diligentia
1393 1086 1593 1171 conplectar,
1618 1107 1661 1148 ex
1679 1082 1777 1146 animi
1801 1083 1848 1145 tui
1870 1089 1965 1166 potes
1989 1079 2099 1163 quali-

437 1199 504 1254 tate
529 1191 694 1274 colligere.
742 1192 797 1254 vix
820 1192 906 1254 enim
930 1192 1031 1255 amari
1057 1192 1209 1276 contigit,
1242 1192 1303 1254 nisi
1331 1211 1412 1276 quos
1442 1190 1615 1254 sinceriter
1637 1209 1747 1251 amare
1772 1185 1968 1250 eonstiterit.
2016 1205 2097 1246 eon-

438 1294 586 1380 greditur
610 1294 696 1359 inter
719 1317 753 1359 se
778 1295 932 1359 caelestis
956 1296 1050 1380 vigor
1072 1296 1251 1359 animarum
1280 1303 1314 1359 et
1344 1292 1453 1358 studia
1480 1315 1539 1358 sua
1568 1293 1667 1356 mutis
1699 1290 1761 1356 sibi
1791 1289 1904 1375 pandit
1927 1288 2100 1353 affatibus.

439 1404 472 1462 et
495 1397 570 1462 ideo
595 1398 622 1462 si
645 1397 904 1463 vicissitudinem
926 1399 1007 1462 milri
1030 1397 1168 1464 reddere
1192 1399 1353 1484 disponis,
1385 1399 1498 1462 insiste
1527 1397 1662 1475 domno,
1693 1401 1730 1458 ut
1753 1393 1977 1458 suburbanum
2002 1389 2100 1466 illud,
2170 1407 2181 1442 r»

438 1502 514 1566 dato
538 1503 565 1564 si
588 1500 742 1585 dignetur
764 1523 783 1563 a
806 1522 858 1565 me
882 1502 1000 1588 pretio,
1031 1503 1214 1588 comparari
1238 1502 1366 1567 iubeat:
1392 1500 1479 1587 quod
1503 1498 1579 1564 dum
1603 1501 1635 1563 in
1660 1499 1794 1583 Liguria
1816 1496 1923 1575 fuero,
1956 1495 2102 1558 feliciter

406 1603 577 1670 2habeam
602 1610 635 1668 et
657 1611 731 1690 post
753 1604 878 1669 obitum
902 1625 1011 1669 meum
1035 1605 1107 1690 ipse
1131 1606 1245 1692 suique
1270 1604 1468 1690 possideant.
1514 1603 1593 1668 mihi
1624 1611 1733 1666 tamen
1762 1607 1839 1687 post
1866 1598 1966 1664 deum
1994 1599 2101 1662 liber·

440 1715 541 1773 tatem
567 1697 785 1773 substantiam
808 1707 937 1772 videtur
959 1708 1030 1794 ipse
1055 1709 1217 1786 conferre,
1250 1709 1277 1771 si
1300 1708 1362 1772 hoe
1384 1707 1536 1772 beneficii
1560 1707 1748 1794 peripsum
1772 1704 1863 1768 fuero
1887 1709 2100 1766 consecutus.

437 1810 494 1876 sod
519 1812 567 1876 sie
592 1812 660 1876 lilia
682 1817 739 1876 tua
762 1813 866 1888 vivat,
898 1811 944 1874 sie
974 1812 1015 1876 de
1045 1812 1101 1876 illa
1130 1812 1244 1897 quales
1275 1819 1370 1897 optas
1393 1811 1478 1876 filios
1501 1819 1632 1884 teneas,
1664 1812 1710 1874 sie
1734 1809 1815 1874 deus
1839 1808 1980 1871 animam
2006 1813 2101 1870 tuam

440 1922 571 1982 sanctos
595 1936 671 1979 suos
695 1915 795 1979 faeiat
824 1916 998 1999 coaequari
1029 1923 1063 1979 et
1092 1916 1194 1980 frater
1222 1924 1298 1981 tuus
1322 1917 1427 1995 vivat,
1460 1923 1498 1979 ut
1526 1916 1657 1978 insistas
1688 1913 1880 1998 suppliciter
1908 1911 2102 1995 inportune,
2159 1925 2184 1961 ¹⁰

408 2011 602 2105 3quatenus
625 2017 666 2082 ad
691 2017 844 2082 effoetum
867 2020 1060 2104 petitionem
1084 2041 1191 2084 meam
1214 2019 1384 2105 perducas.
1430 2019 1553 2103 cogitet
1581 2018 1694 2096 deum,
1725 2016 1849 2100 cogitet
1877 2013 2104 2078 necessitates

440 2145 540 2200 meas,
566 2123 642 2208 quia
659 2123 740 2186 nilril
756 2127 808 2187 est
824 2123 910 2208 quod
926 2124 1075 2209 potentia
1091 2125 1204 2211 ipsius,
1228 2123 1315 2210 quod
1331 2123 1470 2188 effeetus
1487 2122 1574 2187 cirea
1590 2143 1642 2186 me
1659 2120 1766 2186 maius
1786 2119 1890 2204 possit
1912 2123 2104 2204 praestare.

1066 2428 1203 2498 COGXC
1225 2431 1336 2516 (arrsr.
1354 2433 1385 2511 8,
1404 2430 1469 2514 13).

816 2626 1053 2701 ENNODIVS
1080 2626 1360 2700 AVRELIANO
1388 2625 1719 2700 PRESBYTERO.

413 2787 425 2845 ¹
549 2773 783 2866 Affectionem
808 2800 957 2880 mentior,
982 2804 1008 2867 si
1026 2804 1191 2869 vobiscum
1209 2801 1395 2888 digrediens
1413 2824 1477 2867 non
1496 2802 1636 2866 remansi
1653 2808 1686 2866 et
1702 2799 1935 2866 beatitudinem
1955 2809 2108 2864 vestram

442 2926 571 2970 meeum
594 2907 741 2990 quamvis
765 2906 906 2970 locatam
929 2907 962 2970 in
986 2908 1127 2972 statione
1151 2930 1215 2972 non
1240 2907 1353 2973 detuli.
1399 2907 1532 2991 etquis
1555 2907 1683 2969 animus
1708 2905 1741 2968 in
1765 2926 1827 2981 me,
1850 2909 1886 2968 ut
1910 2904 1943 2967 in
1968 2904 2108 2979 ceteris,
2164 2923 2187 2960 rs

443 3009 611 3095 inperator
626 3014 677 3073 cst
696 3010 851 3095 eorporis,
876 3011 948 3096 ipse
965 3013 1051 3076 circa
1067 3011 1268 3097 diligentiam
1284 3020 1428 3077 vestram
1451 3017 1503 3074 est
1527 3016 1596 3074 tota
1618 3009 1800 3073 intentione
1824 3008 1986 3093 captivus.
2025 3029 2109 3091 ergo

443 3112 652 3176 salutationis
676 3109 958 3179 honorificentiam
976 3115 1088 3180 debito
1106 3116 1291 3180 humilitate
1308 3115 1500 3201 persolvens
1518 3113 1599 3176 nihil
1618 3110 1788 3176 valitudini
1803 3131 1898 3175 meae
1915 3111 1956 3174 de
1973 3110 2108 3175 itineris

411 3212 665 3281 2coufraetioue
694 3215 802 3280 indico
833 3216 1028 3284 decessisse.
1074 3240 1153 3283 ecee
1183 3239 1247 3303 qua
1277 3216 1527 3283 sollicitudinem
1557 3221 1700 3280 vestram
1729 3214 1863 3300 benigni
1892 3213 1994 3278 studii
2027 3235 2110 3279 eura

443 3325 647 3384 remuneror!
692 3319 807 3399 facite,
837 3319 925 3404 quod
948 3322 1106 3407 seriptum
1135 3328 1201 3402 est,
1231 3321 1371 3408 adeepta
1407 3322 1618 3386 restituentes
1650 3319 1691 3382 de
1715 3317 1946 3404 prosperitatis
1971 3325 2109 3382 vestrae

442 3442 495 3487 ms
518 3421 755 3508 significatione
778 3424 947 3508 gratulari.
2163 3441 2188 3478 ²⁰

1063 3645 1220 3714 cccxci
1244 3647 1354 3732 (aelst.
1369 3651 1399 3729 8,
1416 3647 1480 3732 14).

1039 3839 1276 3916 ENNODIVS
1302 3837 1504 3915 FAVSTO.

554 3985 730 4080 Tacerem
753 4016 922 4081 molestias
946 4037 1047 4094 meas,
1071 4017 1135 4080 nisi
1158 4016 1410 4094 intellexissem,
1434 4015 1520 4101 quod
1539 4015 1723 4081 sollicitudo
1739 4021 1851 4080 vestra
1867 4035 1920 4079 me
1941 4015 2109 4080 sublevat.

444 4138 518 4181 uam
547 4116 625 4181 dum
654 4119 850 4204 agnoscitis,
880 4140 978 4205 quam
1001 4121 1100 4184 variis
1129 4119 1313 4185 morborum
1344 4119 1466 4204 fatigor
1494 4119 1725 4199 incommodis,
1756 4139 1814 4204 pro
1842 4117 1991 4205 peccatis
2021 4119 2109 4184 meis

443 4219 590 4286 febribus
613 4222 803 4308 frequenter
825 4221 959 4288 addicor
983 4230 1017 4288 et
1039 4223 1136 4304 vires,
1161 4244 1245 4310 quae
1269 4222 1467 4288 videbantur
1490 4224 1671 4303 restitutae,
1695 4223 1896 4308 franguntur.
1936 4241 2018 4307 ergo
2041 4242 2106 4287 vos

445 4321 591 4389 remedia
613 4331 772 4390 consueta
794 4335 959 4412 praestate
984 4334 1018 4392 et
1039 4349 1134 4392 usum
1151 4329 1242 4393 illum
1260 4334 1393 4394 sanctae
1412 4329 1667 4395 conversationis
1683 4326 1863 4414 inpendite,
1887 4333 1923 4390 ut
1940 4325 2105 4413 quidquid
2160 4345 2185 4384 2³

444 4427 607 4493 medicina
629 4429 814 4494 mortalium
837 4451 902 4496 non
925 4433 1023 4512 valet,
1046 4433 1126 4496 lusis
1149 4430 1311 4497 addeum
1335 4433 1656 4520 nostrumprecibus
1679 4431 1861 4518 inpetratis.

550 4687 772 4757 [ccouxxxtx]
801 4688 819 4740 2
836 4691 994 4744 ᾱίιιίιιοιίοιιο
1006 4691 1031 4742 Β
1134 4691 1152 4742 3
1169 4693 1279 4760 contigit
1290 4693 1390 4758 scripsi,
1408 4691 1522 4758 oo'utigst
1534 4689 1567 4754 B,
1584 4693 1716 4758 contingat
1727 4692 1804 4743 ceteri
1907 4687 1925 4738 4
1943 4688 2071 4740 affatibus
2083 4687 2110 4739 Β

445 4777 463 4830 5
480 4780 502 4830 si
514 4795 563 4830 om.
579 4777 712 4830 VLTGPt
763 4779 974 4830 uiesssitudinem
986 4778 1012 4829 B
1105 4779 1161 4830 tisi
1173 4781 1296 4847 dignatur
1308 4780 1367 4831 dato
1379 4775 1438 4831 Plt
1531 4775 1547 4828 9
1564 4780 1640 4830 uiuat
1651 4779 1689 4830 sie
1701 4779 1738 4830 sie
1748 4778 1780 4828 ds
1792 4777 1818 4828 Β
1910 4773 1944 4827 lo
1961 4781 2072 4827 seauton
2084 4774 2111 4826 Β

444 4864 540 4916 sanetis
557 4864 611 4916 suis
627 4863 708 4917 TOPb
807 4866 883 4917 faeiat
898 4862 1046 4915 VLT¹OP¹
1145 4866 1296 4933 suppliciter
1318 4866 1348 4930 (li
1365 4863 1452 4929 iniit.)
1469 4864 1495 4915 B
1629 4862 1661 4915 11
1679 4865 1801 4930 quatinus
1816 4862 1841 4911 V
1935 4862 2070 4929 petionem
2083 4861 2109 4912 Β

444 4951 528 5018 cogite
540 4951 564 5016 b,
588 4951 685 5018 cogitas
702 4949 789 5014 aim,
812 4959 836 5004 ct
853 4951 888 5002 sie
905 4959 1011 5016 atroque
1029 4952 1083 5002 loeo
1187 4953 1282 5018 cogitet
1304 4953 1381 5003 deum
1398 4967 1455 5018 sup.
1474 4951 1518 5002 lin.
1536 4949 1562 5000 B
1702 4948 1734 5000 12
1756 4956 1886 5017 praestare
1908 4947 1965 5000 aaa
1985 4947 2108 5000 anooa

446 5035 534 5090 Sedott
551 5045 574 5089 et
590 5035 678 5101 sinn,
695 5045 762 5090 stare
780 5039 854 5091 amori

550 5136 679 5207 [CCCXC]
716 5138 749 5192 15
771 5139 901 5208 quamvis]
926 5157 1005 5208 quam
1028 5141 1114 5193 uixB
1219 5141 1331 5192 locatum
1347 5139 1373 5190 B
1477 5147 1503 5192 st
1525 5139 1575 5191 del.
1594 5139 1691 5191 Hertsl
1794 5139 1821 5189 in
1845 5133 1947 5204 osoens]
1973 5137 2068 5190 interis
2085 5137 2113 5189 B

446 5225 479 5278 16
496 5228 613 5294 eaptiuos
624 5225 651 5276 Β
783 5223 815 5278 17
832 5227 977 5279 ualitudine
993 5227 1018 5278 Β
1152 5223 1184 5276 19
1202 5243 1256 5278 rem
1274 5243 1394 5278 muneror
1411 5225 1436 5276 Β
1533 5233 1639 5293 accepta
1654 5224 1680 5274 V
1772 5225 1951 5278 restituenstss
1970 5223 1994 5288 (ι
2014 5225 2069 5277 del.
2087 5235 2114 5280 ot

446 5331 464 5365 n
481 5331 538 5380 saep.
554 5310 615 5378 aar.)
634 5311 658 5361 Β

550 5413 693 5485 [cccxcl]
729 5414 764 5468 22
784 5416 904 5484 taesrsm]
928 5426 1009 5470 tarem
1024 5416 1050 5467 B
1175 5415 1210 5469 23
1229 5433 1287 5468 uam
1306 5413 1376 5481 dum]
1395 5415 1509 5467 noudum
1526 5411 1566 5465 Τ2
1583 5422 1606 5466 et
1624 5412 1721 5465 Hortel
1808 5413 1949 5479 agnoscitis
1962 5413 2001 5477 B,
2030 5433 2115 5482 agno

445 5504 522 5556 sestis
539 5503 886 5574 metamaucensem
954 5503 1166 5556 incommodisB
1269 5500 1305 5553 24
1322 5519 1406 5569 quae·
1422 5501 1447 5552 Β
1550 5499 1585 5554 25
1602 5500 1757 5554 εωηοίιοΒ
1825 5499 1950 5567 quiequid
1966 5499 1991 5551 V
