4538 6436
860 381 948 434 VITA
968 380 1122 434 spirant.
1763 388 1815 448 101

170 551 209 616 ad
232 557 382 638 posteros
404 553 458 636 qui
481 551 710 638 praesentibus
735 553 838 640 culpis
862 555 1011 639 ignoscit.
1046 574 1120 618 nam
1141 553 1226 640 quod
1245 553 1285 618 de
1309 553 1526 641 redemptoris
1543 556 1647 621 nostri
1662 557 1821 642 patientia

168 654 322 742 loqueris,
351 655 425 720 illos
450 676 526 720 vere
557 656 765 741 amplectitur
787 658 838 720 lac
868 658 1004 742 gratiae,
1034 677 1116 742 quos
1140 658 1315 721 austeritas
1340 658 1423 741 legis
1447 658 1608 724 informat.
1655 680 1821 744 nunquam

168 755 336 822 amedico
367 758 407 822 ad
438 758 661 844 plenissimam
692 760 894 823 curationem
923 780 1025 844 aeger
1052 757 1211 822 adductus
1240 764 1301 836 est,
1340 759 1402 822 nisi
1430 758 1472 823 ab
1500 760 1569 840 illo,
1599 761 1654 845 qui
1682 762 1820 847 primum

169 863 275 950 putria
297 862 384 926 ferro
408 863 555 928 membra
577 863 726 927 desecuit
749 870 791 938 et¹
805 865 962 928 latentem
992 863 1123 949 penitus
1147 883 1165 926 e
1189 861 1261 924 sinu
1285 861 1449 927 uiscerum
1477 862 1631 948 produxit
1654 865 1819 931 inluviem.

108 1016 112 1024 .
168 967 220 1052 qui
255 966 446 1031 criminosos
478 967 601 1052 patitur
636 968 756 1053 inpune
791 968 941 1044 transire,
982 965 1023 1030 ad
1059 967 1193 1030 crimina
1222 966 1370 1030 hortatur
1401 966 1559 1032 insontes.
1604 973 1715 1033 tamen
1744 970 1894 1055 quialdl

167 1071 317 1157 precibus
345 1071 475 1146 vestris,
506 1069 624 1154 quibus
647 1091 789 1157 superna
820 1072 1012 1150 assentiunt,
1046 1069 1205 1135 obsistere
1236 1076 1368 1134 terrena
1395 1092 1460 1136 non
1488 1078 1637 1158 possunt,
1670 1073 1821 1138 omnibus

167 1174 365 1259 generaliter
392 1195 536 1239 errorem
568 1173 777 1239 dimittemus.
823 1175 943 1238 nullius
972 1179 1070 1259 caput
1101 1193 1189 1237 noxa
1217 1179 1412 1258 prosternet,
1445 1175 1596 1258 quoniam
1624 1177 1763 1261 potestis
1788 1183 1821 1242 et

167 1278 252 1365 apud
275 1277 373 1343 deum
397 1283 543 1343 nostrum
567 1299 678 1363 agere,
701 1285 737 1342 ut
760 1278 940 1343 sceleratae
963 1284 1091 1342 mentes
1116 1298 1135 1340 a
1157 1277 1317 1363 propositi
1338 1278 1389 1341 sui
1408 1279 1623 1362 perversitate
1640 1279 1819 1345 discedant.

169 1403 290 1469 paucos
318 1389 439 1462 tamen,
469 1402 550 1466 quos
574 1383 734 1446 malorum
757 1383 943 1448 incentores
966 1382 1068 1446 fuisse
1092 1381 1239 1466 cognovi,
1271 1382 1416 1445 locorum
1441 1402 1571 1446 suorum
1595 1384 1820 1449 tantummodo

168 1483 368 1550 habitatione
390 1484 536 1570 privabo,
560 1505 601 1548 ne
622 1485 706 1548 forte
723 1505 888 1569 exurgens
905 1485 1087 1549 necessitas
1104 1484 1228 1548 vicinos
1245 1485 1389 1548 inveniat
1404 1486 1579 1549 nutritores
1604 1491 1637 1549 et
1659 1487 1818 1550 malorum

165 1589 275 1654 adiuta
310 1587 518 1652 successibus
553 1587 640 1651 bella
672 1586 891 1673 consurgant!
942 1587 992 1651 his
1021 1588 1356 1674 praecellentissimus
1388 1610 1446 1652 rex
1477 1586 1572 1651 dictis
1602 1589 1706 1652 virum
1733 1587 1895 1654 inlu-135

166 1694 360 1758 strissimum
384 1692 543 1756 Vrbicum
565 1691 664 1756 acciri
686 1691 788 1770 iubet,
812 1692 866 1776 qui
890 1693 1042 1756 universa
1064 1691 1178 1776 palatii
1202 1691 1273 1754 eiua
1296 1711 1397 1754 onera
1418 1697 1604 1755 sustentans
1628 1692 1820 1758 Ciceronem

165 1798 360 1881 eloquentia,
392 1795 549 1860 Catonem
580 1795 745 1879 aequitate
777 1801 1022 1880 praecesserat:
1061 1795 1113 1858 cui
1136 1795 1305 1880 praecepit
1334 1801 1370 1858 ut
1399 1795 1565 1878 generalis
1598 1795 1820 1881 indulgentiae

164 1900 396 1987 pragmaticum
419 1900 656 1986 promulgaret;
686 1897 774 1984 quod
800 1899 920 1963 illaad
947 1919 1075 1963 omnem
1104 1897 1342 1982 benignitatem
1372 1899 1598 1982 paratissimus
1627 1899 1702 1964 ilico
1726 1907 1818 1964 tanta

91 2028 115 2066 n
167 2005 327 2070 brevitate
350 2010 383 2068 at
412 2003 484 2067 lucc
508 2002 689 2082 contexuit,
719 2009 755 2065 ut
779 2009 811 2067 et
834 2003 891 2066 illa
914 2003 1081 2087 culparum
1110 2023 1234 2086 genera
1264 2007 1543 2086 cognoscerentur
1569 2002 1702 2083 abolita,
1734 2024 1818 2089 quae

78 2096 98 2137 l
111 2084 147 2124 ³⁹⁸
165 2108 362 2195 putabantur
383 2106 485 2171 fuisse
507 2111 684 2171 reservata.

272 2211 406 2276 Interea
428 2210 585 2274 secretius
609 2231 668 2274 rex
692 2209 990 2297 praestantissimus
1014 2208 1219 2272 sacerdotem
1237 2207 1459 2272 venerandum
1476 2206 1665 2293 Epifanium
1681 2209 1819 2294 imperat
1835 2205 1894 2267 136

166 2315 305 2396 evocari,
335 2334 431 2399 quern
455 2313 513 2378 tali
538 2314 703 2401 conpellat
725 2314 840 2378 affatu:
871 2311 992 2376 ‘iudicii
1015 2312 1117 2376 nostri
1143 2332 1184 2376 ex
1207 2311 1279 2396 ipsa
1303 2311 1476 2388 sententia,
1506 2310 1645 2396 gloriose
1670 2314 1819 2394 antistes,

165 2418 291 2505 pondus
322 2418 489 2502 intellege,
522 2423 567 2496 ut,
604 2439 677 2481 curn
709 2425 759 2481 tot
789 2418 820 2479 in
852 2417 944 2500 regni
973 2415 1074 2480 nostri
1111 2414 1232 2479 circulo
1262 2414 1433 2499 pontifices
1464 2436 1538 2479 esse
1569 2415 1750 2495 rideantur,
1785 2423 1820 2480 tu

88 2547 113 2586 so
164 2523 369 2609 potissimum
398 2521 431 2584 in
455 2528 547 2585 tanta
570 2543 605 2586 re
628 2521 722 2605 qnasi
744 2522 859 2585 unicus
884 2521 1025 2605 eligaris.
1071 2541 1132 2583 nec
1157 2526 1312 2582 enervata
1335 2539 1394 2602 per
1417 2519 1566 2583 meritum
1591 2526 1682 2584 tuum
1705 2520 1819 2588 huius-

164 2624 249 2689 modi
276 2626 504 2689 aestimatores
529 2624 647 2688 inludit
669 2625 789 2709 opioio.
837 2625 926 2688 solus
951 2645 1026 2687 esse
1049 2624 1134 2686 iuste
1159 2620 1313 2698 crederis,
1337 2622 1430 2684 ouius
1455 2623 1629 2708 splendore
1653 2630 1817 2708 tamquam
1834 2619 1892 2680 137

163 2729 269 2814 globis
291 2727 459 2793 lunaribus
482 2728 642 2791 minorum
666 2727 809 2792 siderum
834 2728 943 2791 lumen
968 2726 1159 2790 obtunditur
1181 2732 1213 2788 et
1237 2725 1385 2790 modicae
1405 2726 1487 2789 lucis
1511 2726 1592 2790 radii
1615 2727 1819 2813 praefulgida

164 2832 384 2896 conscientiae
420 2850 499 2896 suae
538 2832 611 2897 luce
645 2831 824 2896 fuscantur.
877 2831 947 2917 quis
982 2836 1119 2915 quaerat
1155 2829 1262 2892 noctis
1296 2828 1490 2914 lampadam,
1521 2830 1578 2893 ubi
1612 2830 1689 2895 solis
1726 2831 1821 2895 iubar

164 2937 357 3020 effulgurat?
390 2936 462 3020 quis
486 2934 642 2999 candelae
666 2933 877 3021 praesidium,
901 2934 958 2998 ubi
973 2933 1109 2996 caminis
1127 2931 1386 3016 indesinentibus
1402 2930 1478 2995 fidei
1494 2953 1575 3018 pyra
1591 2934 1819 2998 succenditur?

92 3063 114 3100 a
163 3049 329 3124 postremo
352 3041 453 3104 talem
476 3061 496 3104 a
520 3059 571 3104 me
595 3046 723 3125 oportet
752 3039 857 3123 dirigi,
890 3038 1021 3122 qualem
1045 3037 1229 3123 suscipiens
1252 3035 1392 3099 libenter
1415 3036 1586 3101 auscultet.
1633 3036 1724 3100 vides
1748 3030 1894 3101 uni-¹38

162 3165 258 3208 versa
288 3144 404 3208 Italiac
434 3144 508 3208 loca
536 3143 720 3228 originariis
752 3141 887 3206 viduata
917 3140 1106 3205 cultoribus.
1152 3141 1183 3203 in
1213 3139 1378 3203 tristitiam
1409 3160 1517 3204 meam
1547 3146 1696 3224 segetum
1727 3140 1819 3204 ferax

162 3245 272 3331 spinas
296 3254 394 3332 atque
417 3247 543 3312 iniussa
566 3247 728 3332 plantaria
751 3269 886 3334 campus
910 3248 1070 3334 adportat,
1095 3254 1128 3312 et
1150 3247 1207 3310 illa
1229 3252 1333 3312 mater
1353 3247 1517 3310 humanae
1537 3247 1655 3310 messis
1675 3246 1819 3332 Liguria,

162 3350 213 3412 oui
243 3370 418 3415 numerosa
446 3350 661 3435 agricolarum
692 3351 821 3415 solebat
850 3358 1001 3415 constare
1028 3351 1215 3436 progenies,
1249 3349 1364 3413 orbata
1392 3355 1489 3434 atque
1520 3349 1641 3413 sterilis
1673 3350 1818 3414 ieiunum

161 3454 319 3537 cespitem
342 3454 461 3517 nostris
484 3459 643 3518 monstrat
666 3452 845 3519 obtutibus.
890 3456 1080 3540 interpellat
1100 3475 1153 3517 me
1176 3460 1273 3530 terra,
1297 3473 1503 3538 quocumque
1525 3453 1667 3539 respicio
1685 3453 1818 3519 uberem

91 3577 115 3616 so
162 3557 282 3620 uinetis
311 3556 439 3636 faciem,
479 3578 550 3620 cum
580 3557 696 3622 aratris
730 3558 851 3644 inpexa
880 3558 1058 3622 contristat.
1109 3556 1258 3620 odolorl
1291 3556 1400 3620 nullus
1436 3575 1528 3618 umor
1561 3556 1688 3621 illorum
1717 3558 1895 3624 labrislssll

163 3659 353 3742 infunditur,
386 3681 468 3745 quos
492 3681 511 3723 a
534 3660 601 3726 vini
630 3661 725 3747 copia
748 3661 920 3726 Oenotrios
949 3661 1079 3724 vocavit
1108 3660 1296 3744 antiquitas.
1343 3659 1424 3724 haec
1453 3661 1600 3744 quamvis
1631 3660 1821 3746 Burgundio

163 3764 283 3828 inmitis
306 3765 464 3846 exercuit,
498 3786 558 3829 nos
587 3772 709 3838 tamen,
741 3767 768 3830 si
798 3786 860 3830 uon
893 3764 1116 3842 emendamus,
1150 3761 1351 3828 admisimus.
1396 3764 1574 3849 populatae
1597 3766 1724 3850 patriae
1748 3788 1821 3830 ces-

78 3886 273 3935 arceamus
304 3889 506 3951 succurrere,
538 3876 572 3935 et
594 3890 709 3933 aurum
732 3868 818 3954 apud
842 3889 902 3933 nos
925 3867 1066 3932 habetur
1088 3868 1121 3930 in
1144 3866 1304 3931 conditis?
1339 3866 1417 3952 quid
1439 3867 1585 3948 interest,
1608 3871 1756 3953 pecuniis
1781 3891 1821 3934 an

163 3970 247 4035 ferro
276 3971 537 4036 adversariorum
570 3973 696 4037 animos
725 3973 944 4037 inclinemus?
982 3973 1141 4036 obtulisse
1174 3971 1262 4056 quod
1290 3979 1417 4036 meotes
1449 3972 1557 4057 capiat
1588 3972 1672 4036 hosti
1704 3973 1822 4039 vicisse

91 4097 113 4134 u
165 4080 226 4154 est,
253 4075 438 4140 occuluisse
462 4077 619 4160 superari.
658 4078 799 4163 ¹suscipe
830 4098 908 4161 argo
933 4075 1063 4140 Christo
1091 4075 1265 4140 adiurante
1296 4074 1392 4138 huius
1422 4074 1543 4140 laboris
1572 4075 1744 4154 sarcinam,
1778 4063 1898 4142 exlltl

164 4197 227 4262 qua
249 4198 452 4243 communem
477 4179 657 4244 habeamus
689 4181 720 4244 iu
753 4181 889 4245 caelesti
919 4179 1172 4266 repromissione
1201 4179 1397 4256 mercedem,
1425 4180 1502 4263 quia
1531 4200 1635 4244 novus
1660 4181 1721 4245 istc
1745 4202 1820 4266 pro-

163 4281 241 4364 priis
264 4282 448 4367 insignibus
471 4283 586 4346 titulus
610 4284 715 4347 laudis
739 4284 911 4360 adcrescit,
935 4305 994 4368 per
1015 4304 1131 4346 manns
1155 4290 1227 4347 tuas
1251 4281 1292 4345 de
1313 4283 1591 4367 oppugnatoribus
1614 4286 1732 4348 nostris
1751 4286 1820 4350 sine

165 4385 321 4468 sanguine
351 4385 562 4472 triumphare.
607 4389 760 4473 princeps
791 4409 903 4451 eorum
928 4385 1153 4450 Gundobsdus
1181 4394 1241 4462 est,
1271 4386 1322 4448 cui
1352 4387 1568 4451 reverentiam
1598 4387 1645 4450 tui
1673 4394 1819 4451 vetustas

166 4486 310 4568 inseruit,
343 4509 439 4573 quem
467 4488 596 4554 videndi
634 4499 666 4555 te
702 4491 799 4554 nimia
836 4490 952 4575 cupido
986 4489 1140 4553 stimulat.
1193 4488 1273 4552 mihi
1304 4488 1412 4570 crede,
1446 4489 1586 4574 pretium
1622 4492 1821 4576 captivitatis
1836 4496 1891 4556 141

267 4835 281 4885 1
301 4842 447 4904 praesentas
459 4863 490 4872 -
503 4836 615 4902 cpolim
628 4863 659 4872 ·-
672 4837 756 4904 culpis
768 4836 910 4904 ignoscitur
921 4835 948 4886 B
1044 4834 1211 4887 hausteritns
1222 4833 1276 4896 13⁰,
1296 4861 1324 4870 -
1339 4851 1368 4884 as
1381 4833 1441 4896 Bl,
1459 4861 1491 4870 -
1503 4851 1535 4884 ns
1544 4833 1587 4883 Β(
1648 4852 1787 4902 numquam
1800 4835 1825 4885 1⁷

164 4915 181 4969 3
197 4937 212 4970 a
229 4938 277 4971 cnr.
290 4921 316 4971 Β
385 4922 553 4988 plinissimam
565 4920 607 4971 Β1
723 4919 740 4971 4
757 4922 860 4989 putrida
879 4919 966 4972 Schott
983 4929 1006 4978 el
1024 4920 1093 4972 Boll.
1210 4917 1226 4968 5
1244 4919 1363 4986 inpunire
1382 4919 1452 4982 Vm,
1469 4921 1594 4986 impunite
1607 4919 1685 4971 Sina.
1759 4923 1819 4988 quia

164 5021 217 5073 arcp.
230 5007 275 5058 lia.
289 5005 332 5057 132
439 5006 456 5059 6
474 5009 589 5059 sentiunt
600 5007 625 5059 B
637 5016 660 5058 ct
673 5006 768 5070 Schott,
785 5008 962 5059 assentiuntur
975 5007 1107 5058 Barorsiaa
1207 5003 1223 5056 'l
1241 5006 1391 5057 dimittimus
1406 5004 1575 5057 wesselum
1645 5009 1781 5074 prosternit
1795 5008 1821 5058 Β

164 5109 186 5150 ct
204 5100 290 5153 Schott
351 5100 483 5170 quoniam]
502 5102 563 5169 quin
582 5102 610 5166 V,
627 5098 671 5168 qr'ir
683 5103 730 5153 LO
831 5100 848 5152 8
867 5099 992 5168 nostrum]
1010 5121 1062 5153 non
1075 5099 1101 5152 B
1107 5100 1125 5167 ¹,
1142 5119 1198 5168 emp.
1211 5111 1235 5154 ct
1252 5075 1308 5154 sirm
1320 5119 1446 5168 aspernor.
1460 5100 1505 5151 Β2
1566 5103 1701 5169 propositis
1719 5104 1820 5169 uispcre

165 5189 282 5239 nersitme
294 5186 335 5238 Β1
478 5187 495 5239 9
513 5197 612 5241 tantum
631 5189 689 5240 hab.
704 5189 784 5240 Siras.
926 5186 959 5239 10
976 5190 1082 5254 pribabn
1094 5189 1120 5239 B
1209 5206 1351 5256 exsurgens
1367 5189 1392 5237 V
1526 5186 1558 5238 13
1575 5189 1729 5255 generaliter
1741 5189 1819 5240 Sim.

167 5270 197 5322 14
215 5276 394 5340 pracmstieum
407 5274 433 5324 Β
559 5274 592 5327 18
609 5277 713 5327 affatum
725 5275 751 5326 B
832 5276 933 5328 antistis
949 5277 974 5327 B
1103 5275 1136 5328 19
1154 5279 1268 5346 intellegi
1280 5277 1305 5327 B
1386 5278 1465 5328 nostri
1482 5275 1551 5336 7⁸²0,
1569 5276 1602 5328 ni·
1615 5274 1718 5340 BVTl,
1735 5294 1782 5328 om.
1799 5277 1821 5327 11

164 5368 186 5410 et
203 5360 281 5412 Simu.
394 5359 429 5412 20
445 5363 554 5430 elegeris
566 5362 592 5412 Β
662 5363 777 5415 inerrrata
788 5362 814 5413 B
924 5361 956 5414 21
976 5365 1093 5415 crederes
1106 5365 1131 5414 Β
1242 5361 1276 5414 23
1294 5363 1451 5414 concientiae
1469 5379 1525 5428 arcp.
1539 5363 1583 5412 lin.
1597 5363 1646 5414 sB
1714 5381 1775 5415 suaa
1788 5363 1821 5426 Β,

164 5453 221 5498 tuae
232 5448 307 5498 ceteri
404 5445 439 5498 24
457 5449 597 5515 effirlgurat
609 5446 658 5513 Β),
675 5450 812 5516 effulgorat
823 5447 950 5500 BWLT
1006 5451 1169 5502 srmoenditur
1180 5449 1205 5499 Β
1304 5447 1338 5498 26
1356 5447 1524 5500 oricnariisB
1621 5446 1656 5499 al
1669 5458 1785 5517 apportat
1801 5449 1826 5498 V

164 5533 207 5584 illa
221 5533 261 5582 V⁰
386 5533 421 5585 28
438 5537 612 5602 agricultarum
625 5535 650 5586 Β
730 5537 854 5588 ieiunium
868 5536 894 5586 Β
1018 5534 1052 5586 29
1071 5538 1149 5586 nostri
1166 5536 1206 5585 V⁰
1331 5533 1361 5585 31
1382 5537 1457 5602 cupis
1470 5535 1515 5584 Βιι
1600 5537 1726 5587 anoatrics
1745 5535 1821 5585 Bl'L

164 5616 197 5669 32
213 5621 366 5672 admisamus
379 5621 422 5670 B‘¹
545 5619 580 5672 34
598 5622 679 5672 hostis
698 5621 785 5671 Schott
907 5620 940 5672 3ῑ
959 5623 1194 5689 oppugnationibus
1213 5621 1291 5672 Siros.
1413 5620 1446 5670 38
1464 5621 1633 5688 gondouadus
1646 5621 1706 5685 BV,
1723 5622 1820 5687 gundo

165 5706 244 5756 nudus
256 5706 310 5756 ΒΤ
376 5715 504 5758 uestustas
521 5709 561 5758 uel
579 5714 707 5758 nemum
720 5707 745 5756 Β
752 5705 762 5742 ¹
