4612 6442
835 833 1288 960 EPlThPHlVll
1333 831 1625 961 ENNODI.

502 1117 730 1256 Epitaphium
752 1167 880 1232 Eunodi
902 1168 935 1231 iu
957 1167 1064 1232 tabula
1086 1189 1259 1232 marmorea
1285 1166 1473 1252 insculptum
1496 1166 1646 1252 singulari
1675 1167 1818 1232 fortunae
1840 1167 1988 1234 beneficio
2011 1168 2052 1235 ad

396 1274 477 1338 hane
499 1280 631 1338 aetatem
654 1279 811 1337 servatum
835 1279 882 1334 est
896 1271 1000 1334 Ticini
1021 1271 1053 1334 in
1077 1269 1208 1335 basilica
1229 1269 1328 1333 sancti
1350 1269 1525 1336 Michaelis,
1558 1293 1622 1356 quo
1644 1269 1683 1334 de
1704 1283 1905 1337 monumento
1920 1273 2051 1339 Taliuus

396 1377 471 1461 (Gli
493 1375 588 1442 stadt
609 1377 645 1440 ia
667 1374 768 1438 Italia
791 1378 875 1438 1881
891 1395 927 1455 p.
945 1377 1023 1458 113)
1049 1373 1125 1440 haec
1148 1373 1302 1460 disputat:

503 1481 612 1545 Primo
634 1500 731 1543 osane
753 1479 877 1559 depasto
900 1477 982 1544 iss.
1005 1478 1131 1556 Vittore,
1155 1479 1260 1543 chiesa
1278 1484 1377 1543 eretta
1399 1479 1442 1542 da
1464 1478 1512 1542 lui
1531 1500 1546 1543 e
1566 1479 1620 1543 che
1642 1480 1771 1544 esisteoa
1791 1478 1880 1560 fuori
1902 1481 1937 1544 dt
1952 1481 2052 1546 Porta

402 1584 535 1652 (lavem.
580 1585 604 1647 I
605 1584 617 1647 l
643 1605 765 1648 vescovo
794 1583 930 1664 Ippolito
959 1583 1054 1647 Rosst'
1088 1583 1117 1647 lo
1149 1581 1258 1647 collem
1296 1586 1374 1646 sotto
1402 1581 1525 1646 lohere
1557 1583 1712 1665 mappiore
1744 1581 1828 1647 aella
1855 1584 1988 1649 baetica
2017 1585 2053 1649 dt

398 1688 430 1754 S.
446 1687 582 1752 Michele
604 1709 620 1752 e
641 1686 809 1768 tatitaflto
831 1693 883 1750 sta
905 1686 957 1751 ael
977 1708 1068 1752 nruro
1091 1709 1112 1749 a
1126 1708 1226 1750 cornu
1248 1685 1395 1767 aristoles
1416 1685 1468 1750 nel
1483 1686 1671 1766 presbiterio
1686 1709 1702 1750 e
1716 1707 1781 1751 aare
1802 1687 1854 1751 nel
1868 1688 2051 1766 dattisterio,

397 1815 480 1859 como
495 1793 601 1857 hanno
616 1792 641 1856 il
655 1792 821 1857 Murotors'
835 1816 851 1857 e
866 1793 1092 1876 tAllepronso.
1108 1833 1150 1841 —
1166 1794 1270 1878 Atque
1286 1792 1401 1858 similia
1420 1792 1552 1877 legimus
1568 1792 1653 1879 apud
1670 1792 1843 1878 Maganum
1858 1793 1925 1876 (Lo
1937 1791 2053 1858 Scuola

397 1897 543 1962 eattolica
568 1896 626 1960 XI
643 1896 699 1960 ool.
718 1897 813 1961 XXI
820 1919 856 1978 p.
870 1900 943 1976 341·
965 1897 1107 1979 mitofrto
1130 1899 1159 1962 (Γ
1172 1897 1337 1975 Enaodio,
1354 1901 1447 1978 posto
1467 1896 1531 1978 qis,
1553 1917 1618 1962 noa
1639 1895 1691 1960 nel
1712 1897 1902 1973 detesteris,
1926 1896 1980 1960 che
2001 1896 2054 1961 nel

398 2023 468 2066 vero
483 2022 572 2065 senso
587 2021 609 2064 a
624 1999 685 2064 talc
701 2000 820 2081 parole
834 2002 1000 2066 attribuito
1023 2022 1087 2066 stoa
1109 2002 1207 2080 esiste,
1231 2023 1247 2065 e
1269 2021 1333 2065 swa
1354 2001 1369 2065 d
1390 1998 1473 2080 forse
1495 2001 1561 2064 stat
1583 2000 1701 2064 esistito
1724 2001 1760 2064 ia
1782 1999 1814 2066 S.
1831 1999 1976 2077 Maces,
1999 2021 2053 2064 osa

400 2105 507 2186 iusisse
530 2105 566 2169 in
588 2125 635 2169 an
649 2109 762 2186 parete
785 2105 915 2170 drterole
936 2105 989 2178 aa
1012 2105 1114 2170 altare
1136 2106 1292 2188 mopyiore
1314 2127 1366 2170 ooo
1388 2106 1536 2184 reposcos
1559 2104 1584 2168 a
1605 2126 1697 2186 corpo
1719 2104 1769 2169 az
1789 2109 1891 2169 santo.

502 2208 644 2275 Contulit
664 2208 725 2274 hoc
746 2209 939 2296 epitaphium
963 2217 1036 2296 post
1058 2207 1259 2274 Sirmoudum
1282 2209 1422 2295 aliosque
1442 2208 1630 2290 Mommsen,
1652 2209 1741 2274 cuius
1763 2208 1902 2274 recensio
1925 2206 2052 2290 (alm

398 2312 465 2378 Vs
488 2337 518 2377 n.
541 2315 636 2393 6464)
658 2312 735 2377 haec
757 2321 819 2377 est:

681 2473 875 2546 Ennodius
904 2474 1000 2546 vatis
1027 2473 1120 2546 lueis
1147 2471 1335 2545 rediturus
1362 2473 1400 2545 in
1429 2477 1513 2547 ortu

733 2593 806 2665 hoc
833 2593 958 2684 posuit
985 2594 1130 2666 tumulo
1162 2593 1330 2683 corporis
1358 2593 1527 2666 exubias:

682 2714 807 2786 clarus
834 2714 939 2805 prole
967 2713 1132 2804 quidem,
1160 2714 1378 2804 generosior
1405 2715 1485 2804 ipse
1513 2716 1747 2808 propinquis,

735 2855 832 2926 quos
859 2835 1009 2907 functus
1036 2835 1191 2907 laudum
1218 2835 1326 2907 iussit
1352 2835 1493 2908 hahere
1521 2837 1629 2910 diem.

646 2981 659 3018 ³
686 2954 854 3027 reddedit
880 2954 952 3026 hos
978 2955 1081 3027 eaelo
1108 2954 1299 3027 vivacibus
1324 2954 1384 3028 ille
1412 2956 1554 3046 figuris

737 3097 822 3148 eum
850 3075 935 3148 fecit
960 3075 1082 3148 famae
1110 3076 1235 3149 vivere
1263 3077 1484 3169 conloquiis,

682 3196 772 3289 quid
799 3196 935 3270 mirum
964 3197 994 3270 si
1022 3202 1141 3270 morte
1170 3203 1271 3271 caret
1298 3203 1385 3290 post
1412 3200 1523 3273 busta
1551 3200 1746 3292 superstis,

733 3317 797 3408 qui
824 3317 1127 3410 consanguineos
1155 3317 1315 3392 restituit
1342 3319 1501 3411 superis,

682 3445 846 3529 quantos
872 3439 940 3511 iste
967 3439 1081 3528 foret,
1109 3440 1240 3512 mundi
1267 3441 1497 3515 caelebratur
1523 3442 1560 3515 in
1588 3443 1701 3516 hortu

629 3583 658 3623 ιο
736 3581 805 3633 nee
832 3560 916 3633 silet
943 3560 1084 3633 occidui
1112 3560 1272 3634 cardinis
1299 3583 1476 3635 oceanus,

682 3679 858 3753 scismata
884 3680 1076 3754 coniunxit
1105 3683 1247 3755 dudum
1275 3682 1459 3756 discordia
1486 3683 1556 3775 legi

731 3802 855 3892 adque
882 3801 995 3873 fidem
1022 3800 1122 3874 Petri
1149 3801 1318 3875 reddedit
1346 3803 1524 3876 aeclesiis

682 3923 831 4012 pollens
859 3923 1051 4014 aeloqui0‚
1080 3923 1272 3996 ductrinae
1300 3923 1435 3996 nobilis
1465 3933 1544 3998 arte

736 4044 896 4118 restituit
923 4043 1044 4118 Crista
1072 4044 1292 4117 innumeros
1319 4045 1492 4136 populos,

630 4191 658 4230 ιε
685 4165 812 4256 largus
839 4165 898 4238 vel
929 4167 1079 4257 sapiens
1107 4167 1421 4258 dispensatorque
1449 4168 1632 4260 benignus

735 4287 881 4361 divitias
909 4290 1066 4361 credens
1092 4309 1189 4378 quas
1216 4288 1317 4360 dedit
1345 4310 1428 4361 esse
1456 4310 1558 4377 suas,

681 4409 821 4499 templa
848 4409 918 4482 deo
946 4409 1084 4481 faciens
1111 4409 1234 4500 ymnis
1261 4409 1450 4482 decoravit
1478 4414 1514 4482 et
1545 4432 1638 4484 auro

735 4535 771 4603 et
799 4532 922 4622 paries
948 4531 1063 4602 functi
1091 4532 1267 4622 dogmata
1294 4553 1395 4604 nune
1421 4531 1599 4622 loquitur.

866 4662 1038 4748 Depositus
1061 4663 1120 4727 suh
1143 4661 1173 4727 d.
1196 4663 1296 4731 XVI.
1318 4663 1392 4727 Kal.
1415 4665 1578 4749 Augustas

1034 4766 1172 4834 Valerii).
1195 4791 1225 4832 V.
1247 4791 1273 4831 C.
1295 4767 1413 4832 consul.
1584 4787 1683 4838 [=nnno
1697 4787 1743 4840 t‘tll

502 5064 590 5115 Huius
602 5065 669 5115 titali
684 5063 867 5126 barbarismos,
884 5079 992 5128 prorum
1001 5064 1111 5129 plurimi
1128 5081 1176 5129 per
1190 5082 1215 5114 se
1228 5065 1419 5130 inteltepuutar,
1437 5065 1545 5116 editores
1558 5066 1594 5116 sie
1605 5065 1817 5118 enrsndcvsrunt:
1903 5085 1928 5119 v.
1940 5067 1953 5118 1
1967 5075 2051 5118 ortum

396 5147 457 5201 v.4
481 5153 583 5202 functos
653 5153 728 5203 iussit
756 5151 849 5200 habere
879 5151 945 5200 diem
966 5170 996 5191 =
1016 5168 1056 5215 op.
1076 5151 1129 5200 ClC
1139 5149 1170 5200 10
1290 5169 1314 5202 v.
1335 5148 1350 5200 7
1375 5159 1433 5218 post
1460 5153 1533 5203 busta
1561 5160 1689 5218 superstes
1711 5173 1743 5194 =
1766 5171 1806 5219 op.
1825 5152 1871 5204 Ll
1891 5151 2052 5205 cccxxvi)

396 5236 451 5290 v.9
470 5245 582 5304 quantus
651 5240 796 5290 celebratur
813 5238 839 5288 iu
858 5246 915 5288 ortu
1020 5255 1043 5287 r.
1059 5236 1092 5288 ll)
1109 5239 1267 5303 dispeusator
