4538 6436
393 379 432 440 ῃ
722 371 770 427 nx
792 372 914 440 (amer.
932 374 958 437 a,
976 373 1029 441 aa),
1048 370 1109 426 uxr
1128 369 1251 441 (amer.
1269 374 1295 434 a,
1313 371 1367 441 aa),
1386 369 1462 425 nxn
1481 370 1602 440 (srrsr.
1622 371 1647 437 e,
1665 371 1718 440 aa).

392 549 587 613 instruerem
611 553 644 612 et
666 548 735 612 reri
758 547 913 632 fungerer
936 547 1086 612 relatoris
1109 545 1228 613 officio.
1267 551 1411 611 restrum
1437 552 1488 610 est
1512 545 1689 632 inspirante
1713 545 1773 610 dee
1791 547 1876 610 circa
1892 547 2048 610 miserum

359 651 563 738 3pr0videre
595 651 680 737 qued
711 650 855 716 adiuvet:
887 649 927 715 ad
955 671 1007 716 me
1039 651 1185 736 respexit
1213 671 1297 736 quac
1325 649 1403 714 milri
1433 649 1599 734 resignata
1622 656 1698 714 sunt
1726 649 1881 715 indicare.
1926 650 2048 714 demini

390 777 467 822 rere
492 755 571 832 mei,
599 754 804 818 salutationis
828 752 985 839 obsequia
1008 761 1223 841 praesentans
1247 754 1288 819 de
1316 754 1492 821 clementia
1521 754 1632 819 divina
1658 755 1807 840 postulo,
1840 761 1877 819 ut
1901 753 2046 818 laborem

390 864 536 923 vestrum
559 858 711 922 iuvamen
737 857 882 923 caeleste
906 859 1089 924 comitetur.

1048 1145 1132 1215 nxl
1156 1149 1265 1234 (amer.
1282 1151 1312 1230 2,
1330 1151 1393 1233 24).

695 1343 863 1418 couno
892 1345 984 1419 svo
1012 1342 1201 1417 ruvsre
1232 1326 1470 1418 sumemus
1498 1342 1748 1418 Dircesve.

364 1503 373 1560 Ι
498 1488 730 1605 Dispendium
759 1519 857 1584 crede
886 1541 959 1585 esec
989 1519 1180 1605 diligentiae
1210 1519 1316 1584 nullas
1345 1519 1598 1583 commeantium
1629 1539 1743 1584 monus
1766 1520 1947 1584 litterarum
1972 1521 2049 1585 dote

389 1624 562 1701 munerari,
587 1642 670 1708 quae
694 1623 802 1688 solent
825 1623 964 1688 lectione
988 1624 1087 1688 etiam
1111 1624 1220 1687 vultus
1243 1623 1286 1688 ad
1307 1622 1486 1708 longinqua
1508 1629 1640 1708 portare
1663 1630 1696 1687 et
1718 1644 1867 1688 carorum
1890 1625 2049 1709 imagines

390 1724 498 1790 efficio
529 1732 741 1812 praesentare
772 1727 938 1794 sermonis.
983 1725 1023 1791 ad
1047 1727 1111 1790 ista
1133 1726 1279 1811 iungitur
1303 1727 1398 1791 etiam
1423 1725 1510 1790 bene
1534 1725 1574 1790 de
1598 1727 1745 1812 utrisque
1768 1728 1923 1793 merentis
1947 1730 2049 1793 subli-

391 1829 527 1893 missimi
545 1829 712 1894 Luminosi
727 1831 896 1916 portitoris
913 1831 1052 1908 occasio,
1077 1832 1131 1916 qui
1147 1829 1188 1894 ad
1204 1830 1396 1915 religionem
1414 1830 1603 1894 meritorum
1621 1837 1802 1895 vestrorum
1819 1851 1898 1896 suae
1922 1851 2048 1918 quoque

361 1933 518 2016 tgratiae
541 1931 666 1998 tructus
689 1927 846 2019 adiungit.
885 1934 957 2019 quis
973 1935 1124 2018 geminus
1140 1934 1284 2019 patietur
1298 1939 1335 1997 ut
1351 1933 1410 1997 sub
1428 1953 1631 2018 quacumque
1648 1934 1858 2019 neglegentia
1874 1934 2050 2000 hebetetur

391 2036 539 2117 affectus,
564 2037 591 2100 si
615 2057 635 2100 a
656 2036 784 2121 paginis
807 2044 998 2123 temperem,
1025 2057 1106 2121 quas
1130 2035 1276 2122 dignatio
1298 2043 1411 2101 vestra
1434 2035 1547 2121 exigit,
1572 2041 1606 2100 et
1627 2037 1655 2101 si
1678 2037 1751 2101 illas
1775 2038 1960 2102 nominatus
1984 2059 2049 2103 non

391 2139 531 2224 accipiat
545 2139 779 2225 perferendas?
819 2140 1031 2226 deogratias,
1056 2138 1143 2226 quod
1160 2141 1193 2204 in
1210 2141 1317 2205 fronte
1336 2139 1498 2226 epistulae
1522 2138 1695 2204 locandum
1716 2140 1786 2216 fuit,
1810 2142 1887 2227 quia
1910 2143 2050 2208 felicitas

391 2247 501 2305 vestra
523 2243 640 2307 votivis
663 2243 799 2328 erigitur
823 2251 921 2309 aucta
943 2245 1163 2324 successibus,
1196 2244 1284 2330 quod
1314 2243 1438 2309 tumida
1465 2245 1672 2310 inimicorum
1696 2247 1807 2309 cervix
1831 2244 1962 2310 Christo
1987 2247 2049 2312 deo

360 2346 503 2410 3nostre
534 2353 669 2432 grauata
698 2347 894 2414 subcumbit.
940 2370 998 2436 spe
1021 2371 1257 2435 praeceperam
1280 2349 1367 2435 qued
1391 2349 1528 2414 effectus
1553 2346 1708 2413 ostendit.
1753 2349 1838 2414 bene
1862 2351 1949 2415 enirn
1972 2373 2049 2415 sen-

390 2450 514 2516 tentiae
539 2451 691 2515 caelestis
722 2450 819 2516 finem
849 2452 1052 2538 praenoscit,
1084 2453 1139 2538 qui
1166 2454 1256 2518 novit
1283 2453 1474 2538 qualitatem
1504 2453 1575 2518 eius
1603 2453 1643 2516 dc
1673 2460 1804 2518 actuum
1834 2455 2049 2520 humanorum
2116 2477 2126 2508 .·.

391 2555 568 2620 serenitate
585 2555 752 2638 colligere.
788 2556 862 2620 vale
880 2577 958 2641 ergo
976 2558 1121 2642 longum,
1145 2558 1189 2622 mi
1206 2556 1347 2638 domine,
1371 2563 1404 2622 et
1420 2565 1584 2621 amantem
1601 2557 1702 2621 vestri
1720 2557 1786 2621 stili
1809 2579 1871 2622 usu
1894 2559 2050 2637 relevate,

390 2664 426 2722 ut
449 2657 605 2744 quidquid
629 2657 824 2724 subtrahunt
845 2660 1021 2725 intervalla
1043 2667 1215 2740 terrarum,
1239 2661 1413 2726 tabellaria
1436 2666 1617 2746 conpenset
1640 2660 1774 2727 oblatio.

1036 2951 1142 3019 LXII
1166 2952 1276 3038 (srrsr.
1293 2957 1322 3030 2,
1340 2954 1406 3038 ab).

702 3151 892 3224 FAVSTO
921 3146 1197 3238 QVAESTORI
1225 3149 1462 3223 ENNODIVS
1490 3147 1741 3223 umcoNvS.

366 3304 375 3362 ¹
509 3297 585 3391 Pro
618 3330 754 3394 caelesti
788 3328 1003 3415 dispositione
1038 3326 1161 3391 reditus
1196 3327 1261 3392 mei
1295 3326 1414 3391 indicia
1447 3328 1519 3392 fieri
1554 3329 1642 3392 nulle
1676 3330 1779 3413 magis
1817 3351 1914 3414 quam
1949 3332 2053 3394 amico

394 3429 584 3495 Ravennam
609 3441 807 3518 properante
831 3432 998 3511 convenit,
1033 3432 1124 3495 cuius
1153 3430 1258 3494 fidelis
1280 3432 1396 3495 relatio
1422 3433 1520 3496 otiam
1544 3433 1665 3517 pagina
1689 3439 1841 3497 cessante
1865 3433 2053 3499 suffecerat.
2105 3447 2130 3484 *Α

394 3533 451 3597 sed
474 3555 537 3598 usu
553 3536 715 3601 abstinere
733 3558 796 3600 non
812 3537 913 3623 potui,
938 3557 1001 3621 quo
1019 3532 1046 3598 si
1065 3535 1125 3599 sub
1144 3555 1348 3620 quocumque
1365 3536 1519 3619 neglectu
1536 3542 1728 3620 temperem,
1752 3535 1865 3602 videor
1880 3536 2054 3602 damnasse

393 3636 460 3700 stili
490 3637 707 3724 frequentiam
741 3660 837 3724 quam
868 3639 984 3702 amavi.
1029 3637 1175 3723 iungitur
1204 3637 1291 3723 quod
1320 3636 1489 3723 praedicto
1524 3639 1639 3703 obuias
1669 3640 1701 3702 in
1731 3641 1906 3723 negatione
1937 3662 2054 3704 manus

394 3741 554 3806 exhibere
578 3764 644 3808 non
665 3744 769 3829 potui,
794 3745 848 3829 qui
872 3743 932 3806 scit
955 3742 995 3806 ab
1020 3742 1206 3806 amantibus
1231 3741 1281 3805 sui
1305 3762 1441 3806 securus
1466 3743 1610 3826 exigere,
1634 3742 1720 3829 quod
1743 3744 1790 3807 eis
1813 3765 1871 3829 pro
1895 3746 2054 3830 religione

365 3847 615 3910 leonecientiae
649 3848 739 3911 novit
773 3846 914 3912 fideliter
948 3844 1118 3910 exhibere.
1168 3844 1359 3909 Ravennam
1394 3865 1471 3929 crgo
1501 3844 1685 3930 digressus,
1722 3867 1806 3930 quae
1835 3847 1992 3932 quidquid
2020 3849 2053 3912 in

394 3949 561 4034 praesenti
584 3949 651 4013 vite
679 3950 785 4014 babeo
809 3948 904 4015 dulce
929 3950 1154 4036 conplectitur,
1186 3947 1408 4014 Mediolanum
1434 3949 1526 4012 salva
1549 3949 1693 4035 corporis
1717 3949 1896 4016 valitudine
1921 3951 2053 4016 Christo
2105 3964 2129 4001 ‘³³¹

394 4059 614 4139 prosequente
641 4054 789 4138 perveni,
820 4054 905 4118 male
935 4054 1047 4118 ferens
1075 4074 1173 4138 quam
1203 4053 1235 4116 in
1259 4053 1427 4117 redeundo
1450 4052 1558 4118 bieme
1581 4053 1760 4138 inpellente
1784 4056 1893 4139 optari
1918 4054 2055 4119 forsitan

398 4160 512 4220 eontra
528 4154 695 4220 desideria
719 4157 932 4222 celeritatem.
970 4157 1027 4222 sed
1051 4156 1092 4221 ad
1117 4156 1212 4221 deum
1239 4163 1356 4228 cuncta
1379 4155 1553 4222 reserenda
1576 4161 1659 4237 sunt,
1684 4157 1737 4220 oui
1760 4156 1889 4222 adiacet
1911 4158 2055 4226 humana

365 4258 485 4322 3lecta
514 4279 699 4344 conponere
729 4266 762 4325 et
788 4259 994 4346 diligentiam
1028 4260 1232 4346 corporalem
1261 4261 1388 4326 aeterni
1416 4259 1537 4324 amoris
1569 4279 1685 4345 sapore
1715 4265 1852 4325 mutare.
1898 4279 1985 4326 nnnc
2012 4261 2055 4326 ad

397 4361 582 4448 scriptionis
606 4383 749 4444 causam,
772 4363 862 4428 dicta
884 4361 998 4428 humili
1021 4363 1229 4440 salutatione,
1254 4368 1288 4428 et
1312 4361 1615 4428 commendationem
1638 4383 1691 4428 me
1715 4363 1846 4428 confero
1869 4363 2054 4451 perlatoris,

395 4465 500 4551 quisi
527 4485 586 4551 pro
615 4467 732 4530 mentis
760 4472 891 4532 vestrae
924 4468 1102 4532 serenitate
1134 4466 1318 4551 gratuletur
1344 4466 1529 4548 benefieiis,
1563 4467 1713 4550 agnoseit
1739 4487 1774 4532 se
1803 4474 1860 4531 cut
1887 4469 2054 4554 recepisse
2107 4503 2112 4516 ·

395 4568 483 4655 quod
506 4569 624 4634 vestris
647 4571 813 4654 praestitit
835 4577 893 4636 eut
915 4571 1057 4656 qualiter
1079 4590 1189 4634 amare
1213 4569 1335 4635 debeat
1357 4571 1495 4635 incitari.
1533 4589 1640 4655 quem,
1665 4569 1692 4632 si
1709 4569 1762 4633 vel
1781 4571 1874 4650 nolit,
1896 4572 2055 4636 festinum

395 4672 502 4738 redire
536 4672 726 4758 conpellite,
769 4675 845 4759 quia
879 4680 913 4738 et
945 4674 1077 4740 affectui
1111 4694 1185 4739 meo
1216 4675 1404 4760 praesentia
1438 4673 1509 4738 eius
1544 4679 1596 4737 est
1628 4674 1816 4738 necessaria
1848 4681 1881 4739 et
1915 4677 1941 4739 si
1974 4675 2055 4740 dens

397 4775 650 4863 premissionem
675 4777 837 4856 statuerit,
860 4797 934 4841 cum
957 4776 1029 4862 ipse
1051 4776 1196 4858 iusserit,
1219 4777 1353 4842 utilitati
1375 4782 1568 4864 expectatur
1590 4774 1813 4841 adcommoda.

499 5050 775 5105 linetmeramoetB
878 5050 1051 5104 2adinnitB
1154 5049 1345 5119 3pestoleV⁰

499 5155 582 5226 [LXI]
618 5156 636 5208 5
653 5157 717 5210 diri‘c.
730 5157 756 5208 B
762 5157 807 5208 VL
911 5155 928 5207 6
945 5157 1142 5209 eommeantium
1161 5152 1187 5220 (c
1201 5173 1256 5223 cup.
1274 5173 1289 5209 e
1305 5174 1353 5208 scr.
1366 5173 1398 5208 m.
1414 5155 1441 5223 2)
1454 5155 1479 5206 Β
1588 5153 1605 5206 8
1623 5163 1749 5207 merentes
1761 5155 1787 5204 Β
1896 5154 1930 5208 10
1948 5157 2057 5223 fructus]

396 5249 491 5298 lincam
503 5243 549 5296 B⁰
620 5244 737 5312 gemines
749 5243 775 5294 Β
781 5243 824 5292 V⁶
898 5243 1055 5310 negligentia
1068 5239 1108 5293 B¹
1181 5242 1285 5294 habitur
1301 5259 1357 5309 eup.
1376 5243 1421 5294 lin.
1440 5251 1466 5295 te
1478 5243 1503 5293 B
1625 5239 1657 5293 11¹
1675 5243 1822 5309 temperiem
1840 5241 1903 5294 Vm
1976 5246 2059 5311 exigit

395 5332 504 5395 Hartel,
525 5331 612 5398 exegit
629 5331 691 5381 libri
786 5331 928 5381 nominatas
944 5329 986 5378 Va
1126 5326 1158 5379 14
1176 5337 1262 5381 nestro
1280 5329 1388 5392 Horret,
1411 5347 1462 5380 non
1475 5328 1585 5393 BVLT,
1608 5345 1678 5380 nunc
1692 5327 1751 5381 CPb
1847 5330 2019 5397 praeciperem
2033 5327 2059 5380 B

394 5419 503 5470 eamus
516 5415 601 5483 (priter
613 5433 627 5470 e
638 5418 667 5467 ia
680 5415 727 5480 lit.)
741 5415 767 5467 B
872 5413 910 5467 16·
922 5415 981 5467 stoli
992 5413 1036 5465 Bl
1141 5413 1173 5466 ll
1192 5417 1313 5483 quidquit
1327 5417 1360 5480 B,
1382 5417 1505 5483 quicquid
1519 5415 1544 5466 V
1601 5415 1757 5467 subtrabunt
1775 5413 1804 5480 (b
1821 5433 1876 5482 cup.
1891 5417 1937 5467 lia.
1950 5434 1982 5467 m.
1995 5415 2019 5482 1)
2033 5417 2058 5467 B

500 5517 593 5588 [an]
635 5515 669 5570 18
687 5515 750 5570 ditio.
769 5515 847 5568 BVL
980 5513 1013 5568 19
1031 5517 1174 5585 dispolime
1186 5517 1213 5569 B
1298 5515 1423 5584 salmiee
1435 5517 1462 5569 B
1592 5515 1627 5570 20
1645 5525 1761 5570 cessante
1777 5516 1804 5568 B
1888 5521 2021 5573 sufficeret
2033 5521 2059 5570 Β

394 5603 428 5658 22
451 5604 595 5674 negatione]
618 5605 751 5673 rogatione
770 5606 810 5657 eet
831 5605 934 5673 negotio
956 5605 1046 5656 malim
1183 5603 1402 5672 a4qusequra1'
1535 5601 1570 5655 26
1587 5605 1680 5671 optuui
1693 5601 1735 5654 13¹
1874 5601 1908 5656 27
1926 5607 2020 5658 adiecit
2031 5607 2058 5658 Β

395 5691 429 5742 ‘29
446 5692 592 5744 scribtionis
605 5691 630 5743 B
699 5692 936 5743 conmendaticnem
949 5689 982 5755 B,
1004 5690 1223 5743 commendatione
1240 5691 1315 5742 ceteri
1420 5687 1453 5740 31
1472 5689 1547 5741 nollit
1559 5689 1584 5740 B
1687 5687 1723 5744 3³
1739 5692 1902 5744 acommoda
1917 5690 1943 5741 V
