4566 6532
421 311 483 374 300
633 307 797 362 ccxxxv]
816 307 919 374 (ulcr.
938 308 992 373 27),
1011 306 1188 361 ccxxxvu
1207 305 1329 372 (EPIST.
1348 307 1373 368 9,
1394 305 1445 370 14),
1463 304 1655 359 CDXXXVlll
1674 304 1806 372 (OPUSO.
1824 307 1860 371 5).

421 478 631 567 providimus,
657 485 690 546 et
713 479 754 545 de
778 479 910 543 casibus
927 487 978 544 eet
996 479 1168 565 superbus.
1208 485 1273 542 stat
1288 479 1427 565 propriis
1444 500 1582 564 magnus
1599 478 1732 558 viribus,
1756 478 1816 543 sed
1832 479 1895 542 crit
1912 475 2089 541 maximus

421 606 482 671 per
509 585 648 650 minem.
693 585 806 648 nescio
833 591 941 648 utrum
965 582 1128 648 Hercules
1154 584 1261 647 valeat
1291 605 1351 668 par
1378 603 1468 660 esse,
1499 583 1550 646 vel
1574 583 1600 646 si
1623 582 1768 646 Anteum
1797 603 1863 645 non
1885 582 1992 646 liceat
2016 580 2091 643 ulla

422 689 546 753 ratione
577 688 754 774 prosterni:
786 693 821 750 at
843 687 870 750 si
893 687 978 760 hosti
1001 693 1113 750 nostro
1137 685 1302 751 blanditur
1324 686 1522 764 adversitas,
1552 708 1611 750 nos
1635 685 1676 749 ad
1700 687 1830 750 laureas
1853 685 2090 771 pervenimus.

392 791 411 850 2
425 793 547 857 scimus
562 792 680 872 futura,
705 791 763 856 sed
780 793 932 855 convenit
950 811 1086 876 superos
1103 791 1190 875 loqui
1207 791 1300 876 quasi
1317 791 1458 855 humana
1475 789 1678 854 mortalibus.
1712 789 1883 875 provideat
1899 789 2089 866 Hercules,

423 894 501 981 quid
536 895 637 980 eligat
671 915 745 960 esse
779 893 976 959 faciendum.
1022 893 1199 959 vincendus
1230 901 1281 958 est
1309 893 1543 978 congrediente
1573 893 1720 974 inimico,
1752 893 1933 957 vincendus
1967 897 2024 956 est
2055 898 2091 956 et
2159 912 2170 946 a

422 999 562 1063 iacente.
609 997 664 1083 qui
687 1019 817 1064 venena
845 998 921 1062 lusit
944 999 976 1060 in
1001 998 1109 1076 cunis,
1139 998 1193 1082 qui
1217 999 1346 1083 pacavit
1369 997 1555 1062 Erimanthi
1579 1017 1726 1076 nemora,
1755 997 1810 1082 qui
1833 1017 1968 1060 cervam
1992 994 2090 1059 velo·

423 1102 523 1167 citato
546 1102 738 1188 praecessit,
763 1103 927 1188 optionem
950 1100 1073 1165 habeat
1095 1101 1173 1187 quid
1197 1108 1365 1186 sequatur:
1395 1107 1452 1166 aut
1474 1101 1603 1166 hostem
1626 1101 1790 1187 periturus
1815 1100 1938 1165 deiciet
1961 1105 2034 1176 aut,
2061 1099 2091 1163 si

392 1206 591 1271 Scertamen
614 1205 782 1284 metuerit,
813 1227 886 1269 cum
910 1207 978 1271 suis
1001 1204 1153 1269 laudibus
1177 1207 1241 1269 iam
1266 1205 1424 1292 sepultus.
1469 1205 1633 1269 Lemeum
1657 1205 1854 1290 pericnlum,
1885 1205 1951 1267 nisi
1975 1203 2091 1281 fallor,

423 1309 544 1374 orietur
573 1308 614 1373 de
644 1309 925 1373 consummatione
950 1308 1148 1373 certaminis.
1194 1309 1267 1392 quis
1292 1329 1356 1374 non
1380 1308 1494 1374 eredat
1517 1309 1599 1372 nihil
1623 1329 1795 1394 superesse
1819 1307 1908 1393 quod
1932 1313 2092 1393 peragat,

423 1435 496 1478 cum
519 1412 610 1477 humi
633 1413 725 1476 fusus
748 1412 850 1476 hostis
872 1413 1048 1498 aspicitur?
1087 1421 1121 1475 at
1146 1419 1276 1476 nostrae
1301 1412 1402 1499 partis
1425 1412 1563 1477 intentio
1580 1411 1621 1478 de
1639 1413 1849 1498 oppressione
1868 1409 2093 1476 suscitabitur

424 1524 458 1582 et
481 1515 716 1602 augmentandi
739 1516 864 1581 roboris
887 1537 1019 1581 causam
1042 1516 1186 1581 feliciter
1207 1537 1267 1602 pro
1290 1517 1420 1580 inimico
1443 1516 1617 1603 perfuncta
1640 1537 1693 1581 res
1717 1523 1885 1602 suggeret.

1000 1805 1237 1875 cbxxxvll
1260 1807 1371 1896 (nrrsr.
1387 1811 1417 1888 9,
1437 1808 1502 1893 14).

883 1986 1109 2060 HELPIDIO
1136 1986 1349 2061 DIACONO
1376 1987 1625 2061 ENNODIVS.

397 2143 410 2200 l
533 2117 641 2212 Deus
674 2147 881 2212 sanctitatem
914 2153 1003 2211 tuam
1036 2145 1281 2211 misericordiae
1315 2169 1394 2212 suae
1424 2155 1457 2212 et
1485 2149 1611 2232 gratiae
1643 2155 1860 2234 prosequatur
1890 2148 2097 2232 insignibus,

424 2252 480 2337 qui
510 2250 551 2314 de
574 2251 759 2315 humilitate
782 2272 858 2315 mea
882 2271 950 2314 rem
973 2251 1069 2314 amici
1092 2251 1216 2316 faciens
1241 2251 1387 2336 dignaris
1411 2273 1484 2315 esse
1509 2251 1669 2315 sollicitus
1693 2258 1725 2316 et
1747 2272 1800 2316 me
1825 2272 1989 2338 meosque
2014 2274 2094 2337 pro-

424 2355 528 2418 mittis
550 2355 709 2440 peculiari
731 2354 908 2419 affecticne
931 2359 965 2417 te
988 2354 1108 2418 colere.
1154 2355 1235 2430 scio,
1266 2357 1343 2440 quia
1365 2355 1447 2419 dens
1471 2357 1631 2441 propitius
1655 2356 1716 2420 tibi
1738 2357 1784 2420 sic
1806 2358 1949 2441 gratiam
1975 2357 2096 2421 invicti

424 2455 583 2544 principis
614 2456 765 2538 contulit,
801 2464 837 2520 ut
864 2455 1033 2520 humilitas
1064 2457 1295 2522 ecclesiastica
1323 2480 1388 2522 non
1419 2459 1551 2544 periret.
1596 2480 1689 2539 vere,
1726 2458 1845 2524 domne
1874 2459 2033 2547 Helpidi,
2068 2461 2097 2523 si

425 2558 580 2644 dignatur
602 2561 675 2645 pius
699 2581 759 2624 rex
782 2559 823 2623 de
847 2580 942 2624 servo
966 2580 1024 2622 suo
1049 2582 1123 2626 esse
1149 2561 1319 2640 sollicitus,
1343 2568 1378 2624 tu
1402 2562 1520 2640 fecisti,
1545 2563 1637 2640 cuius
1653 2561 1762 2626 animo
1779 2563 1888 2626 nullus
1905 2563 2096 2626 amicorum

394 2663 533 2730 tricem
560 2664 684 2749 poterit
711 2685 898 2750 repensare.
944 2664 1029 2728 scias
1057 2685 1109 2728 me
1137 2673 1247 2729 tamen
1278 2665 1396 2730 cotidie
1419 2665 1550 2730 diversa
1571 2665 1682 2750 adfligi
1704 2666 1863 2750 qualitate
1886 2665 2097 2744 morborum,

427 2765 474 2829 ita
496 2773 533 2827 ut
556 2764 596 2830 de
613 2766 681 2830 vita
704 2767 889 2853 desperem.
929 2788 1009 2852 rogo
1032 2775 1142 2832 tamen
1165 2768 1287 2834 honore
1306 2770 1512 2834 salutationis
1528 2770 1678 2855 adoept0‚
1701 2777 1738 2834 ut
1752 2770 1908 2835 domnum
1926 2770 2095 2834 Faustum

428 2875 461 2932 et
491 2868 575 2932 filios
603 2869 707 2956 ipsius
736 2893 863 2936 memor
894 2873 1023 2936 animae
1052 2878 1129 2936 tuae
1160 2872 1332 2937 sinceriter
1361 2871 1478 2957 diligas
1507 2877 1540 2937 et
1568 2894 1628 2958 pro
1656 2895 1731 2938 mea
1760 2874 1885 2948 anima,
1925 2880 2094 2958 quantum

427 2973 610 3058 praevales,
633 2995 726 3038 orare
749 2995 813 3038 non
838 2995 960 3054 cesses,
993 2975 1070 3058 quia
1093 2995 1159 3039 non
1182 2976 1337 3039 remansit
1361 2977 1394 3039 in
1418 2977 1490 3040 luce
1514 2975 1601 3060 quod
1624 2997 1764 3061 sperem.
1809 2998 1889 3061 rogo
1914 2979 2031 3054 etiam,
2057 2983 2096 3040 ut

427 3099 480 3142 me
512 3078 676 3164 frequenti
705 3078 855 3164 digneris¹
882 3079 1026 3163 alloquio
1049 3087 1100 3159 et,
1130 3079 1156 3142 si
1181 3078 1318 3142 domnus
1342 3084 1455 3144 noster
1484 3078 1526 3142 ad
1548 3079 1718 3162 Liguriam
1742 3085 1899 3142 venturus
1932 3088 2006 3156 est,
2040 3083 2094 3143 in-

427 3183 545 3248 timare
569 3203 736 3269 procures.

1024 3384 1281 3453 cbxxxvlll
1306 3388 1425 3471 (oense.
1442 3387 1487 3472 5).

789 3561 829 3613 ΙΝ
848 3559 994 3614 ΝΟΜΙΝΕ
1014 3558 1143 3612 Ph'l'ltlS
1162 3558 1208 3611 ΕΤ
1227 3557 1312 3612 FlLll
1331 3559 1377 3612 ΕΤ
1397 3559 1562 3612 SPlRlTVS
1581 3559 1720 3614 SANC'fl.

398 3660 412 3718 Ῑ
536 3641 729 3738 Oraculum
742 3681 792 3737 eet
805 3674 1012 3738 scientissimi
1029 3673 1171 3737 doctoris
1187 3675 1345 3758 gentium,
1363 3673 1449 3757 quod
1465 3673 1572 3757 pariat
1590 3673 1760 3737 infirmitas
1776 3679 1890 3737 nostra
1902 3676 2094 3758 potentiam

305 3789 327 3832 u
340 3789 390 3832 cor.
427 3783 461 3842 et
484 3777 571 3862 quod
594 3784 726 3842 terrena
749 3779 782 3842 in
806 3779 1000 3842 contritione
1028 3779 1138 3842 anima
1155 3779 1378 3842 convalescat:
1402 3797 1474 3840 cum
1492 3779 1593 3840 virtus
1618 3798 1701 3862 quae
1718 3777 1759 3841 de
1776 3776 1964 3842 substantia
1981 3780 2093 3844 carnis

308 3848 341 3894 η’
356 3849 389 3886 ¹⁰'
427 3881 560 3946 fluxerit
583 3888 693 3946 currat
715 3882 757 3946 ad
780 3884 942 3967 spiritum,
966 3891 999 3947 et
1022 3882 1098 3946 dum
1123 3881 1332 3946 labefactatio
1354 3887 1468 3945 nostra
1485 3881 1665 3945 caelestem
1682 3881 1847 3945 hominem
1864 3889 1898 3945 et
1920 3882 1955 3945 in
1978 3882 2092 3947 divina

428 3985 602 4050 locandum
632 4007 708 4052 arce
739 3994 904 4072 conponat
931 3986 973 4048 ad
1000 3984 1128 4070 frugem
1159 3986 1308 4071 spiritus,
1340 3983 1519 4069 siquando
1548 3985 1617 4048 sine
1646 3984 1773 4048 cultura
1795 3991 1853 4047 aut
1876 4007 1988 4049 messe
2013 3994 2093 4050 sunt

428 4110 574 4176 corpora.
620 4090 715 4155 dulce
747 4097 813 4170 est,
843 4097 876 4154 ct
907 4111 980 4154 cum
1009 4088 1191 4153 adcesserit
1219 4094 1352 4173 propter
1381 4093 1557 4171 augmenta
1580 4085 1763 4150 diminutio.
1807 4086 1848 4151 ad
1873 4087 2011 4152 divitem
2039 4088 2092 4153 dci

395 4195 567 4278 ugratiam
602 4195 791 4280 pervenitur
825 4195 935 4257 ieiuna
966 4202 998 4257 et
1029 4194 1131 4256 sterili
1169 4199 1364 4278 paupertate
1399 4190 1629 4254 membrorum.
1680 4212 1758 4276 crgo
1790 4191 1849 4255 tibi
1880 4200 1956 4278 post
1990 4194 2091 4258 deum

430 4295 579 4377 debetur,
609 4296 811 4361 inbecillitas
840 4305 966 4378 nostra,
999 4295 1084 4381 quod
1115 4295 1155 4359 de
1179 4317 1286 4359 rerum
1311 4294 1497 4358 sublimium
1521 4295 1694 4358 affectione
1719 4296 1932 4358 surreximus.
1981 4299 2093 4360 votiva

430 4399 533 4464 febris
562 4421 656 4466 meae
685 4402 866 4466 necessitas
898 4408 930 4464 ct
959 4402 1089 4465 exustio
1121 4399 1351 4485 amplectenda
1379 4398 1596 4462 medullarum
1625 4398 1787 4462 dederunt
1810 4399 1889 4463 mibi
1913 4409 1947 4464 et
1971 4403 2092 4466 timere

532 4645 547 4695 1
568 4661 678 4712 magnus
694 4684 789 4697 ......
807 4645 894 4696 nescio
911 4662 960 4697 om.
973 4643 999 4694 Β
1114 4640 1131 4692 2
1148 4643 1261 4694 herculis
1273 4641 1380 4692 BVLT
1453 4641 1575 4692 antheum
1593 4639 1617 4689 V
1725 4640 1742 4693 3
1758 4639 1795 4706 at]
1813 4642 1847 4693 ad
1858 4643 1884 4692 B
1999 4643 2016 4694 4
2036 4645 2094 4695 her-

429 4731 496 4782 culis
509 4728 630 4781 BVLW
734 4729 751 4782 6
769 4728 879 4796 uenena]
898 4747 967 4782 uena
979 4730 1004 4780 Β
1074 4730 1215 4781 heromauti
1228 4728 1261 4791 B,
1279 4728 1414 4778 herimauti
1427 4728 1502 4778 ceteri
1605 4725 1762 4793 seruposa
1779 4730 1899 4779 monuerit
1917 4729 1979 4779 orld.
1996 4730 2096 4780 Hertel

428 4817 550 4870 laudibus
562 4817 662 4883 scripsi,
679 4818 804 4869 caudibus
817 4815 850 4880 B,
868 4819 987 4868 cautibus
1000 4817 1084 4880 ceteri,
1101 4816 1248 4868 cautibust
1309 4816 1428 4880 lymeum
1446 4814 1474 4876 V,
1492 4815 1581 4879 lyrueo
1594 4813 1620 4862 Β
1715 4813 1731 4862 9
1750 4817 1813 4866 oriet
1830 4819 2054 4868 consummatione
2069 4817 2096 4866 Β

429 4902 463 4956 10
480 4905 560 4956 hostia
578 4921 628 4956 orn.
643 4903 722 4956 sim.
791 4902 829 4970 at]
847 4905 881 4956 ad
893 4903 919 4955 Β
1023 4903 1055 4953 11
1074 4904 1191 4970 suggerit
1203 4902 1229 4953 B

533 5005 725 5074 [cbxxxvu]
757 5005 790 5057 12
808 5007 915 5074 hilpidr'o
935 5007 1033 5058 codices
1094 5007 1161 5058 diaci
1175 5005 1209 5070 Β,
1226 5006 1291 5056 dieo.
1308 5004 1353 5055 VL
1451 5001 1484 5055 14
1502 5005 1581 5056 facies
1598 5002 1755 5070 dignaresB
1814 5020 1871 5054 esso
1889 5007 2018 5056 sollicitus
2037 5025 2096 5059 csse

428 5103 455 5148 a
471 5111 542 5147 meos
559 5093 663 5161 quae
777 5092 810 5144 ro
828 5093 976 5161 rupiana,
994 5094 1084 5160 hilpidi
1103 5093 1178 5144 seara
1294 5090 1327 5143 re
1344 5088 1454 5156 civem]
1473 5089 1585 5142 semaa
1662 5091 1745 5157 affligi
1763 5090 1790 5152 V,
1807 5091 1893 5141 morer
1913 5093 1934 5154 (ι
1952 5110 2011 5158 ap.
2031 5079 2055 5152 0'5
2070 5080 2098 5144 'n

429 5180 605 5250 recuperem
624 5179 702 5244 VM',
724 5181 863 5247 dissperem
876 5180 901 5231 B
987 5187 1091 5248 accepto
1108 5179 1134 5228 V
1253 5177 1289 5230 20
1305 5179 1375 5230 filius
1387 5177 1413 5227 B
1499 5179 1584 5228 animo
1602 5193 1658 5228 mea
1671 5175 1749 5228 Sirra.
1871 5174 1902 5227 21
1925 5181 2058 5244 praeualis
2074 5181 2099 5231 Β

428 5269 506 5320 cessis
519 5268 545 5318 B
614 5267 775 5319 remansisB
844 5267 913 5334 quod
932 5268 969 5318 bia
983 5266 1010 5317 B
1113 5263 1147 5316 23
1165 5265 1319 5333 procurisB

533 5368 740 5438 [CDXXXVlll]
776 5371 981 5422 Eucharisticum
1000 5371 1104 5422 denita
1122 5368 1357 5421 conterendum.
1479 5363 1514 5416 25
1531 5366 1729 5432 pontentiamB
1848 5363 1883 5416 26
1902 5367 1929 5418 iu
1948 5385 2000 5419 om.
2016 5369 2100 5420 Sim.

428 5457 626 5509 conualiseatB
694 5455 763 5523 eum]
783 5456 867 5508 ourB
970 5455 1003 5507 27
1021 5454 1064 5522 ad]
1084 5456 1129 5507 sed
1142 5454 1167 5505 B
1275 5452 1309 5504 28
1327 5461 1455 5520 conponat
1465 5451 1500 5514 B,
1517 5453 1645 5519 componit
1658 5454 1733 5504 ceteri
1801 5450 1832 5519 sil
1851 5455 1877 5504 di
1895 5471 1953 5520 carp.
1968 5456 2018 5508 lia.
2037 5455 2102 5520 cB,

428 5545 466 5595 sie
483 5543 579 5594 Hortcl
657 5561 753 5596 messes
767 5543 843 5594 RVG
954 5540 989 5594 29
1006 5543 1165 5593 dulcemesso
1183 5557 1242 5592 cum
1256 5540 1289 5604 B,
1306 5541 1381 5591 dulce
1393 5549 1461 5590 esset
1477 5555 1536 5589 cum
1553 5538 1582 5602 Τ,
1600 5539 1730 5590 dulcescat
1746 5538 1843 5590 cumO
1919 5544 2065 5594 accesserit
2082 5543 2108 5592 Γ

429 5627 465 5679 30
481 5637 649 5696 pauperetate
661 5628 703 5679 B¹
798 5627 992 5680 31debitur13
1055 5627 1163 5678 debetur
1180 5635 1237 5693 post
1255 5627 1331 5677 deum
1348 5624 1392 5674 VL
1400 5624 1445 5674 To
1495 5625 1583 5676 uotiba
1600 5624 1736 5675 febriusB
1831 5621 1867 5674 32
1884 5627 2064 5692 anploctanda
2078 5629 2105 5679 Β

2151 2386 2175 2423 19

2149 2906 2175 2944 29
