4566 6532
470 419 531 480 304
692 411 885 468 onxxxvm
904 411 1039 482 (opusc.
1057 413 1093 480 a),
1111 411 1275 468 cuxxxrx
1294 410 1417 480 (aaran.
1435 412 1460 476 o,
1480 413 1532 476 15),
1551 410 1646 467 coxa
1664 410 1787 480 (near.
1805 413 1831 478 o,
1850 413 1903 480 ro).

470 609 577 654 meam
611 589 759 674 suscepit
794 586 966 673 replicavit
999 586 1150 674 optinuit.
1205 585 1269 650 boc
1304 585 1443 671 amplius
1484 586 1679 672 suffragator
1716 606 1807 650 meus
1849 586 1995 650 emeruit
2034 605 2137 671 quam

469 691 615 777 poposci,
638 697 675 756 ut
697 691 764 770 illa,
788 711 872 775 quae
896 711 1024 756 mecum
1048 689 1246 754 matrimonii
1270 687 1386 752 habuit
1409 689 1574 775 parilitate
1599 688 1778 774 subiugari,
1802 688 1984 774 religiosae
2000 709 2137 753 mecum

417 795 457 858 28
470 794 669 860 habitudinis
697 793 817 859 decora
843 795 1021 881 partiretur
1049 800 1082 858 et
1110 793 1205 858 fieret
1222 793 1394 880 ,praeclari
1426 791 1493 857 dux
1521 793 1644 858 femina
1667 792 1763 858 tituli.
1811 793 1869 858 sed
1893 793 2024 857 utinam
2050 814 2137 856 sexu

468 899 619 984 fragilem
641 899 674 962 in
697 897 797 963 animi
813 899 932 963 virtute
957 917 1179 983 sequeremur,
1204 903 1237 962 et
1258 897 1291 960 in
1308 897 1438 962 eodone
1454 897 1557 962 nobili
1576 918 1640 962 non
1657 904 1784 962 tantum
1802 898 1986 962 excelleret
2001 897 2138 974 merito,

470 1009 627 1089 quantum
649 1002 813 1068 femineae
837 1002 1064 1067 inbecillitatis
1088 1002 1180 1087 sequi
1197 999 1326 1066 videtur
1349 1006 1499 1087 optentu!
1537 1002 1593 1066 illa
1609 1002 1774 1087 pretiosae
1789 1003 1904 1086 vigore
1922 999 2139 1066 constantiae
2206 1023 2216 1056 ε

447 1108 556 1171 1ιιηιίει
579 1107 686 1172 carnis
703 1112 780 1170 vota
803 1105 989 1191 perdomuit
1012 1112 1045 1172 et
1067 1105 1272 1170 affectiosam
1296 1107 1440 1170 servavit
1463 1105 1655 1192 pudicitiam
1679 1127 1744 1170 non
1768 1112 1928 1170 coactam.
1968 1105 2029 1169 illa
2053 1105 2141 1168 recti

469 1209 721 1290 observantiam,
743 1208 820 1273 dum
844 1209 1010 1274 obstinate
1034 1209 1151 1294 diligit,
1174 1208 1221 1273 ire
1246 1209 1391 1293 conpulit
1414 1209 1446 1273 in
1471 1216 1630 1273 naturam.
1674 1209 1798 1276 utinam
1822 1230 1889 1273 non
1913 1209 1995 1273 mihi
2021 1211 2056 1273 in
2080 1209 2143 1273 illa

471 1313 609 1378 districti
636 1319 839 1401 proponatur
868 1313 949 1378 bora
975 1312 1103 1393 iudicii,
1136 1319 1169 1378 et
1197 1311 1273 1376 dum
1303 1313 1336 1375 in
1360 1312 1549 1378 infirmitate
1574 1335 1634 1378 sua
1656 1313 1749 1378 fortis
1774 1313 1980 1399 adparuerit,
2015 1334 2082 1395 ego
2107 1314 2141 1377 in

418 1414 459 1476 29
472 1417 615 1484 naturali
638 1419 757 1483 virtute
781 1419 842 1482 sim
866 1417 1005 1502 fragilis!
1032 1454 1071 1464 -
1094 1416 1201 1496 Ecce,
1231 1416 1378 1496 domine,
1403 1417 1554 1482 recensui
1577 1417 1663 1503 ipsa,
1688 1437 1772 1502 quae
1796 1437 1953 1494 noveras,
1978 1425 2015 1481 et
2039 1418 2075 1480 in
2100 1438 2139 1480 ea

472 1529 598 1587 tantum
625 1523 673 1586 fui
701 1520 806 1586 fidelis
836 1526 944 1609 parte,
973 1527 1009 1584 ut
1032 1541 1098 1584 non
1121 1541 1271 1606 raperem
1293 1519 1380 1606 quod
1403 1521 1550 1586 tenebas.
1596 1519 1726 1600 adesto,
1759 1541 1817 1585 rex
1840 1519 1987 1604 gloriae,
2020 1520 2141 1584 adesto
2195 1539 2218 1576 u

473 1624 671 1712 supplicanti
695 1632 728 1690 et
750 1623 929 1690 secundum
952 1623 1165 1708 benignitatis
1194 1630 1270 1688 tuae
1294 1623 1563 1689 consuetudinem
1588 1629 1739 1688 secutura
1762 1623 1916 1708 dispone!

945 1725 1058 1792 Gloria
1081 1728 1166 1815 patri
1190 1734 1223 1792 et
1245 1727 1312 1792 filio
1337 1733 1371 1792 et
1392 1727 1518 1814 spiritui
1541 1733 1663 1794 sancto.

1061 2049 1281 2120 uuxxxlx
1304 2052 1413 2138 (amar.
1430 2059 1459 2133 9,
1479 2056 1544 2140 15).

1013 2229 1250 2306 ENNODIVS
1277 2232 1592 2308 STEPHANIAE.

446 2381 460 2439 l
589 2363 692 2458 Bene
727 2400 778 2457 est
807 2375 915 2457 animo
945 2412 1027 2472 meo,
1057 2391 1143 2478 quod
1174 2400 1345 2478 gravatum
1373 2395 1502 2480 peccati
1534 2394 1623 2458 fasce
1652 2393 1846 2459 meministis
1879 2398 1914 2455 et
1944 2392 2036 2456 inter
2069 2391 2143 2456 illas

475 2497 559 2561 sacri
582 2496 722 2582 pectoris
747 2517 851 2576 curas,
881 2503 1037 2582 quantum
1068 2496 1297 2582 epistolae'ad
1325 2496 1478 2562 domnum
1501 2497 1664 2562 Asianum
1693 2496 1879 2562 destinatae
1909 2496 2142 2574 manifestant,
2193 2525 2212 2560 n

476 2620 638 2686 personae
661 2621 755 2664 meae
779 2621 844 2665 non
868 2599 1007 2685 emergit
1030 2599 1164 2664 oblivio.
1201 2601 1263 2665 deo
1285 2602 1407 2686 gratias
1424 2622 1497 2687 ago,
1522 2601 1578 2686 qui
1594 2623 1653 2686 per
1668 2599 1848 2665 indebitam
1866 2599 2144 2684 delinquentibus

477 2703 685 2769 clementiam
709 2704 806 2768 solita
834 2704 1044 2769 miseratione
1072 2704 1241 2782 succurrit,
1272 2704 1349 2768 dum
1379 2726 1436 2769 eos
1469 2709 1655 2769 sanctarum
1684 2703 1866 2768 animarum
1895 2704 2143 2768 intercessione

353 2845 357 2853 ι
446 2809 649 2872 toustentat.
688 2828 753 2871 non
777 2807 885 2887 credo,
909 2806 996 2893 quod
1019 2808 1105 2872 inter
1128 2809 1292 2873 orationes
1315 2808 1489 2873 deseratur
1512 2829 1607 2894 quem
1631 2807 1812 2872 nobilitatis
1837 2807 1995 2892 alloquio.
2037 2809 2143 2872 saluto

477 2932 555 2997 ergo
579 2910 761 2976 humilitate
785 2932 849 2996 qua
872 2910 1005 2997 dignum
1029 2917 1080 2976 est
1103 2917 1137 2977 ct
1161 2932 1252 2997 rogo,
1280 2919 1315 2977 ut
1342 2913 1390 2977 illi
1419 2910 1557 2977 adsidua
1585 2911 1770 2977 orationum
1803 2910 1937 2975 donetis
1969 2911 2141 2996 suffragia,

476 3036 573 3102 quem
597 3014 916 3080 commemorationis
939 3015 1076 3102 pascitis
1098 3014 1259 3080 ubertate.
2187 3037 2209 3076 a

1111 3339 1232 3408 uuxl.
1255 3341 1365 3426 (sarar.
1382 3345 1413 3417 9,
1432 3343 1497 3425 16).

1036 3519 1273 3593 ENNODIVS
1300 3518 1574 3593 ADEODATO.

450 3659 461 3718 ¹
589 3646 690 3744 Olim
707 3679 747 3744 ad
765 3680 977 3746 beatitudinis
993 3689 1069 3746 tuae
1086 3681 1207 3768 scripta
1222 3680 1468 3766 responderam,
1485 3681 1513 3743 si
1530 3679 1626 3744 facile
1639 3680 1757 3744 fuisset
1769 3679 1909 3743 Romam
1924 3680 2136 3765 pergentium

477 3783 597 3847 itinera
627 3781 841 3868 deprehendi.
888 3785 1114 3850 ecclesiastica
1147 3785 1314 3850 humilitas
1337 3806 1357 3850 a
1380 3783 1492 3848 mundi
1525 3784 1713 3869 potentibus
1748 3784 1840 3868 quasi
1873 3805 1925 3847 res
1963 3784 2138 3869 peregrina

477 3885 643 3952 transitur.
689 3893 726 3950 ut
748 3888 888 3972 primum
910 3895 1020 3953 tamen
1043 3889 1180 3953 domnus
1197 3888 1374 3954 Dioscorus
1390 3889 1531 3954 Romam
1554 3887 1744 3974 perfunctus
1765 3887 1808 3974 pii
1832 3889 1957 3952 laboris
1974 3888 2137 3953 remearit

448 3989 599 4071 tofficio,
629 3987 670 4052 ad
700 3990 942 4057 restitutionem
971 3990 1074 4056 debiti
1106 3994 1325 4057 reverentiam
1352 3999 1495 4058 vestram
1523 3991 1707 4077 suspiciens
1737 3990 1915 4076 adspiravi.
1963 4012 2024 4055 vos
2054 3990 2134 4054 filios
2179 4011 2198 4048 a

476 4099 612 4174 vestros,
643 4093 797 4158 domnum
824 4094 980 4159 Faustum
1004 4097 1057 4160 rel
1081 4104 1227 4160 sanctam
1257 4098 1445 4182 progeniem
1479 4095 1581 4181 ipsius
1609 4093 1717 4159 redire
1746 4095 1885 4158 Romam
1915 4095 2052 4181 cupitis,
2079 4113 2135 4156 nos

477 4218 628 4262 manere:
653 4196 765 4282 dispar
787 4197 951 4262 sententia
973 4197 1014 4262 ad
1038 4218 1138 4263 unum
1155 4198 1339 4263 affectionis
1357 4198 1472 4262 callem
1489 4198 1558 4261 sine
1578 4219 1688 4264 errore
1705 4199 1889 4263 revertitur.
1926 4197 2011 4263 deus
2028 4205 2134 4262 tamen

479 4301 620 4387 optimus
650 4299 859 4386 dispensator
885 4300 972 4386 quod
999 4302 1149 4366 felicitati
1174 4303 1245 4366 eius
1274 4302 1336 4366 scit
1366 4301 1538 4366 convenire
1566 4301 1727 4388 disponat.
1773 4302 1851 4366 mihi
1882 4301 1997 4366 domni
2026 4301 2135 4365 Fausti

323 4396 334 4419 ⁰
449 4407 678 4488 3suorumque
710 4405 910 4489 prosperitas
950 4406 1159 4490 praesentiae
1193 4406 1265 4470 vice
1299 4404 1475 4469 blanditur.
1518 4403 1650 4470 domiue
1686 4406 1741 4486 mi,
1774 4405 1982 4471 salutationis
2016 4405 2134 4470 cultum

480 4509 578 4596 pleno
602 4527 713 4572 amore
736 4506 920 4572 dissolvens
945 4507 1091 4574 codicem
1116 4531 1211 4595 quem
1239 4509 1375 4576 dedistis
1404 4509 1470 4574 filio
1500 4516 1609 4573 vestro
1632 4508 1750 4574 domno
1773 4509 1943 4596 praefecto
1967 4514 2132 4573 remeante
2175 4525 2194 4563 a

479 4611 680 4676 transmitto:
711 4630 769 4675 vos
791 4631 901 4674 meum
924 4617 981 4675 aut
1003 4613 1095 4677 illum
1119 4634 1216 4698 quem
1240 4612 1446 4699 promisistis,
1477 4614 1504 4677 si
1527 4613 1699 4699 placuerit,
1723 4613 1895 4690 destinate,
1920 4611 2004 4675 illud
2028 4619 2134 4676 tamen

479 4714 668 4802 specialiter
690 4713 906 4795 conferentes,
937 4721 973 4779 ut
996 4718 1178 4782 orationum
1205 4723 1386 4782 vestrarum
1417 4737 1593 4801 numquam
1622 4737 1673 4780 me
1701 4716 1965 4802 propugnatione
1998 4714 2135 4792 nudetis,

391 4857 393 4861 ,
479 4818 556 4906 quia
578 4818 688 4881 nullus
711 4817 791 4882 mihi
815 4837 926 4882 murus
949 4820 1056 4905 potior
1079 4841 1151 4885 esse
1174 4820 1332 4886 adversus
1356 4819 1482 4905 peccati
1511 4819 1648 4885 arietem
1678 4818 1807 4906 poterit,
1837 4839 1937 4903 quam
1960 4819 1989 4883 si
2011 4819 2135 4883 illarum

480 4943 533 4988 me
556 4922 661 4987 tutela
683 4920 877 4988 defenderit.

525 5202 529 5208 ¹
584 5180 599 5233 1
618 5183 736 5252 optsuuit
747 5181 781 5247 B,
796 5183 909 5235 obtinuit
924 5182 950 5232 V
1006 5184 1111 5251 anplius
1123 5182 1149 5234 B
1244 5181 1262 5235 2
1280 5184 1396 5252 poposcit
1407 5182 1433 5234 B
1493 5183 1620 5251 parilitate
1638 5182 1771 5248 subiugari
1783 5181 1816 5246 B,
1835 5183 1991 5248 parilitatem
2012 5183 2071 5248 (ona
2084 5184 2138 5236 sub·

478 5266 575 5338 iugari)
594 5270 670 5322 catari
777 5267 794 5320 3
811 5270 936 5336 patiretur
950 5269 975 5320 Β
1049 5270 1153 5322 ficritB
1222 5287 1287 5322 sexu
1299 5269 1332 5333 B,
1356 5287 1447 5322 sexum
1465 5270 1541 5322 aeteri
1624 5305 1626 5310 ,
1648 5264 1666 5317 4
1683 5267 1809 5334 gragilem
1821 5267 1847 5318 Β
1917 5271 1945 5321 in
1965 5280 2027 5322 unta
2044 5271 2140 5323 actions

479 5374 528 5409 oar.
547 5354 667 5408 VMlC'P
767 5355 785 5408 b
802 5355 970 5408 inbicillitetis
982 5355 1008 5406 B
1077 5357 1180 5408 uidetur
1192 5353 1226 5420 B,
1243 5356 1375 5408 uidsrctru
1386 5356 1462 5408 ceteri
1566 5350 1582 5402 l
1600 5353 1736 5405 obscenats
1753 5352 1844 5420 diliget
1855 5353 1882 5404 B
1954 5356 1994 5408 irs
2013 5359 2034 5422 (i
2046 5357 2107 5421 dal.)
2119 5355 2141 5407 Β

479 5440 497 5492 8
513 5442 627 5494 destricti
644 5440 742 5493 cadim
804 5442 952 5509 apparuerit
966 5441 991 5490 V
1093 5441 1125 5494 10
1141 5443 1213 5494 adsto
1232 5481 1238 5494 .
1252 5481 1258 5494 .
1277 5442 1350 5493 adsto
1362 5440 1388 5492 B
1491 5438 1524 5492 ll
1542 5447 1659 5492 secutura
1670 5438 1696 5488 B

585 5542 765 5612 [cumn]
803 5543 972 5614 tapsensis]
991 5546 1168 5613 peccatorisB
1272 5544 1305 5598 18
1323 5544 1482 5598 orationisB
1585 5541 1619 5595 19
1636 5544 1739 5596 assidua
1754 5541 1779 5592 V
1879 5541 1917 5596 20
1935 5548 2051 5613 pascetis
2064 5547 2089 5598 Β

584 5645 699 5716 [CDXL]
736 5645 770 5699 23
787 5649 887 5702 itsnsra
898 5648 924 5699 Β
1051 5646 1086 5701 24
1103 5649 1253 5703 dihoscorus
1264 5649 1290 5700 B
1410 5647 1445 5700 25
1461 5649 1629 5715 adspirauuos
1645 5649 1661 5699 f.
1676 5647 1701 5697 B
1821 5643 1857 5698 26
1875 5648 2019 5717 Faustum]
2038 5651 2145 5704 Paulum

480 5735 560 5791 Sirra
665 5732 700 5785 28
717 5732 873 5800 mihifflllftll
888 5735 914 5785 B
1017 5733 1052 5786 29
1069 5731 1114 5802 mi]
1133 5737 1196 5787 mibi
1207 5736 1285 5788 BVL
1387 5734 1421 5787 31
1439 5733 1634 5808 promisistasB
1736 5729 1772 5784 33
1790 5730 1883 5805 quam]
1903 5731 2020 5808 quimB
