4576 6428
451 383 513 444 236
772 367 773 370 “
843 378 973 434 cocxvl
991 378 1113 446 (aelst.
1133 379 1158 444 7,
1177 378 1220 444 11)
1239 407 1271 416 -
1290 375 1448 432 CCCXVIII
1467 375 1591 444 (EPIS'I'.
1610 378 1634 443 1,
1653 377 1705 446 13).

450 552 550 617 animi
580 552 643 616 mei
675 552 820 617 remedia
849 553 1077 618 incunctanter
1108 521 1276 624 adhibete,
1311 556 1347 614 ut
1375 551 1521 634 quamvis
1552 548 1717 616 defuerint
1748 551 1905 618 hactenus
1936 554 2113 620 affectioni

450 655 574 741 pabula
602 677 675 736 sua,
703 657 736 720 in
760 658 903 722 statione
928 679 1001 722 esse
1025 665 1133 722 tamen
1158 655 1319 742 promissa
1342 653 1461 718 caritas
1483 653 1675 718 innotescat.
1721 653 1851 720 domine
1875 658 1933 738 mi,
1961 659 2111 722 salutem

450 755 675 844 plenissimam
705 758 817 825 dicens
849 781 988 845 quaeso,
1022 769 1057 826 ut
1088 759 1326 846 exspectationi
1352 778 1446 823 meae
1473 756 1559 843 quod
1583 757 1704 824 suflicit
1726 759 1879 845 loquendi
1902 763 2111 847 peritissimo

449 882 515 926 non
539 869 688 948 negetur.

1053 1068 1237 1138 cccxvn
1260 1069 1370 1153 (aaran.
1390 1071 1419 1149 7,
1438 1069 1502 1154 12).

876 1263 1113 1340 ENNODIVS
1141 1263 1422 1339 HORMISDAE
1448 1262 1675 1338 DIACONO.

421 1419 433 1478 l
559 1411 694 1506 Nullus
726 1449 912 1507 remaneret
941 1443 1102 1528 imperitis
1135 1442 1226 1506 locus
1254 1441 1385 1520 reniae,
1419 1440 1446 1504 si
1475 1439 1569 1525 plura
1596 1440 1821 1525 loquerentur:
1856 1440 1927 1504 sola
1957 1439 2110 1504 brevitas

451 1545 657 1610 commendat
692 1545 849 1610 indoctos.
901 1567 1000 1632 snpra
1037 1568 1180 1612 errorem
1214 1554 1266 1610 est
1300 1545 1429 1632 prolixe
1465 1543 1608 1608 narratio
1643 1531 1841 1608 rusticantis.
1894 1543 2026 1628 quando
2065 1544 2111 1608 ab

449 1649 565 1732 ignaro
596 1655 761 1714 extortum
791 1649 891 1714 luerit
920 1649 1006 1736 quod
1034 1649 1090 1714 diu
1118 1651 1256 1734 legatur,
1285 1649 1346 1713 sibi
1373 1668 1541 1712 rancorem
1572 1666 1665 1711 suum
1695 1645 1794 1711 debet
1824 1653 1966 1712 exactor.
2013 1647 2110 1732 quis-

451 1772 591 1836 quamne
615 1751 778 1817 hominum
801 1753 834 1818 in
857 1754 989 1839 longum
1012 1755 1080 1818 vult
1103 1753 1300 1818 fastidienda
1322 1752 1501 1837 procedere
1524 1757 1557 1815 et
1579 1750 1667 1814 nullo
1691 1770 1808 1836 sapore
1831 1749 1962 1814 condita
1984 1749 2110 1814 breves

450 1855 607 1919 terminos
630 1876 696 1920 non
718 1856 864 1922 habero?
902 1856 1053 1922 Romana
1075 1857 1148 1930 hoc,
1171 1857 1283 1936 irater,
1306 1862 1339 1920 st
1362 1856 1494 1920 nimium
1512 1854 1627 1919 artifici
1649 1853 1831 1918 subtilitate
1847 1854 2020 1939 flagitasti:
2045 1853 2110 1918 sed

421 1961 512 2022 2ncs
536 1966 649 2032 contra
671 1959 849 2026 fabricatos
873 1961 978 2025 munit
1000 1961 1192 2047 simplicitas
1215 1961 1313 2025 nullis
1337 1959 1483 2024 colorata
1506 1958 1702 2044 praestigiis.
1740 1959 1863 2022 etenim
1885 1957 2035 2043 quamvis
2052 1977 2111 2022 me

450 2061 623 2128 delenifica
646 2064 805 2148 epistolae
830 2069 907 2127 tuae
931 2064 1078 2128 oratione
1103 2062 1307 2149 produxeris,
1331 2063 1394 2126 mei
1417 2063 1641 2126 immemorem
1664 2082 1729 2125 non
1753 2060 1871 2126 fecisti.
1907 2061 1973 2124 scio
1995 2064 2113 2124 artare

449 2166 617 2250 paginam.
646 2169 738 2232 euius
767 2166 907 2254 pretium
938 2167 1162 2253 promulgator
1188 2167 1357 2251 intellego.
1402 2166 1532 2229 noveris
1554 2185 1606 2230 me
1630 2172 1740 2229 tamen
1763 2165 1843 2228 meis
1865 2163 2015 2250 pertibus
2039 2185 2112 2227 non

450 2267 579 2346 deesse,
604 2267 752 2353 quamvis
776 2278 873 2334 vocet
895 2271 927 2334 in
951 2270 1093 2335 medium
1118 2276 1150 2335 et
1172 2271 1317 2335 urbanus
1341 2277 1375 2334 et
1397 2270 1545 2334 clericus.
1590 2269 1649 2333 scd
1671 2267 1749 2354 quid
1771 2268 1916 2354 produco
1939 2269 2112 2354 paginam,

451 2372 542 2436 cuius
565 2373 715 2458 superius
739 2374 921 2458 angustiam
945 2375 1144 2460 pollicebar?
1182 2374 1264 2440 heco
1287 2373 1367 2438 mibi
1391 2394 1462 2438 cum
1486 2379 1616 2438 amante
1641 2373 1854 2452 concertatio,
1878 2373 1953 2437 talis
1976 2372 2112 2437 tructus

422 2476 440 2539 3
455 2481 506 2538 cst
528 2473 721 2542 litterarum.
758 2477 887 2542 domine
904 2479 958 2556 mi,
983 2479 1124 2543 sal¹·tem
1140 2479 1338 2544 uberrimam
1355 2477 1468 2543 dicens
1484 2498 1606 2563 precor,
1630 2483 1666 2541 ut
1683 2477 1803 2542 Christi
1818 2477 1921 2542 nostri
1937 2477 2113 2542 tribuente

453 2578 674 2644 misericordia
690 2578 803 2644 crebro
822 2582 961 2646 salutem
975 2588 1117 2646 vestram
1133 2583 1251 2648 votivis
1267 2581 1357 2662 mihi,
1373 2581 1448 2646 dum
1464 2603 1570 2646 meam
1583 2581 1750 2668 quaeritis,
1767 2581 1924 2646 nuntietis
1939 2580 2114 2644 affatibus.

1042 2869 1246 2940 CCCXVIII
1271 2873 1382 2958 (sarar.
1400 2877 1428 2953 7,
1448 2873 1513 2956 13).

1052 3067 1289 3143 ENNODIVS
1315 3068 1504 3144 ΒΟΕΤΙΟ.

422 3224 435 3283 ¹
573 3211 618 3305 Si
641 3240 781 3308 liberum
811 3250 900 3308 csset
929 3245 1090 3330 imperata
1114 3245 1252 3326 differri,
1286 3244 1521 3310 concederetur
1542 3244 1619 3308 mihi
1644 3243 1749 3308 adhuc
1773 3248 1960 3307 ornamenta
1984 3243 2113 3308 silentii

451 3365 515 3409 non
547 3346 666 3433 perire.
719 3367 794 3410 nam
826 3348 1057 3412 taciturnitatis
1093 3369 1210 3412 munus
1244 3356 1309 3428 est,
1344 3348 1429 3434 quod
1467 3369 1530 3412 non
1562 3346 1774 3411 inhumanum
1806 3346 1894 3431 loqui
1922 3367 1974 3409 mc
2008 3367 2113 3432 posse
2172 3399 2183 3410 .

452 3447 646 3512 credidistis.
691 3450 800 3515 videte
830 3456 985 3535 quantum
1016 3451 1146 3536 linguae
1171 3453 1302 3536 genium
1325 3473 1390 3516 vox
1413 3473 1526 3539 pressa
1549 3451 1734 3514 contulerit.
1781 3449 1838 3514 sad
1862 3471 1913 3513 res
1937 3457 1988 3514 est
2011 3451 2114 3515 vacui

452 3555 595 3636 pectoris
625 3552 809 3639 periclitata
838 3552 982 3618 remedia
1004 3575 1068 3618 non
1094 3561 1215 3618 tenere.
1262 3554 1331 3638 agit
1354 3554 1511 3619 sermonis
1536 3573 1626 3631 cura,
1658 3574 1699 3616 ne
1723 3553 1956 3640 promulgantis
1981 3555 2115 3618 celetur

453 3656 594 3736 inscitia,
618 3655 747 3741 quando
771 3658 826 3721 otii
851 3658 944 3722 labor
967 3659 1102 3742 gloriam
1126 3657 1301 3743 intercipit.
1341 3678 1417 3722 ecce
1442 3677 1504 3741 ego
1527 3657 1583 3720 illc
1606 3664 1682 3720 ante
1706 3656 1931 3742 probationem
1954 3656 2113 3721 laudatus

454 3757 576 3823 subdor
604 3759 747 3823 examini
777 3759 932 3825 allerias
956 3783 1063 3838 meas,
1094 3783 1134 3826 nc
1158 3761 1271 3825 videar
1294 3760 1538 3846 praedicatione
1562 3759 1694 3844 dignus,
1725 3762 1885 3847 inmmpo.
1929 3781 2004 3824 nam
2029 3760 2111 3825 dum

421 3861 619 3927 thumilitas
643 3862 749 3927 reddit
772 3863 980 3949 obsequium,
1008 3867 1184 3951 impetrata
1206 3886 1266 3951 par
1289 3864 1454 3929 silentium
1477 3885 1542 3928 non
1565 3864 1734 3928 babemus.
1780 3869 1815 3927 tu
1838 3864 1871 3927 in
1894 3885 1961 3946 me,
1991 3886 2109 3930 emen·
2181 3915 2186 3929 .

452 3962 620 4030 (latissime
644 3965 821 4048 bominum,
845 3966 991 4052 dignaris
1013 3966 1204 4053 praedicare
1228 3969 1378 4046 virtutes,
1402 3989 1499 4052 quem
1522 3967 1555 4030 in
1578 3968 1672 4032 annis
1695 3966 1875 4053 puerilibus
1899 3967 1969 4031 sine
1985 3967 2112 4031 aetatis

450 4069 650 4153 praeiudicio
680 4069 841 4135 industria
869 4070 948 4136 iecit
978 4072 1162 4157 antiquum,
1193 4071 1247 4156 qui
1276 4092 1335 4157 por
1363 4069 1565 4154 diligentiam
1595 4070 1711 4156 imples
1736 4090 1832 4134 omne
1856 4069 1941 4156 quod
1966 4071 2111 4155 cogitur,

451 4172 503 4236 cui
527 4172 614 4237 inter
629 4174 718 4238 vitae
743 4172 881 4238 exordia
906 4172 1000 4238 ludus
1023 4182 1074 4239 est
1097 4175 1248 4239 lectionis
1272 4173 1447 4238 assiduitas
1471 4183 1504 4238 et
1527 4173 1664 4237 deliciae
1689 4173 1788 4238 sudor
1803 4175 1940 4250 alicnus,
1964 4175 1996 4237 in
2015 4175 2112 4238 cuius

451 4275 601 4339 manibus
630 4274 797 4362 duplicato
829 4278 904 4361 igne
938 4278 1049 4343 rutilet
1079 4298 1143 4363 qua
1166 4285 1296 4342 veteres
1326 4278 1398 4341 lace
1428 4276 1600 4341 fulserunt.
1645 4298 1720 4341 nam
1743 4275 1829 4363 quod
1851 4277 1906 4340 vix
1928 4275 2111 4341 maioribus

422 4379 540 4443 3circa
568 4381 810 4444 extremitatem
839 4381 927 4445 ritae
959 4382 1109 4466 contigit,
1143 4381 1204 4445 hoc
1232 4381 1291 4445 tibi
1321 4379 1467 4445 abundat
1494 4379 1525 4443 in
1556 4380 1678 4444 limine.
1724 4401 1801 4444 rere
1823 4378 1942 4444 dedisti
1964 4379 2109 4464 pretium

452 4483 642 4567 loquacitati
672 4503 781 4564 meae,
813 4483 888 4548 dum
920 4483 1159 4550 desiderantem
1187 4484 1359 4568 conloquia
1388 4484 1513 4568 primus
1536 4481 1736 4568 aggrederis.
1782 4483 1918 4569 contigit
1945 4503 2033 4548 nova
2056 4505 2112 4548 res

452 4587 596 4670 garrulo,
619 4593 783 4671 utusque
806 4586 889 4651 adeo
913 4588 1157 4675 produceretur,
1182 4587 1286 4653 donec
1310 4588 1482 4674 exigerent
1505 4589 1625 4674 scripta
1648 4609 1850 4674 responsum.
1887 4587 1948 4652 deo
1972 4589 2111 4672 gratias,

453 4689 509 4774 qui
531 4689 667 4754 occultis
692 4689 865 4755 itineribus
889 4689 930 4756 de
954 4692 1128 4778 propinqui
1143 4712 1201 4756 vos
1218 4693 1407 4757 neccssaria
1421 4692 1594 4756 allectione
1614 4692 1822 4756 commonuit.
1860 4711 1937 4756 ecce
1954 4681 2111 4775 geminae

453 4812 570 4856 causas
602 4792 740 4857 iniuriae
776 4794 840 4858 iam
876 4795 1010 4859 tenetis:
1048 4815 1123 4859 nam
1156 4801 1329 4881 postquam
1359 4795 1501 4880 agrestis
1530 4796 1672 4876 innotui,
1707 4816 1880 4882 praesumo
1911 4795 2023 4859 dicere
2053 4817 2110 4860 me

420 4899 632 4981 lparentem.
677 4896 808 4962 domine
831 4898 891 4978 mi,
926 4899 1129 4963 salutationis
1159 4898 1300 4964 cilicium
1329 4896 1441 4964 dicens
1469 4919 1581 4983 spero,
1616 4905 1653 4963 ut
1677 4899 1764 4964 circa
1785 4899 1968 4966 litterarum
1992 4900 2109 4964 munin-
2164 4919 2188 4957 ιι

400 4989 404 4998 ’
453 5000 672 5085 frequentiam
696 4996 919 5079 commodetis,
944 5003 976 5065 in
1001 5022 1064 5087 quo
1088 5021 1188 5086 opere
1212 4999 1443 5067 adsiduitatem
1467 5007 1500 5067 et
1524 5023 1638 5069 amans
1662 5002 1799 5068 exbibet
1822 5009 1855 5066 et
1875 5001 2046 5066 secundus.

554 5206 572 5259 2
588 5206 632 5275 mI]
652 5209 714 5261 mibi
730 5208 775 5259 Va

556 5309 715 5378 [cccxvn]
754 5311 786 5364 ιι
804 5312 867 5362 min
883 5311 933 5374 re,
951 5311 986 5362 mr
1002 5310 1030 5374 r,
1049 5309 1137 5362 maa
1258 5308 1291 5361 rs
1309 5309 1353 5376 mr]
1372 5313 1435 5364 min
1451 5311 1496 5363 aa
1577 5314 1666 5364 ereans
1683 5330 1732 5364 om.
1745 5313 1769 5362 1.
1848 5309 1952 5376 mass]
1971 5313 2013 5364 aar
2029 5313 2112 5365 sirm.

453 5395 484 5448 17
503 5399 676 5451 misericordia
693 5405 723 5450 ut
740 5399 829 5451 erebro
847 5397 893 5449 Vt.

557 5496 730 5569 [CCCXVIII]
759 5500 792 5552 19
810 5503 897 5554 adbnc
914 5503 977 5552 milri
990 5500 1069 5554 Sirra.
1164 5498 1199 5551 29
1217 5502 1272 5552 tace
1286 5499 1315 5564 0,
1331 5501 1400 5553 fasee
1416 5499 1492 5552 VLT
1582 5499 1616 5554 33
1628 5501 1639 5566 ll
1651 5505 1770 5570 geminae
1787 5518 1878 5554 caum
1895 5503 1971 5567 incip.
1985 5502 2075 5555 denuo
2088 5505 2115 5555 B

452 5584 486 5636 34
504 5595 617 5654 agrestes
629 5587 655 5638 B
739 5588 822 5641 dicare
841 5605 881 5640 me
894 5588 926 5651 Β,
944 5605 985 5639 mo
1002 5589 1085 5639 dicare
1104 5588 1178 5639 ormi
1301 5584 1336 5637 31)
1353 5584 1397 5653 ιιι1]
1417 5589 1477 5639 mihi
1489 5588 1566 5640 BVL
1650 5589 1813 5643 salutationis
1829 5589 1928 5654 scripsi,
1946 5589 2068 5641 salutmis
2081 5591 2115 5656 B,

452 5674 545 5725 salutis
561 5674 605 5724 VJ.
611 5675 660 5738 TC,
678 5675 781 5727 salutati
793 5675 863 5726 ,cont
879 5675 974 5726 Horret
1078 5673 1112 5726 36
1129 5675 1314 5726 adsiduetatem
1325 5673 1359 5738 B,
1376 5675 1551 5727 assiduitatem
1567 5675 1590 5724 V
1655 5676 1753 5729 exbibit
1764 5674 1790 5725 B
