4566 6532
869 405 996 461 socru
1015 406 1134 474 (canu.
1158 409 1179 472 r,
1199 407 1549 474 10),ecoxurr(cnau.
1570 411 1593 472 ι,
1613 407 1666 474 11).

697 580 770 643 Lux
794 579 925 645 Christe
949 580 1016 644 vita
1040 581 1171 656 veritas,
1421 579 1536 644 Hostis
1559 580 1673 666 procul
1697 581 1738 646 sit
1761 580 1915 645 callidus:

569 697 593 734 ¹0
651 683 701 748 Ne
725 683 817 747 susce
841 683 946 747 somni
971 689 1129 768 tempora
1375 682 1470 755 Quod
1494 683 1604 762 laedit,
1629 682 1709 747 illud
1732 682 1880 747 dormiat.

649 785 756 850 Tetris
780 793 896 871 parata
918 775 1129 862 umbraculis,
1374 784 1438 859 Qui
1462 785 1559 850 dente
1584 806 1683 849 saevo
1707 785 1862 850 mandere

648 887 718 953 Nos
742 888 784 952 ad
807 890 962 954 tenebras
987 897 1133 954 evocent.
1374 887 1488 953 Oortat
1512 887 1671 990 cubantes
1694 889 1833 968 lectulis,

697 1059 773 1125 Nox
796 1061 886 1125 nulla
908 1083 967 1126 nos
992 1060 1110 1127 subdat
1134 1061 1196 1126 sibi
1293 1077 1317 1114 2⁵
1422 1061 1486 1125 Hie
1509 1060 1656 1125 membra
1678 1062 1806 1127 vinctus
1829 1062 1943 1148 lugeat

649 1162 687 1226 In
710 1163 816 1228 noetis
840 1170 930 1229 atrae
954 1166 1112 1250 tegmine;
1373 1165 1508 1230 Pulsare
1533 1185 1607 1228 sese
1631 1184 1711 1248 quos
1734 1164 1836 1232 foves.

568 1281 591 1317 1⁵
651 1266 717 1330 Sed
740 1288 801 1330 nec
825 1267 941 1331 caloris
966 1266 1047 1332 ebrii
1375 1266 1530 1332 Madente
1554 1287 1651 1332 earne
1676 1269 1808 1353 spiritus

651 1370 789 1434 Mentita
813 1371 927 1456 pingat
950 1391 1097 1456 corpora,
1377 1372 1451 1436 Non
1476 1377 1633 1436 enecetur
1656 1372 1845 1456 naufragus.

698 1542 822 1606 Verum
847 1549 973 1607 reatum
996 1544 1116 1607 nesciis
1423 1542 1527 1608 Ornet
1551 1542 1657 1607 cubile
1681 1544 1824 1616 castitas,

651 1645 741 1709 Falsi
764 1646 952 1710 ministrans
977 1647 1130 1711 oriminis.
1295 1659 1320 1696 ³0
1376 1645 1469 1719 Quae
1494 1646 1600 1730 prima
1621 1645 1775 1709 virtutum
1799 1647 1914 1718 micat;

652 1747 703 1811 Tu
725 1769 785 1833 per
808 1748 925 1834 quietis
948 1770 1085 1814 munera
1377 1749 1472 1814 Vivat
1493 1747 1575 1814 fides
1599 1749 1631 1813 in
1656 1755 1799 1834 pectore,

570 1865 596 1904 2⁰
651 1851 799 1932 Adsiste‚
822 1858 931 1916 eustos
954 1852 1104 1939 pervigil.
1378 1851 1471 1926 Quae
1494 1853 1568 1917 luce
1592 1858 1706 1917 vernat
1728 1850 1865 1938 perpeti.

1051 2193 1232 2264 GQGXIrII
1254 2195 1360 2280 (man.
1379 2199 1406 2278 1,
1425 2196 1490 2283 11).

844 2390 1045 2464 HYMNVS
1072 2391 1120 2464 IN
1149 2389 1377 2463 TEMPORE
1403 2389 1688 2465 TRISTITIAE.

703 2557 794 2622 Deus
818 2580 963 2643 perennc
987 2560 1152 2645 gaudium,
1426 2557 1518 2623 Tunc
1542 2560 1629 2622 iussa
1653 2561 1756 2642 gessit
1778 2559 1904 2622 fortior.

655 2660 727 2724 Pax
752 2659 881 2726 Christe
906 2661 1012 2727 cordis
1035 2665 1125 2727 anxii
1380 2661 1542 2726 Inmunda
1565 2662 1707 2748 lymphis
1730 2660 1873 2725 sobrium

655 2764 840 2849 Portusque
863 2766 1099 2847 fluctuantium,
1380 2757 1445 2829 Per
1466 2764 1562 2830 busta
1584 2766 1679 2830 terris
1701 2773 1848 2830 vexerat.

656 2865 762 2941 Quem
785 2889 845 2932 nec
868 2870 1022 2953 procella,
1046 2869 1184 2934 turbidis
1299 2882 1323 2920 ²⁰
1381 2867 1505 2933 Vivens
1530 2869 1680 2954 sepulcra
1704 2870 1847 2954 pertulit,

586 3077 591 3090 -
704 3041 738 3105 Si
762 3047 872 3107 verrat
894 3043 958 3106 ima
981 3042 1131 3122 motibus,
1429 3040 1581 3106 Viventis
1605 3062 1705 3106 urnae
1729 3041 1911 3127 prandium.

655 3144 771 3209 Potest
792 3145 907 3231 fugare
930 3167 950 3210 a
972 3153 1115 3232 pectore.
1381 3144 1520 3210 Secreta
1542 3146 1605 3208 eeti
1630 3144 1771 3228 prodidit

658 3246 721 3322 Qui
743 3269 852 3312 mersa
876 3257 975 3335 ponto
1000 3248 1164 3326 sublevas,
1382 3248 1489 3313 Testis
1512 3246 1674 3312 verendus
1698 3249 1811 3312 intimi.

658 3349 721 3425 Qui
745 3351 920 3436 subiugata
944 3351 1091 3430 sarcinis,
1384 3351 1437 3416 sie
1460 3370 1519 3415 nos
1543 3363 1807 3436 precamur‚'rex
1830 3351 1922 3432 deus,

706 3522 769 3597 Qui
792 3522 859 3586 dux
882 3521 1063 3608 prophetae
1086 3524 1246 3608 naufragi,
1301 3539 1324 3576 2⁵
1430 3524 1580 3589 Maerore
1603 3524 1724 3588 fractos
1747 3531 1782 3588 ut
1805 3525 1913 3590 cibum

659 3626 746 3690 Dum
769 3627 848 3690 virit
871 3647 947 3690 esca
968 3626 1098 3704 beluae,
1382 3626 1434 3692 De
1458 3633 1571 3692 ventre
1595 3649 1744 3692 curarum
1769 3649 1859 3712 rape.

658 3730 745 3794 Dum
768 3729 874 3792 ncsoit
897 3750 1020 3815 aequor
1042 3729 1127 3815 quod
1152 3736 1251 3809 tenet,
1352 3729 1358 3744 ⁸
1383 3729 1476 3793 Vivit
1498 3731 1650 3796 medullis
1675 3729 1760 3815 quod
1784 3738 1889 3812 necat,

659 3831 780 3896 Tutum
803 3831 906 3896 serino
930 3853 948 3897 e
972 3840 1104 3917 gutture
1382 3831 1571 3898 Turbantur
1593 3833 1660 3896 alta
1682 3834 1854 3898 viseerum.

708 4005 853 4070 Exactor
875 4006 1040 4092 abrumpis
1064 4007 1180 4071 eibum.
1431 4007 1469 4071 In
1493 4007 1583 4070 fonte
1607 4006 1714 4070 carnis
1737 4006 1834 4070 ardor
1857 4013 1919 4086 est,

659 4108 740 4173 Diro
764 4109 916 4174 reduetus
940 4110 1075 4195 remige,
1301 4125 1326 4160 ³⁰
1380 4109 1443 4184 Qui
1466 4109 1585 4194 mergit
1607 4109 1673 4174 urit
1695 4108 1814 4174 adficit.

579 4227 603 4264 1⁵
662 4211 807 4277 Custode
832 4213 941 4277 salvus
964 4214 1117 4298 pessimo,
1383 4212 1449 4278 Sed
1473 4214 1500 4276 si
1524 4233 1659 4277 serenus
1682 4213 1814 4298 aspicis,

659 4313 755 4381 Vatis
777 4317 903 4380 locutus
926 4321 959 4381 te
982 4315 1079 4380 deum
1382 4311 1541 4381 Pressura
1564 4316 1669 4402 gignit
1691 4315 1856 4401 gaudium.

554 4611 579 4643 r.
598 4591 633 4644 20
650 4593 717 4644 adsit
733 4600 759 4644 te
771 4591 817 4642 13⁶⁴
898 4601 988 4644 custus
1000 4593 1025 4642 Β
1106 4612 1169 4645 vcra
1187 4599 1291 4646 21-28
1308 4613 1356 4646 om.
1370 4594 1504 4646 Rossbach
1626 4611 1650 4644 v.
1669 4591 1704 4643 28
1727 4611 1794 4646 none
1812 4594 1836 4658 (e
1855 4595 1883 4645 ia
1895 4590 1944 4658 tie.)
1963 4603 2076 4646 necatur
2089 4593 2116 4644 Β

451 4699 476 4731 v.
496 4679 531 4732 32
550 4697 617 4747 quae
633 4680 692 4732 luce
705 4681 728 4742 b,
746 4681 880 4746 quiaeluoe
893 4681 918 4730 B
988 4682 1083 4748 perpeti
1099 4679 1103 4744 Ι
1121 4721 1125 4731 .
1139 4681 1214 4732 finit.
1228 4682 1342 4734 feliciter.
1356 4681 1381 4732 B
1562 4677 1563 4686 ’

555 4780 713 4849 [CCCXLII]
749 4785 861 4851 hymnus
881 4785 909 4848 (h
928 4783 1013 4845 aar.)
1034 4822 1059 4832 ..
1079 4783 1181 4835 tristitia
1200 4781 1245 4848 (tia
1261 4783 1290 4834 io
1307 4782 1354 4849 lit.)
1374 4785 1458 4836 dietus
1475 4802 1490 4834 a
1508 4785 1600 4834 domno
1618 4783 1765 4835 ennodioB
1859 4800 1884 4832 r.
1903 4779 1921 4832 4
1939 4784 2055 4850 turpidis
2067 4785 2117 4836 Ra

449 4888 473 4922 v.
492 4869 509 4922 5
527 4875 611 4921 venat
629 4869 806 4932 recidebam
828 4878 855 4920 at
873 4871 906 4936 cf.
920 4888 949 4934 p.
964 4872 999 4918 28
1016 4886 1038 4918 a.
1051 4872 1084 4920 38
1206 4886 1231 4920 v.
1251 4867 1284 4920 10
1302 4871 1375 4922 uiuet
1399 4869 1455 4934 (uet
1471 4870 1499 4920 io
1511 4870 1557 4931 lit.)
1571 4869 1597 4919 Β
1716 4887 1741 4918 v.
1763 4866 1795 4919 12
1811 4876 1895 4921 totum
1907 4868 1941 4932 B,
1964 4885 2014 4920 em.
2030 4870 2116 4922 sinn.

449 4957 546 5008 terinos
570 4963 675 5022 gutture
691 4955 716 5006 B
722 4993 731 5020 ‚
756 4957 836 5008 terina
858 4973 883 5022 g.
900 4956 929 5019 b,
955 4955 1036 5006 ferino
1056 4971 1082 5019 g.
1101 4954 1179 5007 Sim.
1319 4973 1342 5006 v.
1364 4954 1396 5006 13
1418 4957 1550 5023 abrumpis
1573 4957 1659 5008 cibum
1676 4955 1784 5018 uarat,
1813 4955 1938 5021 abrumpe
1958 4956 2067 5022 spibum
2082 4956 2117 5020 Β,

449 5044 574 5110 abrumpe
596 5044 683 5095 cibum
708 5059 777 5094 man.
795 5060 845 5095 rac.
864 5041 930 5092 inB
1054 5060 1078 5091 v.
1099 5040 1131 5091 15
1157 5042 1244 5093 saluos
1257 5041 1290 5105 13,
1311 5059 1358 5094 em.
1372 5041 1449 5093 Sirra.
1571 5060 1595 5093 v.
1617 5039 1649 5092 16
1671 5049 1744 5093 vates
1760 5041 1819 5092 edit.
1941 5059 1966 5092 v.
1989 5039 2024 5093 18
2047 5051 2118 5094 totam

449 5147 536 5181 uersus
557 5129 585 5180 io
607 5129 701 5189 tituru3
728 5130 839 5181 sobriam
861 5145 930 5178 mon.
952 5145 1001 5178 rec.
1020 5128 1085 5179 iaB
1102 5136 1125 5179 et
1140 5130 1164 5191 b,
1187 5129 1289 5180 obuiam
1313 5127 1415 5194 (rectius
1437 5127 1555 5194 obuium)
1573 5129 1688 5180 Haereat·
1826 5145 1850 5178 v.
1871 5125 1905 5178 19
1927 5126 2016 5194 terris]
2039 5132 2118 5181 tetris

451 5216 548 5268 Hartel
616 5216 743 5267 rrixerath
848 5233 871 5266 v.
885 5213 917 5266 21
937 5233 1014 5267 ornae
1026 5213 1060 5278 B,
1082 5215 1195 5278 emeth,
1218 5215 1315 5265 emend.
1329 5215 1424 5266 Hartcl
1528 5233 1552 5266 v.
1566 5213 1599 5266 23
1618 5215 1782 5266 uerendosB
1887 5231 1912 5264 v.
1927 5212 1962 5266 25
1981 5218 2070 5268 faetus
2083 5217 2119 5279 B,

450 5304 531 5354 faetor
547 5303 571 5366 b,
594 5305 687 5354 fractos
703 5301 790 5353 Sciron
807 5311 830 5353 et
848 5301 925 5353 Sirra
1058 5318 1082 5351 v.
1101 5299 1136 5351 30
1157 5300 1290 5354 adficetB
1421 5319 1443 5352 v.
1464 5299 1493 5352 31
1520 5303 1619 5369 aspices
1635 5301 1660 5351 B
1790 5319 1815 5352 v.
1834 5298 1869 5352 32
1893 5317 2004 5368 presure
2021 5303 2119 5372 gignet

450 5390 573 5458 gaudium
589 5387 593 5454 Ι
608 5389 672 5440 finit.
691 5388 836 5444 feliciterB
