4508 6526
443 393 578 453 ontxvl
596 398 700 467 (brev.
718 399 772 468 28),
791 399 940 456 CDLXVII
959 399 1061 467 (mov.
1080 397 1135 468 23),
1153 401 1316 458 ennxvnl
1335 402 1458 472 (EPIST.
1476 402 1501 468 9,
1519 402 1573 474 35).
1774 408 1836 471 325

182 571 303 637 dictam
333 574 397 637 mei
420 573 473 637 vis
502 593 567 659 qua
596 573 738 658 deseror,
769 573 907 642 habebit
933 569 1071 663 pelagus
1099 577 1132 642 in
1155 575 1265 642 furore
1287 577 1452 645 iudicium.
1497 597 1612 644 raucos
1642 581 1836 646 tumentium

182 677 398 762 procellarum
431 683 542 741 aestus
573 677 760 744 exaudiam.
805 680 938 745 vocabis
970 683 1055 744 inter
1086 682 1232 767 periculo
1263 681 1401 746 Didonis
1431 701 1563 762 nornen,
1602 701 1685 768 ques
1715 691 1748 748 et
1776 681 1837 762 fuit

182 785 296 866 portus
329 787 362 844 et
390 781 553 867 praebuit.
601 787 657 845 sut
686 789 789 864 certe,
821 784 909 869 quod
939 785 1056 865 timeo,
1087 806 1129 849 ne
1158 785 1235 850 dum
1264 784 1410 850 vindicor
1435 805 1488 851 me
1515 787 1646 852 vivente
1676 789 1836 868 moriaris,

183 891 337 948 eventum
362 885 528 969 expetitae
553 884 770 971 navigationis
793 895 869 973 post
891 908 1023 952 usuram
1047 889 1128 953 lucis
1144 909 1333 974 agnoscam.
1370 888 1444 954 vide
1462 891 1642 955 sceleribus
1659 890 1835 955 indebitam

118 1012 128 1048 n
181 987 384 1052 mercedem:
409 989 516 1074 perire
540 989 697 1054 innocens
720 996 796 1055 ante
820 991 915 1077 cupio
940 1011 1036 1077 quern
1060 999 1253 1058 merentem.

565 1109 677 1176 Durus
701 1118 735 1176 et
757 1111 935 1178 indomitus
949 1113 1091 1180 Veneris
1113 1135 1148 1180 se
1173 1115 1298 1180 semine
1323 1122 1448 1181 eretum

566 1213 674 1278 Iactat
697 1221 730 1279 et
753 1215 908 1281 abiurans
932 1217 1108 1283 conlaudat
1131 1224 1306 1284 stemmata
1328 1218 1434 1285 divae.

566 1316 677 1382 Edidit
700 1338 779 1402 ergo
793 1319 908 1385 Venus
932 1322 1113 1406 fugientem
1137 1343 1255 1387 nomen
1279 1325 1408 1404 amoris,

565 1424 712 1489 Pectoris
737 1430 771 1490 et
794 1424 899 1490 rabidi
922 1426 1006 1490 fudit
1030 1427 1204 1491 clementia
1226 1427 1328 1490 virus!

809 1717 1003 1787 cnnxvn
1027 1719 1122 1804 (osor.
1137 1719 1205 1806 23).

306 1856 503 1970 Postquam,
535 1884 677 1964 iudices,
707 1883 878 1949 abdicatus
908 1885 996 1950 filius
1019 1886 1051 1949 in
1076 1886 1153 1950 iusti
1178 1885 1406 1950 executionem
1429 1877 1551 1950 doloris
1574 1886 1675 1973 patris
1703 1885 1863 1967 factumi

178 1990 291 2054 matris
324 2010 520 2053 eonsensum
549 1988 660 2074 gladio
690 1988 882 2066 vindicavit,
911 1990 1044 2054 turbare
1072 2011 1107 2055 se
1137 1990 1291 2054 aestimat
1321 1989 1541 2054 innocentiam
1572 1991 1775 2076 cognitorum
1804 1998 1837 2055 et

178 2093 302 2178 aliquid
326 2093 366 2157 de
389 2092 556 2157 manifesti
579 2092 731 2157 facinoris
756 2092 963 2158 absolutione
988 2093 1170 2179 subripere.
1216 2095 1380 2158 nescimus
1403 2114 1485 2178 quae
1509 2095 1541 2157 in
1571 2093 1761 2158 defensione
1786 2094 1836 2158 sui

178 2198 280 2261 verba
311 2195 583 2262 commendaticia
612 2197 794 2261 sceleratus
823 2197 984 2278 inveniat,
1016 2197 1066 2278 ad,
1088 2198 1179 2262 cuius
1209 2219 1269 2261 nos
1298 2198 1555 2262 confutationem
1579 2199 1695 2262 vulnus
1725 2204 1836 2264 osten-

178 2298 296 2364 dimus.
331 2301 417 2363 malo
440 2301 707 2384 perseverantiae
730 2299 878 2386 perditus
901 2301 997 2380 iilius,
1022 2309 1198 2386 postquem
1214 2301 1343 2364 necavit
1357 2307 1496 2386 patrem,
1520 2301 1705 2386 opinionem
1722 2301 1868 2365 matrisl

115 2425 125 2458 r.
180 2402 347 2468 contendit
370 2403 576 2488 extinguere.
615 2401 729 2469 dolens
754 2403 840 2488 quod
865 2405 1030 2468 evasimus
1053 2405 1242 2490 pugionem,
1266 2405 1332 2468 telo
1356 2405 1475 2469 lamam
1493 2405 1684 2490 insequitur,
1709 2404 1761 2468 cui
1777 2425 1836 2491 pro

178 2530 277 2574 sexus
300 2507 499 2572 verecundia
521 2508 596 2592 plus
619 2507 781 2573 timemus.
827 2529 887 2573 nos
910 2514 1041 2593 ruptum
1062 2508 1234 2593 parietem,
1258 2529 1319 2572 nos
1343 2509 1496 2573 scelerati
1519 2508 1582 2573 iter
1606 2508 1829 2573 ostendimus:

179 2612 234 2676 ille
259 2617 370 2675 eontra
395 2632 463 2676 rem
488 2611 590 2675 verba
613 2611 768 2695 conponit
791 2619 834 2692 et,
859 2633 899 2676 ne
923 2610 1008 2696 quod
1032 2612 1126 2676 nobis
1150 2611 1250 2676 fidum
1273 2611 1425 2677 videatur
1447 2612 1615 2677 exstitisse
1641 2612 1833 2692 subsidium,

178 2716 218 2779 ad
243 2717 439 2780 sententiam
464 2736 557 2779 suam
580 2715 681 2778 traxit
706 2716 877 2801 parvulum
905 2725 1068 2796 nostrum,
1100 2737 1197 2802 quem
1220 2715 1285 2779 fuci
1310 2716 1456 2779 nescium
1480 2714 1641 2780 fabricata
1663 2715 1835 2780 verborum

179 2826 248 2883 arte
273 2820 447 2898 subvertit,
480 2819 607 2883 iaciens
632 2825 665 2882 et
688 2818 780 2882 illum
804 2821 929 2904 perire,
959 2822 1013 2904 qui
1038 2820 1216 2906 putabatur
1239 2841 1313 2884 esse
1337 2818 1496 2884 residuus.
1542 2819 1618 2904 quid
1646 2820 1866 2907 praestigiis3

140 2961 143 2964 -
179 2923 299 2987 nudam
335 2922 504 2988 desideras
533 2924 644 2987 velare
681 2922 859 2986 iustitiam?
910 2945 970 2989 nec
1005 2924 1137 2988 odiosus
1167 2944 1302 3010 parcere
1331 2924 1437 3008 potuit
1465 2945 1526 2988 nee
1556 2944 1652 3009 quem
1686 2924 1833 2988 mentiris

178 3047 305 3091 amasse
337 3033 520 3112 percutere,
566 3026 723 3112 numquid
754 3027 956 3110 argumentis
984 3049 1064 3112 opus
1094 3035 1158 3106 est,
1192 3026 1248 3091 ubi
1279 3025 1400 3090 factum
1431 3047 1524 3089 suum
1553 3027 1674 3090 veritas
1703 3021 1834 3112 propria

178 3153 260 3194 voce
284 3136 442 3194 testatur?
488 3130 661 3216 perdidisti
684 3151 776 3216 spem
800 3129 1014 3210 defensionis,
1038 3151 1111 3194 cum
1135 3131 1312 3214 genetricis
1335 3130 1422 3194 ferro
1445 3129 1593 3194 membra
1615 3128 1832 3193 describeres.

177 3235 220 3299 sit
243 3235 321 3298 licet
344 3242 537 3320 procurator
560 3233 721 3314 formosus
745 3239 779 3298 et
802 3233 933 3312 nitidus,
958 3253 1017 3296 nos
1040 3231 1082 3295 ad
1105 3232 1188 3298 haec
1211 3231 1414 3318 inspicienda
1434 3232 1546 3296 oculos
1569 3252 1634 3296 non
1664 3230 1832 3296 habemus.

764 3523 980 3593 cnnxvnl
1003 3526 1113 3612 (sever.
1131 3530 1161 3608 9,
1180 3526 1246 3613 35).
1305 3567 1309 3578 ·

743 3704 981 3780 ENNODIVS
1008 3704 1268 3779 MESSALAE.

297 3832 424 3929 Solent
455 3865 659 3951 inauspicato
689 3864 845 3930 felicitate
870 3865 1087 3950 superbarum
1110 3863 1268 3929 mentium
1292 3863 1378 3928 eolla
1399 3862 1593 3927 mollescere
1616 3867 1648 3925 et
1669 3860 1861 3946 rigidioris1

176 3969 335 4054 propositi
359 3991 444 4034 novo
468 3970 588 4055 gaudio
613 3971 789 4056 supercilia
811 3970 999 4055 temperari.
1045 3989 1121 4033 uam
1144 3968 1383 4053 benignitatem
1409 3967 1551 4032 seminat
1573 3964 1726 4052 quicquid
1749 3965 1833 4029 votis

175 4071 377 4156 obsequitur,
400 4095 462 4138 nec
485 4075 558 4159 plus
581 4073 701 4158 aliquid
726 4073 876 4137 humiliat
898 4074 1086 4159 potissimos
1110 4093 1205 4158 quam
1228 4077 1339 4157 optata
1363 4070 1556 4136 sublimitas.
1593 4069 1725 4134 indictio
1743 4089 1831 4133 com·

174 4175 339 4239 munionis
364 4185 397 4240 et
421 4177 571 4262 obsequii
594 4183 645 4241 cst
668 4177 708 4242 ad
733 4179 860 4264 apicem
885 4178 1088 4264 pervenisse.
1128 4184 1164 4240 tu
1187 4182 1361 4262 postquem
1386 4174 1426 4238 ad
1450 4175 1561 4260 cupita
1584 4179 1759 4258 provectus
1784 4191 1864 4252 es,2

176 4279 325 4363 ignorato
350 4279 510 4345 hactenus
534 4288 662 4346 tumore
685 4302 738 4346 me
762 4281 921 4366 despicis;
952 4281 1086 4366 etquid
1110 4281 1143 4344 in
1167 4280 1265 4344 melle
1287 4287 1344 4343 tuo
1368 4279 1525 4366 respicias
1548 4278 1676 4360 oblitus,
1698 4277 1740 4341 de
1764 4277 1832 4340 sola

178 4384 300 4448 amicos
330 4391 461 4448 veteres
489 4385 621 4450 futurae
650 4386 761 4449 uxoris
790 4385 959 4471 opulentia
987 4385 1183 4466 contemnis,
1218 4383 1371 4448 nesciens
1402 4384 1562 4447 sarcinam
1584 4382 1713 4458 venire,
1745 4379 1831 4444 unde

175 4488 331 4551 aestimas
363 4509 548 4553 commeare
580 4509 649 4552 rem
677 4489 833 4574 praemii,
863 4489 1003 4574 primum
1028 4486 1114 4573 quod
1137 4486 1292 4552 mobilem
1316 4507 1390 4552 esse
1415 4508 1480 4551 non
1502 4487 1600 4551 decet
1623 4485 1675 4571 qui
1699 4485 1832 4568 originis

280 4748 446 4802 lraucusB
537 4749 695 4818 3prsebuet
708 4751 733 4802 B
792 4750 950 4804 morisresB
1041 4749 1279 4818 4uaugstionisB
1335 4767 1475 4818 agnoscam
1493 4749 1538 4799 Β1
1635 4745 1799 4798 lcollaudat
1814 4744 1838 4793 V

281 4851 444 4921 [CDLXVII]
473 4857 504 4906 ln
516 4855 664 4908 abdicatum
676 4858 721 4924 qui
734 4865 806 4925 patre
818 4865 911 4909 necato
923 4857 997 4908 matri
1010 4873 1113 4922 quoquc
1126 4857 1295 4908 insidiabatur
1307 4856 1384 4906 inser.
1398 4854 1476 4906 Siras.
1566 4851 1801 4904 lOexseoutionem
1815 4849 1839 4898 l'

175 4937 208 4989 13
226 4942 431 4992 commentaticiis
447 4940 545 5005 VLCP,
564 4944 742 4994 commenticia
759 4943 932 5010 Trectcsort.
1035 4942 1066 4993 14
1085 4941 1193 5010 patrem]
1212 4950 1317 4993 matrem
1330 4942 1355 4992 B
1418 4938 1580 5008 opinionis,‘',=',l
1592 4939 1617 4989 B
1717 4935 1749 4988 15
1767 4939 1834 4987 fama

174 5026 242 5089 libri,
259 5043 304 5078 em.
323 5025 362 5076 Τ2
379 5035 402 5078 et
421 5026 499 5078 Sirm.
587 5025 641 5095 eui]
664 5046 723 5082 cunr
735 5028 760 5079 B
883 5029 916 5081 16
938 5032 1059 5098 parietem
1077 5031 1177 5096 sermm,
1202 5031 1348 5097 patriaetem
1362 5029 1395 5092 B,
1417 5029 1482 5096 patri
1501 5029 1584 5090 ceteri,
1606 5027 1651 5078 ssd
1672 5027 1833 5091 oliqrssamm

173 5112 250 5176 spatii
261 5113 307 5163 rel.
325 5112 350 5161 V
409 5121 511 5180 ruptam
529 5116 595 5182 patri
615 5116 743 5168 ceruicem
755 5115 853 5168 Hartel
952 5115 984 5167 17
1002 5135 1055 5168 rem
1068 5116 1101 5181 Β,
1119 5135 1167 5168 ons.
1180 5118 1263 5179 ceteri,
1280 5117 1326 5167 ssd
1342 5117 1434 5167 iterum
1451 5115 1533 5180 matio
1551 5114 1638 5164 relicto
1650 5113 1678 5163 ia
1694 5112 1716 5162 V
1774 5128 1833 5163 eon·

173 5198 246 5263 ponit
262 5207 289 5250 et
301 5198 334 5262 B,
356 5217 408 5250 non
426 5201 523 5266 penitet
540 5203 615 5252 ceteri
703 5204 818 5254 extitisse
835 5203 858 5250 l'
977 5203 1009 5254 18
1027 5205 1162 5271 peruolurn
1175 5204 1201 5254 Β
1323 5201 1355 5253 19
1372 5204 1464 5254 faeiem
1477 5201 1501 5252 Β
1621 5197 1656 5250 20
1673 5199 1797 5252 resideres
1809 5198 1835 5249 B

173 5285 294 5336 mentires
307 5283 332 5335 B
436 5285 469 5336 21
488 5289 621 5354 arguentis
633 5287 658 5338 Β
727 5291 825 5341 ueritas
842 5291 945 5357 propria
957 5290 968 5354 11
981 5307 1045 5342 uoce
1057 5290 1091 5355 B,
1114 5292 1216 5358 propria
1234 5306 1298 5342 uoce
1317 5290 1413 5341 uerius
1431 5289 1505 5340 setosi
1609 5284 1643 5336 22
1662 5285 1797 5352 perdedisti
1810 5284 1836 5335 B

173 5371 318 5422 discribaris
331 5371 364 5435 B,
383 5374 533 5426 discriberes
550 5373 625 5424 VLT
725 5373 759 5425 23
777 5376 810 5426 sit
827 5376 927 5441 scripsi,
944 5377 988 5428 sed
1007 5377 1066 5427 libri

280 5473 458 5544 [CDLXVlll]
494 5477 529 5529 25
547 5481 690 5532 molliscere
703 5480 728 5530 B
810 5482 944 5549 regidioris
962 5481 991 5548 (g
1009 5499 1040 5533 es:
1058 5484 1084 5545 d)
1098 5482 1123 5533 B
1239 5479 1272 5532 27
1292 5483 1378 5534 obtata
1390 5482 1423 5545 B,
1441 5481 1526 5533 oblata
1543 5479 1607 5530 aoai.
1620 5477 1717 5529 Hartsl
1796 5477 1834 5527 iu·

172 5560 249 5612 dictio
262 5563 363 5628 scripsi,
381 5564 470 5615 indicti
486 5565 742 5618 innostescere
760 5568 895 5633 dispicitur
906 5569 934 5618 irs
944 5567 977 5630 B,
995 5585 1150 5634 mramqrsam
1164 5570 1265 5635 popina
1283 5569 1375 5619 rsltima
1392 5568 1482 5634 ampla
1501 5567 1558 5618 lade
1569 5567 1651 5632 sassa
1661 5563 1833 5630 foedatam,

172 5647 295 5699 iudicium
313 5649 380 5712 CPb,
402 5652 523 5703 indicium
543 5653 622 5704 Sirra.
736 5652 770 5704 29
793 5664 891 5707 tumere
909 5655 954 5705 Vt
1031 5656 1136 5722 dispicis
1150 5655 1175 5707 B
1288 5655 1323 5706 30
1344 5657 1438 5708 amicos
1451 5654 1500 5720 Bb,
1523 5655 1606 5706 amics
1622 5652 1697 5704 ceteri
1774 5669 1832 5702 cou-

172 5737 283 5803 tempnis
300 5737 324 5785 V
422 5737 454 5789 31
474 5740 586 5808 origenis
598 5740 623 5790 Β
