4566 6532
836 395 951 452 OCCXX
971 397 1074 466 (DICT.
1096 400 1147 468 12).
1758 409 1821 471 239

167 567 366 647 satisfacias,
389 568 482 653 quasi
505 568 654 654 Aegeum
678 569 828 656 pelagus,
856 576 893 634 ut
915 569 1084 655 Pegaseus
1108 593 1229 659 gurges
1252 574 1411 640 inlabere.
1457 581 1533 642 ante
1557 577 1668 642 oculos
1691 585 1821 643 vestros
1857 581 1876 642 5

166 677 242 735 sunt
271 692 397 736 morum
420 678 604 766 nostrorum
628 673 765 740 sibene
790 676 943 761 exempla
966 677 1126 742 retinetis.
1154 677 1287 742 salvae
1311 683 1387 742 sunt
1410 699 1633 765 quascumque
1657 679 1697 745 de
1722 701 1825 746 ceusu

167 780 277 840 vestro
306 773 348 839 ad
380 795 512 838 usuram
540 795 687 859 gemmas
716 775 936 844 admovemus.
983 800 1060 844 cece
1090 781 1245 844 verticem
1276 801 1383 846 meum
1413 802 1588 847 coruscans
1618 783 1691 848 luce
1715 791 1827 849 vestra

167 875 318 942 diadema
345 877 498 942 nobilitat
528 885 562 943 et
583 879 803 964 pretiosorum
826 879 972 966 lapidum
995 881 1123 967 fulgore
1147 883 1273 950 variato
1298 884 1416 948 erescit
1440 905 1481 948 cx
1504 885 1617 969 genic,
1647 884 1724 950 dum
1748 909 1823 952 con-

167 987 320 1067 petenter
342 981 534 1048 ostenditur.
580 982 715 1048 avobis
744 983 887 1048 radicem
915 991 1047 1050 sumunt
1072 985 1224 1051 instituta
1253 986 1452 1072 sapientiae,
1484 1008 1544 1073 per
1566 1010 1625 1053 vos
1652 989 1827 1055 informata

166 1085 390 1171 proferuntur,
430 1086 540 1150 nullus
571 1086 642 1152 sine
672 1087 767 1153 vobis
797 1087 924 1172 pectori
953 1107 1050 1175 sapor
1082 1093 1133 1154 est
1161 1109 1222 1156 nec
1253 1089 1388 1155 libertas
1419 1091 1558 1176 eloquio.
1603 1112 1661 1156 vos
1692 1093 1826 1178 ingenui
1860 1098 1880 1159 6

167 1189 390 1254 testimonium
419 1190 602 1276 sanguinis,
633 1209 691 1255 vos
713 1191 853 1256 materia
877 1190 1024 1278 pudoris,
1058 1213 1199 1280 parvos
1222 1193 1308 1277 quod
1332 1194 1415 1259 bene
1439 1214 1495 1258 cor
1518 1193 1692 1261 dictaverit
1714 1196 1827 1282 lingua

166 1291 379 1378 proloquitur.
426 1293 467 1358 ad
496 1293 756 1380 investigandam
784 1294 848 1360 iter
876 1295 1033 1360 iustitiam
1063 1316 1121 1360 vos
1149 1296 1329 1382 praebetis,
1359 1296 1436 1361 dum
1466 1316 1658 1384 oppressum
1686 1298 1826 1363 dumetis

168 1394 301 1474 callem,
336 1417 400 1482 quo
432 1405 633 1484 expetuntur
665 1419 821 1485 superna,
858 1401 1032 1486 purgastis.
1079 1422 1137 1465 vos
1172 1403 1333 1467 triticeam
1371 1401 1412 1467 de
1446 1402 1532 1467 loliis
1569 1407 1734 1488 segetem,
1768 1422 1827 1468 vos

169 1498 326 1565 fecundas
359 1500 400 1567 de
435 1501 609 1568 sterilitate
640 1503 847 1588 ingeniorum
878 1504 993 1590 glebas
1030 1505 1161 1570 allicitis
1193 1511 1226 1569 et
1260 1505 1412 1591 gravidas
1444 1505 1564 1570 aristas
1598 1503 1639 1570 ad
1671 1505 1827 1572 scientiae

169 1601 302 1684 horrea,
342 1625 384 1671 ne
418 1605 521 1670 fames
555 1606 714 1672 infantiae
748 1608 853 1693 possit
885 1610 1092 1696 praevalere,
1133 1609 1281 1695 portatis.
1336 1608 1477 1674 mundae
1511 1610 1651 1674 nitorem
1685 1609 1828 1676 lamiliae
1863 1611 1881 1672 7

170 1707 331 1772 servando
356 1710 532 1775 obscenam
556 1712 743 1798 prosapiem
767 1713 945 1798 peregrina
966 1713 1040 1777 luco
1064 1711 1271 1798 perfunditis.
1311 1710 1372 1776 deo
1396 1713 1546 1798 proxima
1569 1732 1622 1778 res
1645 1717 1697 1778 est
1718 1718 1830 1778 vestro

170 1810 276 1876 inlusa
304 1812 481 1895 beneficio,
513 1813 590 1879 dum
617 1836 677 1900 per
703 1837 817 1880 cursus
841 1811 1098 1882 elucubrationis
1121 1817 1277 1896 traditae,
1306 1837 1348 1881 ne
1371 1817 1487 1903 optimi
1510 1815 1714 1901 degenerent
1737 1821 1771 1881 et
1792 1823 1829 1881 ut

170 1914 247 1979 mali
271 1913 484 2001 degenerent,
508 1919 600 1984 salva
624 1925 834 1984 stemmatum
850 1921 989 1985 veritate
1006 1925 1200 2006 praestatur.
1232 1913 1299 2006 sper
1315 1940 1373 1984 vos
1390 1919 1432 1984 de
1456 1919 1666 1984 innocentum
1691 1919 1829 1992 actibus,

107 2075 112 2088 ,
170 2038 254 2104 quae
277 2018 318 2083 ad
341 2019 589 2086 instructionem
613 2024 820 2108 sequentium
844 2025 1067 2110 pertinebant,
1097 2030 1192 2109 gesta
1215 2044 1279 2088 non
1302 2028 1460 2110 percunt3
1488 2023 1607 2088 vestris
1632 2024 1665 2088 in
1687 2023 1839 2114 medium¹

170 2123 294 2187 catenis
323 2130 489 2190 transacta
518 2125 718 2192 reducuntur
748 2135 782 2191 et
809 2129 939 2214 sepulta
968 2128 1182 2193 reviviscunt:
1218 2149 1274 2192 vos
1302 2128 1519 2192 instrumenta
1546 2127 1739 2206 memoriae,
1772 2143 1830 2192 voe

170 2248 270 2291 causa
295 2227 440 2314 pietatis.
487 2230 604 2294 vestris
627 2230 813 2296 vomeribus
846 2230 978 2295 humani
1006 2232 1150 2317 pectoris
1182 2231 1281 2295 tellus
1312 2231 1353 2294 ad
1376 2230 1612 2296 secunditatem
1636 2237 1830 2316 praeparata
1864 2236 1884 2297 8

172 2330 381 2396 describitur:
418 2354 477 2397 vos
512 2334 680 2418 religionis
715 2341 881 2416 auctores,
914 2355 972 2397 vos
1002 2333 1111 2399 hostes
1139 2333 1320 2398 eriminum.
1368 2335 1461 2398 vobis
1490 2332 1628 2398 ducibus
1658 2354 1743 2420 quae
1772 2353 1831 2419 per

174 2455 270 2499 usum
294 2436 478 2523 subripiunt
501 2437 712 2502 dediscuntur
735 2439 870 2522 scelera,
894 2460 953 2524 per
969 2459 1049 2524 quas
1065 2439 1151 2524 bona
1167 2438 1350 2503 discuntur:
1375 2443 1431 2501 out
1446 2436 1487 2502 ad
1502 2436 1663 2503 directum
1677 2436 1827 2503 homines

173 2540 300 2624 augetis
328 2541 528 2625 propositum
557 2548 615 2606 aut
645 2543 779 2606 mutatis
803 2541 983 2628 obliquum.
1029 2547 1136 2607 vestro
1160 2544 1276 2607 exules
1299 2547 1456 2606 ornantur
1478 2541 1598 2607 indicio
1622 2549 1656 2606 et
1678 2561 1698 2605 a
1721 2539 1832 2604 mundi

173 2641 370 2708 culminibus
400 2643 564 2710 seiunctos
592 2666 651 2709 vos
682 2647 773 2709 caclo
804 2647 949 2710 sociatis.
998 2647 1101 2710 malas
1135 2647 1353 2711 conscientias
1386 2651 1442 2709 aut
1469 2646 1591 2712 intrare
1624 2643 1832 2710 contemnitis
1867 2653 1887 2714 9

173 2747 287 2811 autin
316 2747 493 2812 sacrarium
522 2748 693 2833 ingressae
722 2747 892 2815 dedicatis.
939 2749 1083 2815 lacessat
1105 2771 1124 2813 a
1148 2749 1264 2814 litteris
1287 2750 1340 2813 vel
1362 2755 1490 2814 mutare
1513 2749 1601 2834 quod
1625 2747 1758 2834 dignum
1782 2754 1834 2812 est

174 2849 226 2914 vel
250 2871 316 2914 non
339 2857 465 2917 mutare
489 2850 575 2938 quod
599 2853 744 2919 noxium.
784 2854 901 2918 vestris
925 2852 1114 2918 vulneribus
1137 2852 1228 2917 nulla
1252 2874 1311 2938 per
1334 2851 1507 2938 chalybem
1523 2853 1659 2917 vestitos
1683 2849 1835 2915 subducit

174 2953 360 3018 instructio:
385 2955 426 3020 ad
449 2956 633 3043 penetralia
657 2957 798 3037 illorum,
823 2964 857 3022 et
878 2977 959 3041 quos
979 2956 1101 3021 ferrum
1117 2955 1248 3033 texerit,
1273 2954 1462 3041 pervenitis.
1502 2956 1619 3020 vestris
1634 2953 1831 3019 umbonibus

96 3091 116 3124 ·.
175 3056 300 3122 directa
329 3059 370 3125 ab
400 3058 596 3125 adversariis
623 3061 690 3126 tela
721 3061 935 3147 repelluntur,
973 3081 1033 3124 nec
1062 3060 1196 3146 spiculis
1225 3057 1363 3145 peritiae
1391 3065 1521 3124 vestrae
1555 3058 1623 3122 ulla
1657 3059 1833 3144 clipeorum

175 3167 280 3226 crates
305 3161 489 3248 obponitur.
536 3184 593 3227 vos
615 3166 649 3228 in
671 3163 857 3228 adflictione
882 3165 1077 3228 constitutos
1101 3162 1235 3247 erigitis,
1261 3183 1317 3226 vos
1339 3163 1462 3248 positos
1485 3163 1518 3226 in
1543 3181 1714 3248 corporum
1737 3181 1833 3225 cruce
1850 3170 1898 3240 10,

173 3265 324 3331 mulcetis
354 3266 400 3330 sio
431 3266 559 3350 gaudiis
590 3273 767 3352 augmenta
795 3267 994 3344 tribuentes,
1027 3271 1061 3330 ut
1091 3265 1220 3329 modum
1244 3266 1393 3331 hilaritas
1418 3271 1451 3330 et
1474 3266 1634 3351 producta
1657 3263 1834 3330 custodiat:

174 3369 202 3433 si
224 3389 243 3431 a
266 3367 358 3433 vobis
385 3371 517 3434 veniant
548 3369 786 3452 blandimenta,
820 3370 1023 3435 dulcescunt.
1070 3391 1135 3434 uon
1166 3370 1243 3434 licet
1272 3375 1384 3434 contra
1411 3369 1584 3454 imperium
1613 3373 1759 3433 vestrum
1782 3365 1836 3429 vel

174 3471 363 3537 defunctum
387 3473 466 3538 flare
491 3494 588 3559 quem
606 3473 738 3558 diligas:
764 3495 823 3538 vos
840 3475 974 3561 nuptiis,
996 3496 1054 3540 vos
1070 3481 1168 3560 aptae
1185 3473 1363 3538 funeribus.
1405 3473 1563 3537 scientiae
1580 3471 1672 3536 istius
1689 3469 1833 3536 studium

175 3575 401 3642 diversissima
422 3579 455 3641 in
479 3578 685 3643 concordiam
709 3585 802 3644 tenet
825 3585 858 3644 et
881 3585 1052 3665 utramque
1076 3585 1202 3664 partem
1226 3577 1381 3662 amplexa
1404 3576 1597 3662 gratulatur.
1635 3575 1761 3640 utinam
1777 3595 1834 3638 vos
1851 3580 1886 3641 li

176 3679 375 3765 longioribus
405 3682 467 3766 ooli
496 3681 612 3746 liceret
641 3681 794 3746 affatibus
825 3690 859 3746 ct
888 3703 953 3746 non
976 3681 1093 3746 vestris
1121 3679 1251 3765 legibus
1281 3679 1458 3744 deberetur
1483 3679 1642 3758 brevitas,
1674 3675 1835 3764 aquibus

176 3785 272 3870 copia
295 3786 404 3850 votiva
435 3786 635 3870 suggeritur!
681 3807 739 3872 per
762 3785 944 3850 litterarum
967 3785 1092 3871 species
1117 3785 1147 3848 in
1173 3785 1305 3869 longum
1330 3785 1416 3848 itura
1439 3804 1504 3847 vox
1528 3788 1597 3846 tuta
1622 3780 1837 3846 committitur

177 3894 211 3952 et
239 3889 309 3954 sine
340 3888 554 3954 inminutione
584 3891 634 3954 sui
664 3888 825 3973 relegenti
852 3887 1017 3952 solidatur.
1062 3894 1139 3952 ante
1162 3908 1221 3952 vos
1250 3887 1365 3972 ignara
1393 3885 1517 3950 ordinis
1541 3885 1625 3950 vixit
1650 3885 1835 3949 humanitas

178 3998 212 4056 et
242 3995 403 4064 ructantia
431 3994 584 4079 glandem
614 4001 749 4080 pectora
780 3993 849 4058 sine
876 3991 982 4056 modis
1006 3993 1107 4057 verba
1129 3996 1333 4055 vomuerunt.
1380 4011 1438 4054 vos
1467 3990 1554 4055 inter
1581 3990 1678 4054 unius
1699 3993 1991 4054 naturacuvsusno.

180 4095 328 4162 homines
356 4097 542 4162 distantiam
572 4097 690 4176 facitis,
728 4096 805 4161 dum
838 4096 1035 4161 caelestibus
1070 4095 1187 4159 notitia
1215 4095 1330 4173 vestri,
1366 4092 1546 4179 pecudibus
1578 4091 1700 4156 similes
1730 4088 1837 4155 reddit

178 4203 349 4287 ignoratio.
395 4203 427 4266 in
455 4203 628 4289 propatulo
656 4208 722 4280 cst,
752 4201 857 4285 qualis
887 4207 963 4265 ante
992 4199 1075 4264 hauc
1105 4199 1233 4284 lrugcm
1262 4197 1362 4262 luerit
1388 4195 1574 4260 mortalium
1605 4196 1738 4260 deserta
1761 4214 1836 4279 pro·
1853 4195 1892 4256 12

179 4306 296 4391 sapies.
344 4327 417 4370 oum
445 4305 509 4370 illis
538 4306 641 4381 enim,
670 4304 789 4390 quibus
814 4304 984 4368 nobiscum
1008 4324 1067 4390 par
1090 4303 1249 4367 adventus
1273 4303 1305 4364 in
1329 4301 1403 4366 luce
1428 4308 1491 4376 est,
1522 4321 1582 4386 per
1604 4297 1835 4364 discretionem

181 4417 322 4474 vestram
347 4430 409 4474 non
434 4417 484 4474 ast
508 4409 656 4474 condicio
674 4430 740 4473 una
756 4408 914 4494 sapiendi.
951 4408 1071 4480 valete,
1096 4414 1288 4470 ornamenta
1303 4404 1446 4469 melioris
1464 4403 1597 4482 saeculi,
1622 4399 1837 4478 otmundum,

180 4534 277 4599 quem
301 4513 513 4594 eruderastis,
537 4534 715 4579 concessae
739 4535 759 4578 a
782 4512 844 4576 deo
867 4513 900 4576 in
923 4517 1106 4596 temporum
1128 4507 1274 4573 remedio
1298 4505 1475 4592 possidete.

285 4774 299 4826 1
317 4783 348 4827 nt
365 4791 409 4842 pes
426 4791 502 4826 asem
518 4772 646 4841 gurgisB
764 4770 781 4820 2
799 4778 943 4823 uestrorum
957 4767 1012 4821 ΒΤ
1122 4765 1140 4818 5
1157 4776 1283 4819 suumunt
1301 4766 1348 4832 (uu
1366 4768 1394 4818 in
1413 4767 1459 4831 lit.)
1473 4765 1498 4817 Β
1616 4761 1632 4814 7
1650 4765 1715 4816 bene
1731 4763 1736 4828 l
1751 4779 1795 4815 eor
1807 4763 1841 4824 Β,

180 4882 224 4916 cor
242 4865 307 4916 bene
319 4863 394 4913 ceteri
489 4859 507 4912 8
524 4862 634 4912 dumetis
649 4856 653 4925 l
669 4859 762 4911 callem
774 4858 807 4922 B,
824 4859 915 4909 callem
928 4857 1038 4909 dumetis
1052 4853 1113 4905 11¹1,
1119 4854 1143 4904 Τ
1141 4855 1164 4905 0
1257 4851 1273 4902 3
1291 4853 1406 4920 purgatis
1418 4854 1440 4903 0
1450 4861 1473 4904 at
1485 4851 1581 4902 Hartcl
1679 4849 1709 4900 ll
1729 4850 1804 4902 lamis
1816 4847 1841 4899 Β

182 4949 215 5003 12
233 4949 391 5018 perfundatis
404 4947 429 4998 Β
546 4945 579 4998 13
596 4963 689 4998 cussus
707 4943 906 4998 olocubradonis
917 4943 943 4994 B
1059 4939 1092 4992 14
1109 4947 1245 4992 stamatum
1263 4937 1286 4987 V
1400 4936 1433 4989 15
1451 4937 1613 5004 pertinebant
1631 4934 1686 5000 (ant
1703 4936 1730 4986 in
1748 4933 1795 4998 tn.)
1808 4933 1841 4997 Β,

172 5036 345 5104 pertinebunt
357 5037 424 5103 sort.
514 5031 546 5084 16
564 5035 730 5085 reuiueacuut
742 5032 768 5083 Β
861 5027 893 5082 17
911 5045 1004 5081 causae
1021 5028 1062 5078 oet
1078 5043 1157 5078 curae
1175 5026 1240 5076 cora.
1253 5023 1349 5076 Horta!
1401 5025 1549 5077 discribitur
1560 5023 1586 5075 B
1674 5020 1706 5071 18
1724 5021 1804 5072 hostis
1816 5019 1842 5072 B

184 5123 215 5173 19
233 5133 279 5174 aut
296 5121 339 5186 (au
357 5122 384 5171 in
398 5121 444 5185 tia)
457 5121 482 5171 B
577 5117 612 5171 20
628 5119 705 5186 agitis
718 5118 813 5168 Hartet
873 5123 984 5192 mugates
996 5113 1021 5164 Β
1114 5110 1147 5163 21
1166 5112 1300 5164 seiunctus
1312 5111 1338 5162 Β
1395 5111 1563 5162 contemnetis
1576 5109 1610 5172 B,
1627 5107 1808 5174 contempnitis
1821 5105 1846 5155 V

181 5207 216 5261 23
234 5208 352 5274 calybem
363 5207 396 5272 Β,
414 5207 522 5259 calibem
539 5205 563 5254 V
637 5207 747 5258 uestitus
760 5203 785 5253 Β
900 5199 934 5251 24
953 5201 1056 5253 illorum
1068 5199 1102 5262 Β,
1119 5214 1207 5250 eorum
1225 5196 1295 5248 VLC
1369 5198 1519 5249 unbonibus
1531 5195 1556 5245 B
1676 5191 1710 5243 26
1728 5193 1804 5243 eratis
1817 5190 1843 5241 B

182 5296 320 5364 opponitur
336 5293 359 5344 V
442 5293 583 5346 afflictione
598 5291 620 5340 V
699 5291 854 5342 constitutus
872 5289 975 5355 erigetis
987 5287 1013 5338 B
1141 5281 1176 5335 27
1194 5285 1330 5336 tribuentis
1345 5283 1389 5334 Β(Ι
1521 5281 1555 5334 29
1573 5279 1647 5334 istius
1666 5281 1701 5346 (st
1718 5280 1745 5331 in
1757 5277 1804 5344 lit.)
1817 5279 1843 5330 Β

182 5382 217 5435 32
235 5383 311 5449 cupio
323 5382 349 5433 B
442 5381 590 5448 suggeritur
608 5397 657 5430 om.
671 5375 720 5442 13¹,
737 5385 873 5444 superetur
886 5393 984 5442 parum
1002 5381 1122 5426 accurata
1139 5381 1162 5423 ct
1179 5371 1276 5422 maiora
1297 5388 1327 5422 aa
1341 5379 1418 5436 purte
1435 5371 1463 5422 in
1480 5387 1530 5436 mp.
1548 5367 1610 5420 aaa
1625 5364 1666 5418 13²
1759 5366 1842 5418 tutob

183 5467 217 5522 33
235 5469 359 5539 relegenti
371 5467 470 5536 scr-ipat,
487 5466 611 5535 religeute
620 5464 653 5529 Β,
670 5465 801 5534 relegente
813 5463 888 5514 ceteri
975 5458 1010 5514 35
1024 5459 1163 5530 pecodibus
1176 5457 1266 5509 similis
1275 5456 1301 5507 Β
1387 5455 1421 5508 36
1433 5457 1523 5524 quales
1532 5455 1558 5506 Β
1643 5449 1679 5506 38
1691 5453 1808 5512 meliores
1818 5452 1843 5504 Β
