<?xml version="1.0" encoding="UTF-8"?>
<!DOCTYPE html PUBLIC "-//W3C//DTD XHTML 1.0 Transitional//EN"
    "http://www.w3.org/TR/xhtml1/DTD/xhtml1-transitional.dtd">
<html xmlns="http://www.w3.org/1999/xhtml" xml:lang="en" lang="en">
 <head>
  <title>
</title>
<meta http-equiv="Content-Type" content="text/html;charset=utf-8" />
  <meta name='ocr-system' content='tesseract 3.04.00' />
  <meta name='ocr-capabilities' content='ocr_page ocr_carea ocr_par ocr_line ocrx_word'/>
</head>
<body>
  <div class='ocr_page' id='page_1' title='image "./monumentagerman06mittgoog_0018.png"; bbox 0 0 4612 6442; ppageno 0'>
   <div class='ocr_carea' id='block_1_1' title="bbox 721 387 1859 452">
    <p class='ocr_par' dir='ltr' id='par_1_1' title="bbox 721 387 1859 452">
     <span class='ocr_line' id='line_1_1' title="bbox 721 387 1859 452; baseline 0.003 -3"><span class='ocrx_word' id='word_1_1' title='bbox 721 396 741 451; x_wconf 92' lang='lat' dir='ltr'>I.</span> <span class='ocrx_word' id='word_1_2' title='bbox 770 397 816 452; x_wconf 77' lang='lat' dir='ltr'>DE</span> <span class='ocrx_word' id='word_1_3' title='bbox 834 395 922 452; x_wconf 77' lang='lat' dir='ltr'>Vl&#39;l&#39;h</span> <span class='ocrx_word' id='word_1_4' title='bbox 943 395 1340 452; x_wconf 71' lang='grc'><strong>111111111111111011.</strong></span> <span class='ocrx_word' id='word_1_5' title='bbox 1822 387 1859 452; x_wconf 78' lang='grc'>111</span> 
     </span>
    </p>
   </div>
   <div class='ocr_carea' id='block_1_2' title="bbox 203 567 2014 5450">
    <p class='ocr_par' dir='ltr' id='par_1_2' title="bbox 203 567 2014 2198">
     <span class='ocr_line' id='line_1_2' title="bbox 307 567 2014 658; baseline -0.001 -27"><span class='ocrx_word' id='word_1_6' title='bbox 307 567 472 633; x_wconf 81' lang='lat' dir='ltr'>Ennodins</span> <span class='ocrx_word' id='word_1_7' title='bbox 503 591 572 632; x_wconf 83' lang='lat' dir='ltr'>cunr</span> <span class='ocrx_word' id='word_1_8' title='bbox 601 579 672 634; x_wconf 89' lang='lat' dir='ltr'>ante</span> <span class='ocrx_word' id='word_1_9' title='bbox 699 570 1167 658; x_wconf 81' lang='grc' dir='ltr'><strong>11111149411Ε11111111111</strong></span> <span class='ocrx_word' id='word_1_10' title='bbox 1195 570 1354 636; x_wconf 76' lang='lat' dir='ltr'>&#39;licinensi</span> <span class='ocrx_word' id='word_1_11' title='bbox 1376 571 1525 658; x_wconf 89' lang='lat' dir='ltr'>episcopo</span> <span class='ocrx_word' id='word_1_12' title='bbox 1558 579 1754 635; x_wconf 84' lang='lat' dir='ltr'>consecratus</span> <span class='ocrx_word' id='word_1_13' title='bbox 1777 579 2014 650; x_wconf 62' lang='grc'><strong>1111111111-</strong></span> 
     </span>
     <span class='ocr_line' id='line_1_3' title="bbox 203 640 2008 762; baseline 0.001 -25"><span class='ocrx_word' id='word_1_14' title='bbox 203 683 235 738; x_wconf 91' lang='grc'>11</span> <span class='ocrx_word' id='word_1_15' title='bbox 256 675 417 742; x_wconf 86' lang='grc'><strong>1111495</strong></span> <span class='ocrx_word' id='word_1_16' title='bbox 441 675 611 738; x_wconf 89' lang='lat' dir='ltr'>orationem</span> <span class='ocrx_word' id='word_1_17' title='bbox 634 674 666 737; x_wconf 95' lang='lat' dir='ltr'>in</span> <span class='ocrx_word' id='word_1_18' title='bbox 689 674 1099 754; x_wconf 73' lang='grc'><strong>1111111111111111111111,</strong></span> <span class='ocrx_word' id='word_1_19' title='bbox 1122 675 1292 754; x_wconf 82' lang='lat' dir='ltr'>habuisset,</span> <span class='ocrx_word' id='word_1_20' title='bbox 1314 697 1421 740; x_wconf 88' lang='lat' dir='ltr'>omnes</span> <span class='ocrx_word' id='word_1_21' title='bbox 1443 675 1507 740; x_wconf 79' lang='lat' dir='ltr'>fere</span> <span class='ocrx_word' id='word_1_22' title='bbox 1521 675 1670 762; x_wconf 77' lang='lat' dir='ltr'>epistulas</span> <span class='ocrx_word' id='word_1_23' title='bbox 1687 652 1900 739; x_wconf 66' lang='grc' dir='ltr'>Μ111111111518</span> <span class='ocrx_word' id='word_1_24' title='bbox 1914 640 2008 682; x_wconf 71' lang='lat' dir='ltr'>aenea</span> 
     </span>
     <span class='ocr_line' id='line_1_4' title="bbox 204 769 1861 865; baseline 0.001 -23"><span class='ocrx_word' id='word_1_25' title='bbox 204 777 338 864; x_wconf 87' lang='lat' dir='ltr'>scripsit.</span> <span class='ocrx_word' id='word_1_26' title='bbox 372 787 407 841; x_wconf 93' lang='lat' dir='ltr'>ut</span> <span class='ocrx_word' id='word_1_27' title='bbox 421 778 506 842; x_wconf 91' lang='lat' dir='ltr'>enim</span> <span class='ocrx_word' id='word_1_28' title='bbox 521 776 694 842; x_wconf 79' lang='lat' dir='ltr'>Mediolani</span> <span class='ocrx_word' id='word_1_29' title='bbox 718 800 752 842; x_wconf 90' lang='lat' dir='ltr'>se</span> <span class='ocrx_word' id='word_1_30' title='bbox 766 800 834 842; x_wconf 89' lang='lat' dir='ltr'>esse</span> <span class='ocrx_word' id='word_1_31' title='bbox 855 787 959 865; x_wconf 88' lang='lat' dir='ltr'>aperte</span> <span class='ocrx_word' id='word_1_32' title='bbox 975 777 1050 842; x_wconf 90' lang='lat' dir='ltr'>dicit</span> <span class='ocrx_word' id='word_1_33' title='bbox 1071 803 1101 865; x_wconf 92' lang='lat' dir='ltr'>p.</span> <span class='ocrx_word' id='word_1_34' title='bbox 1119 781 1168 857; x_wconf 90' lang='grc'>74,</span> <span class='ocrx_word' id='word_1_35' title='bbox 1180 782 1231 846; x_wconf 88' lang='grc'>25.</span> <span class='ocrx_word' id='word_1_36' title='bbox 1254 782 1326 858; x_wconf 98' lang='grc'><strong>219,</strong></span> <span class='ocrx_word' id='word_1_37' title='bbox 1339 782 1389 845; x_wconf 93' lang='grc'>21.</span> <span class='ocrx_word' id='word_1_38' title='bbox 1412 782 1484 858; x_wconf 88' lang='grc'><strong>234,</strong></span> <span class='ocrx_word' id='word_1_39' title='bbox 1496 783 1547 848; x_wconf 89' lang='grc'><strong>25.</strong></span> <span class='ocrx_word' id='word_1_40' title='bbox 1570 781 1643 858; x_wconf 86' lang='lat'>268,</span> <span class='ocrx_word' id='word_1_41' title='bbox 1654 781 1705 844; x_wconf 87' lang='lat'>33.</span> <span class='ocrx_word' id='word_1_42' title='bbox 1727 769 1861 858; x_wconf 69' lang='grc'><strong>301120,</strong></span> 
     </span>
     <span class='ocr_line' id='line_1_5' title="bbox 206 879 1861 969; baseline 0.002 -25"><span class='ocrx_word' id='word_1_43' title='bbox 206 883 251 946; x_wconf 89' lang='lat' dir='ltr'>ita</span> <span class='ocrx_word' id='word_1_44' title='bbox 273 882 306 946; x_wconf 91' lang='grc'>11</span> <span class='ocrx_word' id='word_1_45' title='bbox 328 879 434 946; x_wconf 79' lang='grc'><strong>1111111</strong></span> <span class='ocrx_word' id='word_1_46' title='bbox 466 881 541 945; x_wconf 92' lang='lat' dir='ltr'>urbe</span> <span class='ocrx_word' id='word_1_47' title='bbox 569 881 704 967; x_wconf 88' lang='lat' dir='ltr'>reliquas</span> <span class='ocrx_word' id='word_1_48' title='bbox 737 882 888 968; x_wconf 83' lang='lat' dir='ltr'>epistulas</span> <span class='ocrx_word' id='word_1_49' title='bbox 914 883 1066 969; x_wconf 90' lang='lat' dir='ltr'>plurimas</span> <span class='ocrx_word' id='word_1_50' title='bbox 1096 882 1285 968; x_wconf 89' lang='lat' dir='ltr'>compositas</span> <span class='ocrx_word' id='word_1_51' title='bbox 1313 905 1381 947; x_wconf 79' lang='lat' dir='ltr'>esse</span> <span class='ocrx_word' id='word_1_52' title='bbox 1403 883 1593 968; x_wconf 84' lang='lat' dir='ltr'>argumentis</span> <span class='ocrx_word' id='word_1_53' title='bbox 1620 882 1691 969; x_wconf 91' lang='lat' dir='ltr'>plus</span> <span class='ocrx_word' id='word_1_54' title='bbox 1717 881 1861 946; x_wconf 88' lang='lat' dir='ltr'>minusve</span> 
     </span>
     <span class='ocr_line' id='line_1_6' title="bbox 205 977 1862 1071; baseline 0.001 -21"><span class='ocrx_word' id='word_1_55' title='bbox 205 986 296 1050; x_wconf 90' lang='lat' dir='ltr'>certis</span> <span class='ocrx_word' id='word_1_56' title='bbox 327 984 539 1050; x_wconf 84' lang='lat' dir='ltr'>demonstrare</span> <span class='ocrx_word' id='word_1_57' title='bbox 569 995 623 1050; x_wconf 90' lang='lat' dir='ltr'>aut</span> <span class='ocrx_word' id='word_1_58' title='bbox 650 987 790 1051; x_wconf 88' lang='lat' dir='ltr'>conicere</span> <span class='ocrx_word' id='word_1_59' title='bbox 817 986 898 1051; x_wconf 85' lang='lat' dir='ltr'>licet.</span> <span class='ocrx_word' id='word_1_60' title='bbox 941 987 1057 1051; x_wconf 85' lang='lat' dir='ltr'>multae</span> <span class='ocrx_word' id='word_1_61' title='bbox 1086 1009 1160 1051; x_wconf 87' lang='lat' dir='ltr'>saue</span> <span class='ocrx_word' id='word_1_62' title='bbox 1190 986 1274 1050; x_wconf 94' lang='lat' dir='ltr'>omni</span> <span class='ocrx_word' id='word_1_63' title='bbox 1307 987 1368 1050; x_wconf 89' lang='lat' dir='ltr'>loci</span> <span class='ocrx_word' id='word_1_64' title='bbox 1395 985 1609 1071; x_wconf 83' lang='lat' dir='ltr'>designatione</span> <span class='ocrx_word' id='word_1_65' title='bbox 1637 995 1755 1064; x_wconf 84' lang='lat' dir='ltr'>carent,</span> <span class='ocrx_word' id='word_1_66' title='bbox 1783 977 1862 1052; x_wconf 83' lang='lat' dir='ltr'>aliae</span> 
     </span>
     <span class='ocr_line' id='line_1_7' title="bbox 207 1089 1882 1177; baseline 0.001 -23"><span class='ocrx_word' id='word_1_67' title='bbox 207 1111 380 1176; x_wconf 88' lang='lat' dir='ltr'>perpaucae</span> <span class='ocrx_word' id='word_1_68' title='bbox 402 1112 465 1154; x_wconf 90' lang='lat' dir='ltr'>non</span> <span class='ocrx_word' id='word_1_69' title='bbox 492 1089 676 1155; x_wconf 85' lang='lat' dir='ltr'>Mediolano</span> <span class='ocrx_word' id='word_1_70' title='bbox 699 1090 790 1156; x_wconf 88' lang='lat' dir='ltr'>datae</span> <span class='ocrx_word' id='word_1_71' title='bbox 813 1089 959 1156; x_wconf 70' lang='lat' dir='ltr'>uidentur</span> <span class='ocrx_word' id='word_1_72' title='bbox 980 1113 1048 1156; x_wconf 90' lang='lat' dir='ltr'>esse</span> <span class='ocrx_word' id='word_1_73' title='bbox 1071 1092 1158 1156; x_wconf 89' lang='lat' dir='ltr'>velut</span> <span class='ocrx_word' id='word_1_74' title='bbox 1184 1089 1484 1170; x_wconf 87' lang='lat' dir='ltr'>CCLXXXVIII,</span> <span class='ocrx_word' id='word_1_75' title='bbox 1513 1113 1605 1177; x_wconf 88' lang='lat' dir='ltr'>quam</span> <span class='ocrx_word' id='word_1_76' title='bbox 1634 1090 1801 1176; x_wconf 87' lang='lat' dir='ltr'>epistulam</span> <span class='ocrx_word' id='word_1_77' title='bbox 1823 1113 1882 1155; x_wconf 52' lang='lat' dir='ltr'>ex.</span> 
     </span>
     <span class='ocr_line' id='line_1_8' title="bbox 206 1193 1863 1282; baseline 0.002 -25"><span class='ocrx_word' id='word_1_78' title='bbox 206 1193 314 1258; x_wconf 90' lang='lat' dir='ltr'>itinere</span> <span class='ocrx_word' id='word_1_79' title='bbox 337 1193 490 1258; x_wconf 86' lang='lat' dir='ltr'>Ravenna</span> <span class='ocrx_word' id='word_1_80' title='bbox 509 1194 621 1259; x_wconf 83' lang='lat' dir='ltr'>emisit.</span> <span class='ocrx_word' id='word_1_81' title='bbox 655 1218 726 1258; x_wconf 89' lang='lat' dir='ltr'>cum</span> <span class='ocrx_word' id='word_1_82' title='bbox 749 1195 845 1280; x_wconf 90' lang='lat' dir='ltr'>igitur</span> <span class='ocrx_word' id='word_1_83' title='bbox 859 1194 1024 1260; x_wconf 86' lang='lat' dir='ltr'>Ennodius</span> <span class='ocrx_word' id='word_1_84' title='bbox 1047 1196 1134 1281; x_wconf 90' lang='lat' dir='ltr'>prius</span> <span class='ocrx_word' id='word_1_85' title='bbox 1149 1195 1252 1259; x_wconf 87' lang='lat' dir='ltr'>Ticini</span> <span class='ocrx_word' id='word_1_86' title='bbox 1274 1194 1376 1273; x_wconf 90' lang='lat' dir='ltr'>fuerit,</span> <span class='ocrx_word' id='word_1_87' title='bbox 1398 1217 1466 1259; x_wconf 89' lang='lat' dir='ltr'>eam</span> <span class='ocrx_word' id='word_1_88' title='bbox 1489 1203 1593 1260; x_wconf 90' lang='lat' dir='ltr'>autem</span> <span class='ocrx_word' id='word_1_89' title='bbox 1608 1195 1719 1260; x_wconf 86' lang='lat' dir='ltr'>aetatis</span> <span class='ocrx_word' id='word_1_90' title='bbox 1734 1204 1863 1282; x_wconf 88' lang='lat' dir='ltr'>partem,</span> 
     </span>
     <span class='ocr_line' id='line_1_9' title="bbox 206 1297 1862 1385; baseline 0.001 -23"><span class='ocrx_word' id='word_1_91' title='bbox 206 1298 294 1362; x_wconf 91' lang='lat' dir='ltr'>cuius</span> <span class='ocrx_word' id='word_1_92' title='bbox 317 1307 424 1363; x_wconf 89' lang='lat' dir='ltr'>nostra</span> <span class='ocrx_word' id='word_1_93' title='bbox 446 1299 616 1384; x_wconf 91' lang='lat' dir='ltr'>plurimum</span> <span class='ocrx_word' id='word_1_94' title='bbox 631 1299 768 1378; x_wconf 86' lang='lat' dir='ltr'>interest,</span> <span class='ocrx_word' id='word_1_95' title='bbox 790 1298 964 1364; x_wconf 84' lang='lat' dir='ltr'>Mediolani</span> <span class='ocrx_word' id='word_1_96' title='bbox 979 1300 1123 1385; x_wconf 84' lang='lat' dir='ltr'>exegerit,</span> <span class='ocrx_word' id='word_1_97' title='bbox 1146 1300 1287 1385; x_wconf 87' lang='lat' dir='ltr'>quaestio</span> <span class='ocrx_word' id='word_1_98' title='bbox 1302 1299 1410 1378; x_wconf 83' lang='lat' dir='ltr'>oritur,</span> <span class='ocrx_word' id='word_1_99' title='bbox 1432 1297 1558 1384; x_wconf 90' lang='lat' dir='ltr'>quaudo</span> <span class='ocrx_word' id='word_1_100' title='bbox 1573 1299 1646 1363; x_wconf 90' lang='lat' dir='ltr'>hinc</span> <span class='ocrx_word' id='word_1_101' title='bbox 1660 1299 1735 1364; x_wconf 93' lang='lat' dir='ltr'>illuc</span> <span class='ocrx_word' id='word_1_102' title='bbox 1757 1298 1862 1364; x_wconf 90' lang='lat' dir='ltr'>sedem</span> 
     </span>
     <span class='ocr_line' id='line_1_10' title="bbox 205 1391 1863 1490; baseline -0.001 -23"><span class='ocrx_word' id='word_1_103' title='bbox 205 1402 406 1467; x_wconf 83' lang='lat' dir='ltr'>transtulerit</span> <span class='ocrx_word' id='word_1_104' title='bbox 450 1402 501 1467; x_wconf 90' lang='lat' dir='ltr'>hie</span> <span class='ocrx_word' id='word_1_105' title='bbox 529 1402 612 1467; x_wconf 89' lang='lat' dir='ltr'>ultro</span> <span class='ocrx_word' id='word_1_106' title='bbox 641 1425 675 1467; x_wconf 89' lang='lat' dir='ltr'>se</span> <span class='ocrx_word' id='word_1_107' title='bbox 697 1402 789 1468; x_wconf 83' lang='lat' dir='ltr'>offert</span> <span class='ocrx_word' id='word_1_108' title='bbox 817 1403 1008 1483; x_wconf 88' lang='lat' dir='ltr'>coniectura,</span> <span class='ocrx_word' id='word_1_109' title='bbox 1034 1403 1216 1468; x_wconf 89' lang='lat' dir='ltr'>Ennodium</span> <span class='ocrx_word' id='word_1_110' title='bbox 1245 1404 1340 1490; x_wconf 87' lang='lat' dir='ltr'>paulo</span> <span class='ocrx_word' id='word_1_111' title='bbox 1367 1412 1441 1489; x_wconf 90' lang='lat' dir='ltr'>post</span> <span class='ocrx_word' id='word_1_112' title='bbox 1468 1412 1598 1467; x_wconf 90' lang='lat' dir='ltr'>mortem</span> <span class='ocrx_word' id='word_1_113' title='bbox 1620 1402 1780 1489; x_wconf 89' lang='lat' dir='ltr'>Epiphani</span> <span class='ocrx_word' id='word_1_114' title='bbox 1803 1391 1823 1466; x_wconf 92' lang='lat' dir='ltr'>i.</span> <span class='ocrx_word' id='word_1_115' title='bbox 1837 1425 1863 1467; x_wconf 89' lang='lat' dir='ltr'>e.</span> 
     </span>
     <span class='ocr_line' id='line_1_11' title="bbox 206 1505 1863 1594; baseline 0.002 -24"><span class='ocrx_word' id='word_1_116' title='bbox 206 1508 366 1573; x_wconf 87' lang='grc'><strong>1111496</strong></span> <span class='ocrx_word' id='word_1_117' title='bbox 389 1506 502 1570; x_wconf 88' lang='lat' dir='ltr'>Ticino</span> <span class='ocrx_word' id='word_1_118' title='bbox 524 1507 674 1591; x_wconf 86' lang='lat' dir='ltr'>migrasse</span> <span class='ocrx_word' id='word_1_119' title='bbox 696 1515 727 1570; x_wconf 92' lang='lat' dir='ltr'>et</span> <span class='ocrx_word' id='word_1_120' title='bbox 748 1505 788 1570; x_wconf 92' lang='lat' dir='ltr'>ad</span> <span class='ocrx_word' id='word_1_121' title='bbox 811 1506 973 1571; x_wconf 90' lang='lat' dir='ltr'>ecclesiam</span> <span class='ocrx_word' id='word_1_122' title='bbox 988 1506 1265 1586; x_wconf 88' lang='lat' dir='ltr'>Mediolanensem,</span> <span class='ocrx_word' id='word_1_123' title='bbox 1287 1508 1376 1571; x_wconf 91' lang='lat' dir='ltr'>cuius</span> <span class='ocrx_word' id='word_1_124' title='bbox 1399 1508 1564 1594; x_wconf 87' lang='lat' dir='ltr'>episcopus</span> <span class='ocrx_word' id='word_1_125' title='bbox 1588 1516 1655 1571; x_wconf 91' lang='lat' dir='ltr'>tum</span> <span class='ocrx_word' id='word_1_126' title='bbox 1671 1509 1863 1590; x_wconf 85' lang='grc'><strong>(490-512)</strong></span> 
     </span>
     <span class='ocr_line' id='line_1_12' title="bbox 206 1607 1864 1698; baseline 0.001 -24"><span class='ocrx_word' id='word_1_127' title='bbox 206 1610 395 1674; x_wconf 86' lang='lat' dir='ltr'>Laurentius</span> <span class='ocrx_word' id='word_1_128' title='bbox 410 1610 477 1688; x_wconf 87' lang='lat' dir='ltr'>fuit,</span> <span class='ocrx_word' id='word_1_129' title='bbox 499 1607 675 1675; x_wconf 77' lang='lat' dir='ltr'>accessisse.</span> <span class='ocrx_word' id='word_1_130' title='bbox 713 1610 799 1697; x_wconf 94' lang='lat' dir='ltr'>quod</span> <span class='ocrx_word' id='word_1_131' title='bbox 814 1612 978 1676; x_wconf 88' lang='lat' dir='ltr'>eonsilium</span> <span class='ocrx_word' id='word_1_132' title='bbox 994 1620 1029 1676; x_wconf 93' lang='lat' dir='ltr'>ut</span> <span class='ocrx_word' id='word_1_133' title='bbox 1044 1622 1175 1698; x_wconf 89' lang='lat' dir='ltr'>caperet,</span> <span class='ocrx_word' id='word_1_134' title='bbox 1197 1621 1228 1676; x_wconf 89' lang='lat' dir='ltr'>et</span> <span class='ocrx_word' id='word_1_135' title='bbox 1242 1612 1391 1676; x_wconf 85' lang='lat' dir='ltr'>Laurenti</span> <span class='ocrx_word' id='word_1_136' title='bbox 1411 1613 1603 1691; x_wconf 82' lang='lat' dir='ltr'>auctoritate,</span> <span class='ocrx_word' id='word_1_137' title='bbox 1625 1635 1687 1697; x_wconf 92' lang='lat' dir='ltr'>qua</span> <span class='ocrx_word' id='word_1_138' title='bbox 1701 1613 1864 1698; x_wconf 85' lang='lat' dir='ltr'>proximus</span> 
     </span>
     <span class='ocr_line' id='line_1_13' title="bbox 208 1713 1863 1802; baseline 0.001 -22"><span class='ocrx_word' id='word_1_139' title='bbox 208 1717 247 1780; x_wconf 90' lang='lat' dir='ltr'>ab</span> <span class='ocrx_word' id='word_1_140' title='bbox 262 1716 411 1802; x_wconf 89' lang='lat' dir='ltr'>episcopo</span> <span class='ocrx_word' id='word_1_141' title='bbox 426 1714 571 1779; x_wconf 86' lang='lat' dir='ltr'>Romano</span> <span class='ocrx_word' id='word_1_142' title='bbox 590 1715 645 1780; x_wconf 92' lang='lat' dir='ltr'>illo</span> <span class='ocrx_word' id='word_1_143' title='bbox 663 1726 802 1801; x_wconf 87' lang='lat' dir='ltr'>tempore</span> <span class='ocrx_word' id='word_1_144' title='bbox 816 1716 928 1795; x_wconf 91' lang='lat' dir='ltr'>floruit,</span> <span class='ocrx_word' id='word_1_145' title='bbox 950 1725 980 1780; x_wconf 86' lang='lat' dir='ltr'>et</span> <span class='ocrx_word' id='word_1_146' title='bbox 1001 1717 1193 1801; x_wconf 82' lang='lat' dir='ltr'>cognatione,</span> <span class='ocrx_word' id='word_1_147' title='bbox 1215 1739 1308 1802; x_wconf 89' lang='lat' dir='ltr'>quam</span> <span class='ocrx_word' id='word_1_148' title='bbox 1325 1716 1405 1780; x_wconf 90' lang='lat' dir='ltr'>inter</span> <span class='ocrx_word' id='word_1_149' title='bbox 1420 1713 1598 1780; x_wconf 86' lang='lat' dir='ltr'>Ennodium</span> <span class='ocrx_word' id='word_1_150' title='bbox 1615 1725 1646 1780; x_wconf 90' lang='lat' dir='ltr'>et</span> <span class='ocrx_word' id='word_1_151' title='bbox 1661 1716 1863 1781; x_wconf 86' lang='lat' dir='ltr'>Laurentium</span> 
     </span>
     <span class='ocr_line' id='line_1_14' title="bbox 208 1819 1865 1906; baseline 0 -22"><span class='ocrx_word' id='word_1_152' title='bbox 208 1819 419 1886; x_wconf 85' lang='lat' dir='ltr'>intercessisse</span> <span class='ocrx_word' id='word_1_153' title='bbox 446 1842 484 1882; x_wconf 89' lang='lat' dir='ltr'>ex</span> <span class='ocrx_word' id='word_1_154' title='bbox 512 1843 541 1904; x_wconf 90' lang='lat' dir='ltr'>p.</span> <span class='ocrx_word' id='word_1_155' title='bbox 558 1822 662 1898; x_wconf 89' lang='grc'><strong>23,18</strong></span> <span class='ocrx_word' id='word_1_156' title='bbox 689 1819 865 1904; x_wconf 86' lang='lat' dir='ltr'>intellegere</span> <span class='ocrx_word' id='word_1_157' title='bbox 892 1820 978 1899; x_wconf 88' lang='lat' dir='ltr'>licet,</span> <span class='ocrx_word' id='word_1_158' title='bbox 1006 1820 1131 1885; x_wconf 89' lang='lat' dir='ltr'>videtur</span> <span class='ocrx_word' id='word_1_159' title='bbox 1159 1829 1318 1906; x_wconf 91' lang='lat' dir='ltr'>pennotus</span> <span class='ocrx_word' id='word_1_160' title='bbox 1347 1843 1432 1898; x_wconf 88' lang='lat' dir='ltr'>esse;</span> <span class='ocrx_word' id='word_1_161' title='bbox 1461 1829 1554 1905; x_wconf 89' lang='lat' dir='ltr'>atque</span> <span class='ocrx_word' id='word_1_162' title='bbox 1582 1820 1865 1906; x_wconf 71' lang='grc'><strong>1123111111111·</strong></span> 
     </span>
     <span class='ocr_line' id='line_1_15' title="bbox 210 1922 1865 2010; baseline 0 -22"><span class='ocrx_word' id='word_1_163' title='bbox 210 1948 243 1989; x_wconf 90' lang='lat' dir='ltr'>se</span> <span class='ocrx_word' id='word_1_164' title='bbox 265 1925 436 1988; x_wconf 75' lang='lat' dir='ltr'>laurentio</span> <span class='ocrx_word' id='word_1_165' title='bbox 459 1923 597 1988; x_wconf 89' lang='lat' dir='ltr'>omnium</span> <span class='ocrx_word' id='word_1_166' title='bbox 621 1923 788 2009; x_wconf 87' lang='lat' dir='ltr'>plurimum</span> <span class='ocrx_word' id='word_1_167' title='bbox 811 1923 931 1988; x_wconf 88' lang='lat' dir='ltr'>debere.</span> <span class='ocrx_word' id='word_1_168' title='bbox 975 1933 1092 1988; x_wconf 86' lang='lat' dir='ltr'>certum</span> <span class='ocrx_word' id='word_1_169' title='bbox 1114 1923 1241 2010; x_wconf 91' lang='lat' dir='ltr'>quidem</span> <span class='ocrx_word' id='word_1_170' title='bbox 1263 1947 1387 2004; x_wconf 88' lang='lat' dir='ltr'>annum,</span> <span class='ocrx_word' id='word_1_171' title='bbox 1414 1947 1476 2009; x_wconf 95' lang='lat' dir='ltr'>quo</span> <span class='ocrx_word' id='word_1_172' title='bbox 1498 1922 1713 1988; x_wconf 89' lang='lat' dir='ltr'>Mediolanum</span> <span class='ocrx_word' id='word_1_173' title='bbox 1736 1946 1770 1989; x_wconf 93' lang='lat' dir='ltr'>se</span> <span class='ocrx_word' id='word_1_174' title='bbox 1792 1947 1865 1988; x_wconf 91' lang='lat' dir='ltr'>oon-</span> 
     </span>
     <span class='ocr_line' id='line_1_16' title="bbox 209 2026 1866 2114; baseline 0 -22"><span class='ocrx_word' id='word_1_175' title='bbox 209 2028 322 2107; x_wconf 87' lang='lat' dir='ltr'>tulerit,</span> <span class='ocrx_word' id='word_1_176' title='bbox 344 2026 472 2090; x_wconf 86' lang='lat' dir='ltr'>definire</span> <span class='ocrx_word' id='word_1_177' title='bbox 495 2049 558 2092; x_wconf 91' lang='lat' dir='ltr'>non</span> <span class='ocrx_word' id='word_1_178' title='bbox 580 2026 690 2106; x_wconf 88' lang='lat' dir='ltr'>audeo,</span> <span class='ocrx_word' id='word_1_179' title='bbox 712 2027 767 2092; x_wconf 92' lang='lat' dir='ltr'>sed</span> <span class='ocrx_word' id='word_1_180' title='bbox 790 2036 863 2114; x_wconf 89' lang='lat' dir='ltr'>post</span> <span class='ocrx_word' id='word_1_181' title='bbox 885 2027 1136 2096; x_wconf 84' lang='grc'><strong>111111495111</strong></span> <span class='ocrx_word' id='word_1_182' title='bbox 1160 2029 1277 2092; x_wconf 86' lang='lat' dir='ltr'>factum</span> <span class='ocrx_word' id='word_1_183' title='bbox 1292 2051 1360 2092; x_wconf 88' lang='lat' dir='ltr'>esse</span> <span class='ocrx_word' id='word_1_184' title='bbox 1383 2027 1477 2092; x_wconf 90' lang='lat' dir='ltr'>modo</span> <span class='ocrx_word' id='word_1_185' title='bbox 1493 2027 1671 2092; x_wconf 89' lang='lat' dir='ltr'>monuimus</span> <span class='ocrx_word' id='word_1_186' title='bbox 1687 2035 1780 2114; x_wconf 87' lang='lat' dir='ltr'>atque</span> <span class='ocrx_word' id='word_1_187' title='bbox 1795 2035 1866 2092; x_wconf 89' lang='lat' dir='ltr'>ante</span> 
     </span>
     <span class='ocr_line' id='line_1_17' title="bbox 209 2129 1068 2198; baseline 0 -2"><span class='ocrx_word' id='word_1_188' title='bbox 209 2134 272 2198; x_wconf 90' lang='grc'>499</span> <span class='ocrx_word' id='word_1_189' title='bbox 296 2130 401 2194; x_wconf 86' lang='lat' dir='ltr'>sedem</span> <span class='ocrx_word' id='word_1_190' title='bbox 424 2139 574 2195; x_wconf 88' lang='lat' dir='ltr'>mutatam</span> <span class='ocrx_word' id='word_1_191' title='bbox 597 2153 666 2195; x_wconf 90' lang='lat' dir='ltr'>esse</span> <span class='ocrx_word' id='word_1_192' title='bbox 688 2129 929 2196; x_wconf 87' lang='lat' dir='ltr'>demonstraturi</span> <span class='ocrx_word' id='word_1_193' title='bbox 951 2154 1068 2196; x_wconf 90' lang='lat' dir='ltr'>sumus.</span> 
     </span>
    </p>

    <p class='ocr_par' dir='ltr' id='par_1_3' title="bbox 208 2234 1873 5450">
     <span class='ocr_line' id='line_1_18' title="bbox 312 2234 1866 2322; baseline -0.001 -23"><span class='ocrx_word' id='word_1_194' title='bbox 312 2235 402 2300; x_wconf 88' lang='lat' dir='ltr'>Haeo</span> <span class='ocrx_word' id='word_1_195' title='bbox 424 2245 528 2299; x_wconf 91' lang='lat' dir='ltr'>autem</span> <span class='ocrx_word' id='word_1_196' title='bbox 550 2236 692 2321; x_wconf 87' lang='lat' dir='ltr'>quaestio</span> <span class='ocrx_word' id='word_1_197' title='bbox 714 2244 779 2300; x_wconf 88' lang='lat' dir='ltr'>tam</span> <span class='ocrx_word' id='word_1_198' title='bbox 806 2245 871 2300; x_wconf 88' lang='lat' dir='ltr'>arte</span> <span class='ocrx_word' id='word_1_199' title='bbox 894 2235 1037 2301; x_wconf 83' lang='lat' dir='ltr'>cohaeret</span> <span class='ocrx_word' id='word_1_200' title='bbox 1059 2259 1130 2300; x_wconf 92' lang='lat' dir='ltr'>cum</span> <span class='ocrx_word' id='word_1_201' title='bbox 1154 2236 1334 2314; x_wconf 86' lang='lat' dir='ltr'>schismate,</span> <span class='ocrx_word' id='word_1_202' title='bbox 1356 2235 1440 2322; x_wconf 91' lang='lat' dir='ltr'>quod</span> <span class='ocrx_word' id='word_1_203' title='bbox 1469 2245 1541 2322; x_wconf 90' lang='lat' dir='ltr'>post</span> <span class='ocrx_word' id='word_1_204' title='bbox 1563 2243 1694 2299; x_wconf 90' lang='lat' dir='ltr'>mortem</span> <span class='ocrx_word' id='word_1_205' title='bbox 1716 2234 1866 2298; x_wconf 81' lang='lat' dir='ltr'>Anastasi</span> 
     </span>
     <span class='ocr_line' id='line_1_19' title="bbox 209 2337 1866 2427; baseline -0.002 -23"><span class='ocrx_word' id='word_1_206' title='bbox 209 2361 309 2426; x_wconf 87' lang='lat' dir='ltr'>papae</span> <span class='ocrx_word' id='word_1_207' title='bbox 336 2339 417 2403; x_wconf 90' lang='lat' dir='ltr'>inter</span> <span class='ocrx_word' id='word_1_208' title='bbox 443 2337 665 2424; x_wconf 85' lang='lat' dir='ltr'>Symmachum</span> <span class='ocrx_word' id='word_1_209' title='bbox 693 2347 724 2404; x_wconf 90' lang='lat' dir='ltr'>et</span> <span class='ocrx_word' id='word_1_210' title='bbox 746 2339 966 2420; x_wconf 80' lang='lat' dir='ltr'>laurentium,</span> <span class='ocrx_word' id='word_1_211' title='bbox 993 2340 1048 2427; x_wconf 93' lang='lat' dir='ltr'>qui</span> <span class='ocrx_word' id='word_1_212' title='bbox 1076 2340 1177 2405; x_wconf 86' lang='grc'><strong>1111111</strong></span> <span class='ocrx_word' id='word_1_213' title='bbox 1198 2340 1346 2405; x_wconf 88' lang='lat' dir='ltr'>ecclesiae</span> <span class='ocrx_word' id='word_1_214' title='bbox 1368 2339 1529 2404; x_wconf 86' lang='lat' dir='ltr'>Romanae</span> <span class='ocrx_word' id='word_1_215' title='bbox 1551 2339 1726 2426; x_wconf 90' lang='lat' dir='ltr'>presbyter,</span> <span class='ocrx_word' id='word_1_216' title='bbox 1748 2337 1782 2402; x_wconf 95' lang='lat' dir='ltr'>X</span> <span class='ocrx_word' id='word_1_217' title='bbox 1805 2337 1866 2402; x_wconf 88' lang='lat' dir='ltr'>kal.</span> 
     </span>
     <span class='ocr_line' id='line_1_20' title="bbox 208 2441 1866 2528; baseline -0.001 -21"><span class='ocrx_word' id='word_1_218' title='bbox 208 2443 355 2508; x_wconf 91' lang='lat' dir='ltr'>Decemb.</span> <span class='ocrx_word' id='word_1_219' title='bbox 379 2445 442 2518; x_wconf 88' lang='grc'>498</span> <span class='ocrx_word' id='word_1_220' title='bbox 472 2443 565 2506; x_wconf 89' lang='lat' dir='ltr'>simul</span> <span class='ocrx_word' id='word_1_221' title='bbox 596 2442 755 2508; x_wconf 83' lang='lat' dir='ltr'>ordinatos</span> <span class='ocrx_word' id='word_1_222' title='bbox 785 2451 888 2508; x_wconf 90' lang='lat' dir='ltr'>ortum</span> <span class='ocrx_word' id='word_1_223' title='bbox 919 2452 979 2524; x_wconf 88' lang='lat' dir='ltr'>est,</span> <span class='ocrx_word' id='word_1_224' title='bbox 1016 2453 1052 2508; x_wconf 91' lang='lat' dir='ltr'>ut</span> <span class='ocrx_word' id='word_1_225' title='bbox 1080 2443 1130 2508; x_wconf 91' lang='lat' dir='ltr'>vel</span> <span class='ocrx_word' id='word_1_226' title='bbox 1164 2445 1256 2509; x_wconf 90' lang='lat' dir='ltr'>inviti</span> <span class='ocrx_word' id='word_1_227' title='bbox 1284 2444 1408 2508; x_wconf 89' lang='lat' dir='ltr'>illarum</span> <span class='ocrx_word' id='word_1_228' title='bbox 1441 2443 1718 2528; x_wconf 84' lang='lat' dir='ltr'>interrogationum</span> <span class='ocrx_word' id='word_1_229' title='bbox 1747 2441 1866 2528; x_wconf 87' lang='lat' dir='ltr'>laqueis</span> 
     </span>
     <span class='ocr_line' id='line_1_21' title="bbox 209 2544 1866 2634; baseline 0 -24"><span class='ocrx_word' id='word_1_230' title='bbox 209 2547 412 2633; x_wconf 88' lang='lat' dir='ltr'>implicemur.</span> <span class='ocrx_word' id='word_1_231' title='bbox 463 2547 577 2633; x_wconf 91' lang='lat' dir='ltr'>quibus</span> <span class='ocrx_word' id='word_1_232' title='bbox 610 2547 641 2611; x_wconf 91' lang='lat' dir='ltr'>in</span> <span class='ocrx_word' id='word_1_233' title='bbox 678 2547 929 2612; x_wconf 84' lang='lat' dir='ltr'>contentionibus</span> <span class='ocrx_word' id='word_1_234' title='bbox 957 2547 1181 2632; x_wconf 84' lang='lat' dir='ltr'>cognoscendis</span> <span class='ocrx_word' id='word_1_235' title='bbox 1213 2553 1337 2634; x_wconf 80' lang='lat' dir='ltr'>praeter</span> <span class='ocrx_word' id='word_1_236' title='bbox 1362 2546 1544 2611; x_wconf 85' lang='lat' dir='ltr'>Ennodium</span> <span class='ocrx_word' id='word_1_237' title='bbox 1571 2547 1713 2634; x_wconf 90' lang='lat' dir='ltr'>inprimis</span> <span class='ocrx_word' id='word_1_238' title='bbox 1743 2544 1866 2611; x_wconf 92' lang='lat' dir='ltr'>duobus</span> 
     </span>
     <span class='ocr_line' id='line_1_22' title="bbox 210 2649 1866 2737; baseline -0.001 -23"><span class='ocrx_word' id='word_1_239' title='bbox 210 2651 326 2714; x_wconf 88' lang='lat' dir='ltr'>utimur</span> <span class='ocrx_word' id='word_1_240' title='bbox 347 2651 496 2729; x_wconf 85' lang='lat' dir='ltr'>testibus,</span> <span class='ocrx_word' id='word_1_241' title='bbox 518 2651 572 2737; x_wconf 93' lang='lat' dir='ltr'>qui</span> <span class='ocrx_word' id='word_1_242' title='bbox 594 2651 628 2714; x_wconf 92' lang='grc'>11</span> <span class='ocrx_word' id='word_1_243' title='bbox 649 2650 730 2715; x_wconf 91' lang='lat' dir='ltr'>lihro</span> <span class='ocrx_word' id='word_1_244' title='bbox 752 2651 923 2737; x_wconf 87' lang='lat' dir='ltr'>pontificali</span> <span class='ocrx_word' id='word_1_245' title='bbox 946 2651 1126 2737; x_wconf 80' lang='lat' dir='ltr'>Symmachi</span> <span class='ocrx_word' id='word_1_246' title='bbox 1149 2651 1248 2716; x_wconf 88' lang='lat' dir='ltr'>vitam</span> <span class='ocrx_word' id='word_1_247' title='bbox 1271 2650 1516 2737; x_wconf 89' lang='lat' dir='ltr'>descripserunt:</span> <span class='ocrx_word' id='word_1_248' title='bbox 1544 2672 1676 2736; x_wconf 91' lang='lat' dir='ltr'>quorum</span> <span class='ocrx_word' id='word_1_249' title='bbox 1697 2649 1774 2714; x_wconf 87' lang='lat' dir='ltr'>alter</span> <span class='ocrx_word' id='word_1_250' title='bbox 1795 2671 1866 2712; x_wconf 92' lang='lat' dir='ltr'>cum</span> 
     </span>
     <span class='ocr_line' id='line_1_23' title="bbox 210 2749 1868 2841; baseline -0.001 -23"><span class='ocrx_word' id='word_1_251' title='bbox 210 2753 398 2839; x_wconf 85' lang='lat' dir='ltr'>Symmacho</span> <span class='ocrx_word' id='word_1_252' title='bbox 424 2753 513 2833; x_wconf 85' lang='lat' dir='ltr'>facit,</span> <span class='ocrx_word' id='word_1_253' title='bbox 540 2755 630 2833; x_wconf 86' lang='lat' dir='ltr'>alter,</span> <span class='ocrx_word' id='word_1_254' title='bbox 657 2755 745 2818; x_wconf 88' lang='lat' dir='ltr'>cuius</span> <span class='ocrx_word' id='word_1_255' title='bbox 768 2755 947 2820; x_wconf 88' lang='lat' dir='ltr'>relationem</span> <span class='ocrx_word' id='word_1_256' title='bbox 971 2756 1095 2820; x_wconf 91' lang='lat' dir='ltr'>saeculo</span> <span class='ocrx_word' id='word_1_257' title='bbox 1123 2769 1211 2820; x_wconf 87' lang='lat' dir='ltr'>sexto</span> <span class='ocrx_word' id='word_1_258' title='bbox 1235 2755 1382 2841; x_wconf 88' lang='lat' dir='ltr'>scriptam</span> <span class='ocrx_word' id='word_1_259' title='bbox 1405 2753 1610 2819; x_wconf 87' lang='lat' dir='ltr'>Blanchinius</span> <span class='ocrx_word' id='word_1_260' title='bbox 1633 2753 1790 2836; x_wconf 82' lang='lat' dir='ltr'>(Acastus.</span> <span class='ocrx_word' id='word_1_261' title='bbox 1812 2749 1868 2817; x_wconf 93' lang='lat' dir='ltr'>IV</span> 
     </span>
     <span class='ocr_line' id='line_1_24' title="bbox 213 2856 1868 2945; baseline -0.001 -23"><span class='ocrx_word' id='word_1_262' title='bbox 213 2881 242 2944; x_wconf 88' lang='lat' dir='ltr'>p.</span> <span class='ocrx_word' id='word_1_263' title='bbox 258 2856 377 2922; x_wconf 86' lang='lat' dir='ltr'>LXIX</span> <span class='ocrx_word' id='word_1_264' title='bbox 400 2867 429 2921; x_wconf 88' lang='lat' dir='ltr'>et</span> <span class='ocrx_word' id='word_1_265' title='bbox 452 2857 524 2922; x_wconf 91' lang='lat' dir='ltr'>inde</span> <span class='ocrx_word' id='word_1_266' title='bbox 546 2857 700 2923; x_wconf 90' lang='lat' dir='ltr'>Muratori</span> <span class='ocrx_word' id='word_1_267' title='bbox 724 2858 829 2944; x_wconf 86' lang='lat' dir='ltr'>script</span> <span class='ocrx_word' id='word_1_268' title='bbox 852 2880 908 2922; x_wconf 88' lang='lat' dir='ltr'>rer.</span> <span class='ocrx_word' id='word_1_269' title='bbox 931 2858 1033 2923; x_wconf 88' lang='lat' dir='ltr'>Italic.</span> <span class='ocrx_word' id='word_1_270' title='bbox 1048 2858 1133 2924; x_wconf 93' lang='grc' dir='ltr'><strong>ΠΙ2</strong></span> <span class='ocrx_word' id='word_1_271' title='bbox 1150 2861 1245 2945; x_wconf 74' lang='lat' dir='ltr'>pls)</span> <span class='ocrx_word' id='word_1_272' title='bbox 1267 2881 1305 2923; x_wconf 88' lang='lat' dir='ltr'>ex</span> <span class='ocrx_word' id='word_1_273' title='bbox 1327 2857 1434 2922; x_wconf 87' lang='lat' dir='ltr'>codice</span> <span class='ocrx_word' id='word_1_274' title='bbox 1451 2858 1630 2924; x_wconf 88' lang='lat' dir='ltr'>Veronensi</span> <span class='ocrx_word' id='word_1_275' title='bbox 1653 2857 1868 2922; x_wconf 89' lang='lat' dir='ltr'>uetustissimo</span> 
     </span>
     <span class='ocr_line' id='line_1_25' title="bbox 212 2959 1869 3049; baseline -0.002 -23"><span class='ocrx_word' id='word_1_276' title='bbox 212 2963 245 3026; x_wconf 88' lang='lat' dir='ltr'>iu</span> <span class='ocrx_word' id='word_1_277' title='bbox 274 2964 372 3026; x_wconf 90' lang='lat' dir='ltr'>lucem</span> <span class='ocrx_word' id='word_1_278' title='bbox 406 2961 549 3048; x_wconf 89' lang='lat' dir='ltr'>protulit,</span> <span class='ocrx_word' id='word_1_279' title='bbox 584 2983 647 3026; x_wconf 92' lang='lat' dir='ltr'>non</span> <span class='ocrx_word' id='word_1_280' title='bbox 677 2962 797 3026; x_wconf 90' lang='lat' dir='ltr'>minore</span> <span class='ocrx_word' id='word_1_281' title='bbox 823 2962 929 3027; x_wconf 91' lang='lat' dir='ltr'>studio</span> <span class='ocrx_word' id='word_1_282' title='bbox 956 2987 975 3028; x_wconf 89' lang='lat' dir='ltr'>a</span> <span class='ocrx_word' id='word_1_283' title='bbox 1002 2963 1150 3028; x_wconf 76' lang='lat' dir='ltr'>laurenti</span> <span class='ocrx_word' id='word_1_284' title='bbox 1182 2963 1349 3049; x_wconf 86' lang='lat' dir='ltr'>antipapae</span> <span class='ocrx_word' id='word_1_285' title='bbox 1375 2963 1517 3049; x_wconf 89' lang='lat' dir='ltr'>partibus</span> <span class='ocrx_word' id='word_1_286' title='bbox 1551 2972 1622 3027; x_wconf 87' lang='lat' dir='ltr'>stat.</span> <span class='ocrx_word' id='word_1_287' title='bbox 1672 2982 1747 3026; x_wconf 91' lang='lat' dir='ltr'>suae</span> <span class='ocrx_word' id='word_1_288' title='bbox 1774 2959 1869 3046; x_wconf 90' lang='lat' dir='ltr'>igitur</span> 
     </span>
     <span class='ocr_line' id='line_1_26' title="bbox 212 3064 1868 3154; baseline -0.001 -24"><span class='ocrx_word' id='word_1_289' title='bbox 212 3075 342 3152; x_wconf 91' lang='lat' dir='ltr'>uterque</span> <span class='ocrx_word' id='word_1_290' title='bbox 363 3066 448 3130; x_wconf 89' lang='lat' dir='ltr'>favet</span> <span class='ocrx_word' id='word_1_291' title='bbox 464 3067 599 3146; x_wconf 89' lang='lat' dir='ltr'>factioni,</span> <span class='ocrx_word' id='word_1_292' title='bbox 620 3068 666 3132; x_wconf 87' lang='lat' dir='ltr'>ita</span> <span class='ocrx_word' id='word_1_293' title='bbox 687 3077 791 3132; x_wconf 89' lang='lat' dir='ltr'>tamen</span> <span class='ocrx_word' id='word_1_294' title='bbox 814 3077 849 3131; x_wconf 91' lang='lat' dir='ltr'>ut</span> <span class='ocrx_word' id='word_1_295' title='bbox 870 3068 973 3132; x_wconf 90' lang='lat' dir='ltr'>neutri</span> <span class='ocrx_word' id='word_1_296' title='bbox 995 3067 1088 3132; x_wconf 87' lang='lat' dir='ltr'>fidem</span> <span class='ocrx_word' id='word_1_297' title='bbox 1103 3068 1251 3154; x_wconf 88' lang='lat' dir='ltr'>demgare</span> <span class='ocrx_word' id='word_1_298' title='bbox 1272 3067 1372 3146; x_wconf 89' lang='lat' dir='ltr'>liceat,</span> <span class='ocrx_word' id='word_1_299' title='bbox 1394 3067 1574 3154; x_wconf 91' lang='lat' dir='ltr'>praesertim</span> <span class='ocrx_word' id='word_1_300' title='bbox 1590 3087 1661 3130; x_wconf 90' lang='lat' dir='ltr'>cum</span> <span class='ocrx_word' id='word_1_301' title='bbox 1683 3066 1714 3129; x_wconf 92' lang='lat' dir='ltr'>in</span> <span class='ocrx_word' id='word_1_302' title='bbox 1738 3064 1868 3130; x_wconf 91' lang='lat' dir='ltr'>summis</span> 
     </span>
     <span class='ocr_line' id='line_1_27' title="bbox 212 3167 1869 3256; baseline -0.002 -20"><span class='ocrx_word' id='word_1_303' title='bbox 212 3171 305 3236; x_wconf 91' lang='lat' dir='ltr'>rebus</span> <span class='ocrx_word' id='word_1_304' title='bbox 328 3171 407 3256; x_wconf 90' lang='lat' dir='ltr'>ipsis</span> <span class='ocrx_word' id='word_1_305' title='bbox 430 3171 486 3234; x_wconf 82' lang='lat' dir='ltr'>vix</span> <span class='ocrx_word' id='word_1_306' title='bbox 508 3171 703 3236; x_wconf 85' lang='lat' dir='ltr'>dissentiant.</span> <span class='ocrx_word' id='word_1_307' title='bbox 748 3172 975 3236; x_wconf 88' lang='lat' dir='ltr'>consentientes</span> <span class='ocrx_word' id='word_1_308' title='bbox 998 3181 1102 3236; x_wconf 88' lang='lat' dir='ltr'>autem</span> <span class='ocrx_word' id='word_1_309' title='bbox 1131 3172 1210 3236; x_wconf 89' lang='lat' dir='ltr'>inter</span> <span class='ocrx_word' id='word_1_310' title='bbox 1236 3193 1269 3235; x_wconf 90' lang='lat' dir='ltr'>se</span> <span class='ocrx_word' id='word_1_311' title='bbox 1291 3169 1420 3235; x_wconf 88' lang='lat' dir='ltr'>tradunt</span> <span class='ocrx_word' id='word_1_312' title='bbox 1442 3169 1664 3256; x_wconf 79' lang='lat' dir='ltr'>Symmachum</span> <span class='ocrx_word' id='word_1_313' title='bbox 1686 3167 1796 3233; x_wconf 89' lang='lat' dir='ltr'>eodem</span> <span class='ocrx_word' id='word_1_314' title='bbox 1819 3167 1869 3233; x_wconf 90' lang='lat' dir='ltr'>die</span> 
     </span>
     <span class='ocr_line' id='line_1_28' title="bbox 212 3269 1869 3360; baseline -0.002 -21"><span class='ocrx_word' id='word_1_315' title='bbox 212 3299 249 3340; x_wconf 91' lang='lat' dir='ltr'>ac</span> <span class='ocrx_word' id='word_1_316' title='bbox 271 3275 476 3339; x_wconf 75' lang='lat' dir='ltr'>laurentium</span> <span class='ocrx_word' id='word_1_317' title='bbox 498 3286 712 3341; x_wconf 88' lang='lat' dir='ltr'>consecratum</span> <span class='ocrx_word' id='word_1_318' title='bbox 734 3299 817 3356; x_wconf 88' lang='lat' dir='ltr'>esse,</span> <span class='ocrx_word' id='word_1_319' title='bbox 845 3284 912 3340; x_wconf 88' lang='lat' dir='ltr'>turn</span> <span class='ocrx_word' id='word_1_320' title='bbox 934 3274 1075 3340; x_wconf 87' lang='lat' dir='ltr'>discidiis</span> <span class='ocrx_word' id='word_1_321' title='bbox 1097 3274 1292 3360; x_wconf 85' lang='lat' dir='ltr'>gravissimis</span> <span class='ocrx_word' id='word_1_322' title='bbox 1315 3275 1431 3338; x_wconf 85' lang='lat' dir='ltr'>exortis</span> <span class='ocrx_word' id='word_1_323' title='bbox 1459 3282 1490 3338; x_wconf 90' lang='lat' dir='ltr'>et</span> <span class='ocrx_word' id='word_1_324' title='bbox 1511 3283 1642 3358; x_wconf 89' lang='lat' dir='ltr'>utroque</span> <span class='ocrx_word' id='word_1_325' title='bbox 1664 3271 1705 3337; x_wconf 88' lang='lat' dir='ltr'>ad</span> <span class='ocrx_word' id='word_1_326' title='bbox 1727 3269 1869 3335; x_wconf 85' lang='lat' dir='ltr'>Theode-</span> 
     </span>
     <span class='ocr_line' id='line_1_29' title="bbox 213 3376 1869 3465; baseline -0.002 -24"><span class='ocrx_word' id='word_1_327' title='bbox 213 3378 312 3442; x_wconf 89' lang='lat' dir='ltr'>ricum</span> <span class='ocrx_word' id='word_1_328' title='bbox 335 3401 438 3464; x_wconf 88' lang='lat' dir='ltr'>regem</span> <span class='ocrx_word' id='word_1_329' title='bbox 460 3379 556 3443; x_wconf 86' lang='lat' dir='ltr'>citato</span> <span class='ocrx_word' id='word_1_330' title='bbox 571 3380 652 3464; x_wconf 84' lang='lat' dir='ltr'>regis</span> <span class='ocrx_word' id='word_1_331' title='bbox 668 3379 796 3444; x_wconf 89' lang='lat' dir='ltr'>arbitrio</span> <span class='ocrx_word' id='word_1_332' title='bbox 811 3402 879 3444; x_wconf 88' lang='lat' dir='ltr'>esse</span> <span class='ocrx_word' id='word_1_333' title='bbox 899 3378 1052 3460; x_wconf 85' lang='lat' dir='ltr'>effectum,</span> <span class='ocrx_word' id='word_1_334' title='bbox 1075 3388 1110 3442; x_wconf 90' lang='lat' dir='ltr'>ut</span> <span class='ocrx_word' id='word_1_335' title='bbox 1125 3377 1331 3464; x_wconf 85' lang='lat' dir='ltr'>Symmachus</span> <span class='ocrx_word' id='word_1_336' title='bbox 1352 3400 1436 3465; x_wconf 89' lang='lat' dir='ltr'>papa</span> <span class='ocrx_word' id='word_1_337' title='bbox 1451 3377 1612 3442; x_wconf 87' lang='lat' dir='ltr'>Romanus</span> <span class='ocrx_word' id='word_1_338' title='bbox 1629 3376 1869 3453; x_wconf 86' lang='lat' dir='ltr'>confirmaretur,</span> 
     </span>
     <span class='ocr_line' id='line_1_30' title="bbox 213 3481 1869 3570; baseline -0.002 -24"><span class='ocrx_word' id='word_1_339' title='bbox 213 3482 401 3546; x_wconf 78' lang='lat' dir='ltr'>laurentius</span> <span class='ocrx_word' id='word_1_340' title='bbox 432 3492 534 3546; x_wconf 88' lang='lat' dir='ltr'>autem</span> <span class='ocrx_word' id='word_1_341' title='bbox 562 3484 729 3570; x_wconf 89' lang='lat' dir='ltr'>episcopus</span> <span class='ocrx_word' id='word_1_342' title='bbox 756 3483 934 3549; x_wconf 88' lang='lat' dir='ltr'>Nucerinus</span> <span class='ocrx_word' id='word_1_343' title='bbox 962 3484 1214 3560; x_wconf 89' lang='lat' dir='ltr'>constitueretur,</span> <span class='ocrx_word' id='word_1_344' title='bbox 1251 3481 1384 3567; x_wconf 91' lang='lat' dir='ltr'>denique</span> <span class='ocrx_word' id='word_1_345' title='bbox 1414 3490 1487 3567; x_wconf 90' lang='lat' dir='ltr'>post</span> <span class='ocrx_word' id='word_1_346' title='bbox 1514 3503 1684 3568; x_wconf 89' lang='lat' dir='ltr'>paucomm</span> <span class='ocrx_word' id='word_1_347' title='bbox 1717 3501 1869 3544; x_wconf 90' lang='lat' dir='ltr'>annorum</span> 
     </span>
     <span class='ocr_line' id='line_1_31' title="bbox 213 3582 1869 3673; baseline -0.001 -24"><span class='ocrx_word' id='word_1_348' title='bbox 213 3585 348 3671; x_wconf 89' lang='lat' dir='ltr'>quietem</span> <span class='ocrx_word' id='word_1_349' title='bbox 381 3591 455 3672; x_wconf 80' lang='lat' dir='ltr'>(per</span> <span class='ocrx_word' id='word_1_350' title='bbox 483 3584 723 3666; x_wconf 84' lang='lat' dir='ltr'>Theodericum,</span> <span class='ocrx_word' id='word_1_351' title='bbox 757 3588 810 3673; x_wconf 94' lang='lat' dir='ltr'>qui</span> <span class='ocrx_word' id='word_1_352' title='bbox 838 3609 919 3652; x_wconf 91' lang='lat' dir='ltr'>anno</span> <span class='ocrx_word' id='word_1_353' title='bbox 947 3591 1012 3656; x_wconf 81' lang='lat'>500</span> <span class='ocrx_word' id='word_1_354' title='bbox 1037 3586 1171 3651; x_wconf 87' lang='lat' dir='ltr'>Romam</span> <span class='ocrx_word' id='word_1_355' title='bbox 1201 3585 1291 3665; x_wconf 81' lang='lat' dir='ltr'>visit,</span> <span class='ocrx_word' id='word_1_356' title='bbox 1323 3585 1543 3672; x_wconf 84' lang='lat' dir='ltr'>compositam)</span> <span class='ocrx_word' id='word_1_357' title='bbox 1576 3582 1733 3648; x_wconf 89' lang='lat' dir='ltr'>discordia</span> <span class='ocrx_word' id='word_1_358' title='bbox 1766 3583 1869 3648; x_wconf 90' lang='lat' dir='ltr'>denuo</span> 
     </span>
     <span class='ocr_line' id='line_1_32' title="bbox 214 3689 1870 3781; baseline -0.004 -24"><span class='ocrx_word' id='word_1_359' title='bbox 214 3692 404 3758; x_wconf 85' lang='lat' dir='ltr'>inflammata</span> <span class='ocrx_word' id='word_1_360' title='bbox 427 3715 554 3758; x_wconf 89' lang='lat' dir='ltr'>causam</span> <span class='ocrx_word' id='word_1_361' title='bbox 576 3694 688 3758; x_wconf 87' lang='lat' dir='ltr'>itemm</span> <span class='ocrx_word' id='word_1_362' title='bbox 712 3693 752 3759; x_wconf 88' lang='lat' dir='ltr'>ad</span> <span class='ocrx_word' id='word_1_363' title='bbox 775 3717 877 3781; x_wconf 88' lang='lat' dir='ltr'>regem</span> <span class='ocrx_word' id='word_1_364' title='bbox 901 3693 1035 3759; x_wconf 89' lang='lat' dir='ltr'>delatam</span> <span class='ocrx_word' id='word_1_365' title='bbox 1057 3716 1134 3759; x_wconf 88' lang='lat' dir='ltr'>esse.</span> <span class='ocrx_word' id='word_1_366' title='bbox 1167 3703 1291 3758; x_wconf 88' lang='lat' dir='ltr'>constat</span> <span class='ocrx_word' id='word_1_367' title='bbox 1313 3693 1409 3778; x_wconf 84' lang='lat' dir='ltr'>igitur</span> <span class='ocrx_word' id='word_1_368' title='bbox 1423 3690 1645 3778; x_wconf 91' lang='lat' dir='ltr'>Symmachum</span> <span class='ocrx_word' id='word_1_369' title='bbox 1668 3689 1774 3753; x_wconf 88' lang='lat' dir='ltr'>statim</span> <span class='ocrx_word' id='word_1_370' title='bbox 1797 3697 1870 3774; x_wconf 89' lang='lat' dir='ltr'>post</span> 
     </span>
     <span class='ocr_line' id='line_1_33' title="bbox 214 3793 1870 3882; baseline -0.002 -22"><span class='ocrx_word' id='word_1_371' title='bbox 214 3797 476 3862; x_wconf 86' lang='lat' dir='ltr'>consecrationem</span> <span class='ocrx_word' id='word_1_372' title='bbox 499 3799 519 3862; x_wconf 94' lang='lat' dir='ltr'>i.</span> <span class='ocrx_word' id='word_1_373' title='bbox 534 3821 559 3862; x_wconf 89' lang='grc'>1.</span> <span class='ocrx_word' id='word_1_374' title='bbox 583 3798 672 3863; x_wconf 84' lang='grc'><strong>111110</strong></span> <span class='ocrx_word' id='word_1_375' title='bbox 700 3799 773 3864; x_wconf 88' lang='grc'><strong>1111</strong></span> <span class='ocrx_word' id='word_1_376' title='bbox 797 3801 859 3866; x_wconf 93' lang='grc'>499</span> <span class='ocrx_word' id='word_1_377' title='bbox 883 3798 1052 3863; x_wconf 81' lang='lat' dir='ltr'>Ravennae</span> <span class='ocrx_word' id='word_1_378' title='bbox 1075 3797 1211 3862; x_wconf 83' lang='lat' dir='ltr'>affuisse.</span> <span class='ocrx_word' id='word_1_379' title='bbox 1255 3797 1402 3882; x_wconf 89' lang='lat' dir='ltr'>quoniam</span> <span class='ocrx_word' id='word_1_380' title='bbox 1426 3818 1499 3860; x_wconf 88' lang='lat' dir='ltr'>vero</span> <span class='ocrx_word' id='word_1_381' title='bbox 1521 3793 1686 3859; x_wconf 84' lang='lat' dir='ltr'>Ennodius</span> <span class='ocrx_word' id='word_1_382' title='bbox 1710 3816 1739 3879; x_wconf 91' lang='lat' dir='ltr'>p.</span> <span class='ocrx_word' id='word_1_383' title='bbox 1756 3795 1806 3870; x_wconf 87' lang='lat'>83,</span> <span class='ocrx_word' id='word_1_384' title='bbox 1819 3795 1870 3857; x_wconf 88' lang='lat'>20.</span> 
     </span>
     <span class='ocr_line' id='line_1_34' title="bbox 214 3894 1870 3989; baseline -0.006 -23"><span class='ocrx_word' id='word_1_385' title='bbox 214 3905 286 3981; x_wconf 88' lang='lat'>223,</span> <span class='ocrx_word' id='word_1_386' title='bbox 301 3904 349 3967; x_wconf 90' lang='lat'>12.</span> <span class='ocrx_word' id='word_1_387' title='bbox 372 3904 498 3980; x_wconf 91' lang='grc'><strong>229,13</strong></span> <span class='ocrx_word' id='word_1_388' title='bbox 521 3903 696 3966; x_wconf 87' lang='lat' dir='ltr'>enuntiavit</span> <span class='ocrx_word' id='word_1_389' title='bbox 716 3903 898 3989; x_wconf 90' lang='lat' dir='ltr'>episcopum</span> <span class='ocrx_word' id='word_1_390' title='bbox 926 3925 1017 3967; x_wconf 89' lang='lat' dir='ltr'>suum</span> <span class='ocrx_word' id='word_1_391' title='bbox 1041 3903 1060 3966; x_wconf 92' lang='grc'>1.</span> <span class='ocrx_word' id='word_1_392' title='bbox 1080 3925 1105 3966; x_wconf 89' lang='lat' dir='ltr'>e.</span> <span class='ocrx_word' id='word_1_393' title='bbox 1127 3902 1331 3966; x_wconf 89' lang='lat' dir='ltr'>Laurentium</span> <span class='ocrx_word' id='word_1_394' title='bbox 1352 3899 1620 3965; x_wconf 87' lang='lat' dir='ltr'>Mediolanensem</span> <span class='ocrx_word' id='word_1_395' title='bbox 1643 3920 1676 3963; x_wconf 88' lang='lat' dir='ltr'>se</span> <span class='ocrx_word' id='word_1_396' title='bbox 1698 3894 1870 3982; x_wconf 89' lang='lat' dir='ltr'>spondente</span> 
     </span>
     <span class='ocr_line' id='line_1_35' title="bbox 215 3997 1871 4094; baseline -0.006 -24"><span class='ocrx_word' id='word_1_397' title='bbox 215 4005 384 4070; x_wconf 85' lang='lat' dir='ltr'>Ravennae</span> <span class='ocrx_word' id='word_1_398' title='bbox 399 4027 457 4092; x_wconf 92' lang='lat' dir='ltr'>pro</span> <span class='ocrx_word' id='word_1_399' title='bbox 480 4005 715 4071; x_wconf 75' lang='lat' dir='ltr'>neoessitatibus</span> <span class='ocrx_word' id='word_1_400' title='bbox 737 4029 839 4094; x_wconf 91' lang='lat' dir='ltr'>papae</span> <span class='ocrx_word' id='word_1_401' title='bbox 860 4006 1025 4093; x_wconf 89' lang='lat' dir='ltr'>pecuniam</span> <span class='ocrx_word' id='word_1_402' title='bbox 1047 4003 1273 4092; x_wconf 88' lang='lat' dir='ltr'>suppeditasse,</span> <span class='ocrx_word' id='word_1_403' title='bbox 1295 4012 1437 4069; x_wconf 83' lang='lat' dir='ltr'>constare</span> <span class='ocrx_word' id='word_1_404' title='bbox 1459 4002 1583 4068; x_wconf 88' lang='lat' dir='ltr'>videtur</span> <span class='ocrx_word' id='word_1_405' title='bbox 1604 3999 1786 4066; x_wconf 87' lang='lat' dir='ltr'>Ennodium</span> <span class='ocrx_word' id='word_1_406' title='bbox 1808 3997 1871 4061; x_wconf 86' lang='lat' dir='ltr'>ianr</span> 
     </span>
     <span class='ocr_line' id='line_1_36' title="bbox 215 4106 1871 4198; baseline -0.004 -22"><span class='ocrx_word' id='word_1_407' title='bbox 215 4121 281 4176; x_wconf 91' lang='lat' dir='ltr'>tum</span> <span class='ocrx_word' id='word_1_408' title='bbox 303 4115 395 4190; x_wconf 87' lang='lat' dir='ltr'>(anno</span> <span class='ocrx_word' id='word_1_409' title='bbox 418 4112 492 4188; x_wconf 83' lang='lat'>499)</span> <span class='ocrx_word' id='word_1_410' title='bbox 514 4108 598 4196; x_wconf 90' lang='lat' dir='ltr'>apud</span> <span class='ocrx_word' id='word_1_411' title='bbox 621 4111 803 4198; x_wconf 87' lang='lat' dir='ltr'>episcopum</span> <span class='ocrx_word' id='word_1_412' title='bbox 826 4110 1093 4176; x_wconf 89' lang='lat' dir='ltr'>Mediolanensem</span> <span class='ocrx_word' id='word_1_413' title='bbox 1117 4110 1218 4174; x_wconf 88' lang='lat' dir='ltr'>officio</span> <span class='ocrx_word' id='word_1_414' title='bbox 1241 4110 1381 4174; x_wconf 90' lang='lat' dir='ltr'>functum</span> <span class='ocrx_word' id='word_1_415' title='bbox 1403 4132 1480 4174; x_wconf 89' lang='lat' dir='ltr'>esse.</span> <span class='ocrx_word' id='word_1_416' title='bbox 1517 4106 1601 4194; x_wconf 93' lang='lat' dir='ltr'>quod</span> <span class='ocrx_word' id='word_1_417' title='bbox 1624 4106 1790 4194; x_wconf 89' lang='lat' dir='ltr'>quominus</span> <span class='ocrx_word' id='word_1_418' title='bbox 1813 4127 1871 4191; x_wconf 92' lang='lat' dir='ltr'>pro</span> 
     </span>
     <span class='ocr_line' id='line_1_37' title="bbox 216 4207 1871 4301; baseline -0.003 -23"><span class='ocrx_word' id='word_1_419' title='bbox 216 4225 298 4279; x_wconf 89' lang='lat' dir='ltr'>certo</span> <span class='ocrx_word' id='word_1_420' title='bbox 326 4213 442 4279; x_wconf 89' lang='lat' dir='ltr'>habeas</span> <span class='ocrx_word' id='word_1_421' title='bbox 472 4213 504 4277; x_wconf 92' lang='lat' dir='ltr'>id</span> <span class='ocrx_word' id='word_1_422' title='bbox 535 4213 654 4293; x_wconf 86' lang='lat' dir='ltr'>obstat,</span> <span class='ocrx_word' id='word_1_423' title='bbox 688 4214 773 4301; x_wconf 93' lang='lat' dir='ltr'>quod</span> <span class='ocrx_word' id='word_1_424' title='bbox 801 4238 955 4301; x_wconf 87' lang='lat' dir='ltr'>nusquam</span> <span class='ocrx_word' id='word_1_425' title='bbox 983 4223 1087 4301; x_wconf 85' lang='lat' dir='ltr'>aperte</span> <span class='ocrx_word' id='word_1_426' title='bbox 1121 4212 1269 4279; x_wconf 88' lang='lat' dir='ltr'>traditum</span> <span class='ocrx_word' id='word_1_427' title='bbox 1303 4221 1350 4278; x_wconf 90' lang='lat' dir='ltr'>est</span> <span class='ocrx_word' id='word_1_428' title='bbox 1382 4235 1465 4300; x_wconf 89' lang='lat' dir='ltr'>papa</span> <span class='ocrx_word' id='word_1_429' title='bbox 1496 4213 1567 4298; x_wconf 88' lang='lat' dir='ltr'>ipso</span> <span class='ocrx_word' id='word_1_430' title='bbox 1600 4220 1762 4298; x_wconf 85' lang='lat' dir='ltr'>praesente</span> <span class='ocrx_word' id='word_1_431' title='bbox 1792 4207 1871 4274; x_wconf 89' lang='lat' dir='ltr'>illud</span> 
     </span>
     <span class='ocr_line' id='line_1_38' title="bbox 215 4313 1871 4404; baseline -0.001 -24"><span class='ocrx_word' id='word_1_432' title='bbox 215 4317 374 4402; x_wconf 85' lang='lat' dir='ltr'>negotium</span> <span class='ocrx_word' id='word_1_433' title='bbox 397 4327 596 4403; x_wconf 88' lang='lat' dir='ltr'>procuratum</span> <span class='ocrx_word' id='word_1_434' title='bbox 619 4340 696 4382; x_wconf 88' lang='lat' dir='ltr'>esse.</span> <span class='ocrx_word' id='word_1_435' title='bbox 739 4318 835 4382; x_wconf 91' lang='lat' dir='ltr'>immo</span> <span class='ocrx_word' id='word_1_436' title='bbox 865 4317 969 4382; x_wconf 90' lang='lat' dir='ltr'>verbis</span> <span class='ocrx_word' id='word_1_437' title='bbox 999 4322 1039 4404; x_wconf 87' lang='lat' dir='ltr'>(p.</span> <span class='ocrx_word' id='word_1_438' title='bbox 1058 4321 1109 4396; x_wconf 89' lang='grc'>83,</span> <span class='ocrx_word' id='word_1_439' title='bbox 1126 4321 1194 4395; x_wconf 69' lang='grc'><strong>2911</strong></span> <span class='ocrx_word' id='word_1_440' title='bbox 1220 4317 1348 4398; x_wconf 82' lang='grc'><strong>,11111111</strong></span> <span class='ocrx_word' id='word_1_441' title='bbox 1371 4316 1471 4380; x_wconf 89' lang='lat' dir='ltr'>sancti</span> <span class='ocrx_word' id='word_1_442' title='bbox 1493 4337 1593 4402; x_wconf 85' lang='lat' dir='ltr'>papae</span> <span class='ocrx_word' id='word_1_443' title='bbox 1615 4315 1728 4393; x_wconf 86' lang='lat' dir='ltr'>habeo,</span> <span class='ocrx_word' id='word_1_444' title='bbox 1757 4313 1871 4400; x_wconf 91' lang='lat' dir='ltr'>quibus</span> 
     </span>
     <span class='ocr_line' id='line_1_39' title="bbox 216 4415 1872 4509; baseline -0.002 -25"><span class='ocrx_word' id='word_1_445' title='bbox 216 4422 323 4499; x_wconf 89' lang='lat' dir='ltr'>iussit,</span> <span class='ocrx_word' id='word_1_446' title='bbox 353 4420 504 4506; x_wconf 92' lang='lat' dir='ltr'>quidquid</span> <span class='ocrx_word' id='word_1_447' title='bbox 528 4444 607 4509; x_wconf 92' lang='lat' dir='ltr'>opus</span> <span class='ocrx_word' id='word_1_448' title='bbox 637 4431 720 4486; x_wconf 88' lang='lat' dir='ltr'>esset</span> <span class='ocrx_word' id='word_1_449' title='bbox 746 4423 825 4502; x_wconf 91' lang='lat' dir='ltr'>fieri,</span> <span class='ocrx_word' id='word_1_450' title='bbox 851 4445 922 4486; x_wconf 92' lang='lat' dir='ltr'>cum</span> <span class='ocrx_word' id='word_1_451' title='bbox 951 4445 1021 4486; x_wconf 88' lang='lat' dir='ltr'>mea</span> <span class='ocrx_word' id='word_1_452' title='bbox 1048 4421 1159 4487; x_wconf 87' lang='lat' dir='ltr'>debere</span> <span class='ocrx_word' id='word_1_453' title='bbox 1186 4422 1350 4486; x_wconf 86' lang='lat' dir='ltr'>securitate</span> <span class='ocrx_word' id='word_1_454' title='bbox 1372 4420 1531 4507; x_wconf 87' lang='lat' dir='ltr'>compleri‘</span> <span class='ocrx_word' id='word_1_455' title='bbox 1559 4417 1643 4484; x_wconf 87' lang='lat' dir='ltr'>haud</span> <span class='ocrx_word' id='word_1_456' title='bbox 1670 4419 1735 4483; x_wconf 90' lang='lat' dir='ltr'>scio</span> <span class='ocrx_word' id='word_1_457' title='bbox 1763 4439 1803 4481; x_wconf 89' lang='lat' dir='ltr'>an</span> <span class='ocrx_word' id='word_1_458' title='bbox 1830 4415 1872 4481; x_wconf 91' lang='lat' dir='ltr'>ad</span> 
     </span>
     <span class='ocr_line' id='line_1_40' title="bbox 216 4521 1872 4612; baseline -0.002 -24"><span class='ocrx_word' id='word_1_459' title='bbox 216 4525 401 4590; x_wconf 88' lang='lat' dir='ltr'>contrariam</span> <span class='ocrx_word' id='word_1_460' title='bbox 430 4527 614 4592; x_wconf 89' lang='lat' dir='ltr'>sententiam</span> <span class='ocrx_word' id='word_1_461' title='bbox 636 4527 801 4591; x_wconf 88' lang='lat' dir='ltr'>inclineris.</span> <span class='ocrx_word' id='word_1_462' title='bbox 846 4535 879 4591; x_wconf 90' lang='lat' dir='ltr'>at</span> <span class='ocrx_word' id='word_1_463' title='bbox 907 4549 956 4591; x_wconf 89' lang='lat' dir='ltr'>res</span> <span class='ocrx_word' id='word_1_464' title='bbox 986 4525 1212 4612; x_wconf 87' lang='lat' dir='ltr'>disceptabitur</span> <span class='ocrx_word' id='word_1_465' title='bbox 1238 4526 1297 4590; x_wconf 88' lang='lat' dir='ltr'>hac</span> <span class='ocrx_word' id='word_1_466' title='bbox 1319 4525 1596 4610; x_wconf 87' lang='lat' dir='ltr'>argumentatione:</span> <span class='ocrx_word' id='word_1_467' title='bbox 1625 4525 1747 4587; x_wconf 85' lang='lat' dir='ltr'>Auctor</span> <span class='ocrx_word' id='word_1_468' title='bbox 1768 4521 1872 4588; x_wconf 92' lang='lat' dir='ltr'>Vero-</span> 
     </span>
     <span class='ocr_line' id='line_1_41' title="bbox 215 4625 1870 4717; baseline -0.002 -25"><span class='ocrx_word' id='word_1_469' title='bbox 215 4629 329 4707; x_wconf 88' lang='lat' dir='ltr'>nensis,</span> <span class='ocrx_word' id='word_1_470' title='bbox 350 4652 412 4716; x_wconf 92' lang='lat' dir='ltr'>quo</span> <span class='ocrx_word' id='word_1_471' title='bbox 435 4631 559 4695; x_wconf 90' lang='lat' dir='ltr'>nomine</span> <span class='ocrx_word' id='word_1_472' title='bbox 579 4631 823 4716; x_wconf 84' lang='lat' dir='ltr'>significabimus</span> <span class='ocrx_word' id='word_1_473' title='bbox 846 4631 944 4695; x_wconf 87' lang='lat' dir='ltr'>vitam</span> <span class='ocrx_word' id='word_1_474' title='bbox 960 4630 1140 4717; x_wconf 90' lang='lat' dir='ltr'>Symmachi</span> <span class='ocrx_word' id='word_1_475' title='bbox 1162 4653 1201 4694; x_wconf 87' lang='lat' dir='ltr'>ex</span> <span class='ocrx_word' id='word_1_476' title='bbox 1224 4629 1330 4695; x_wconf 90' lang='lat' dir='ltr'>codice</span> <span class='ocrx_word' id='word_1_477' title='bbox 1345 4628 1523 4696; x_wconf 89' lang='lat' dir='ltr'>Veronensi</span> <span class='ocrx_word' id='word_1_478' title='bbox 1546 4636 1711 4714; x_wconf 90' lang='lat' dir='ltr'>sumptam,</span> <span class='ocrx_word' id='word_1_479' title='bbox 1733 4625 1870 4712; x_wconf 85' lang='lat' dir='ltr'>scripsit:</span> 
     </span>
     <span class='ocr_line' id='line_1_42' title="bbox 216 4727 1873 4822; baseline -0.002 -25"><span class='ocrx_word' id='word_1_480' title='bbox 216 4733 269 4810; x_wconf 92' lang='lat' dir='ltr'>,ihi</span> <span class='ocrx_word' id='word_1_481' title='bbox 296 4733 326 4815; x_wconf 83' lang='lat' dir='ltr'>(i.</span> <span class='ocrx_word' id='word_1_482' title='bbox 348 4757 374 4798; x_wconf 91' lang='lat' dir='ltr'>e.</span> <span class='ocrx_word' id='word_1_483' title='bbox 402 4733 570 4799; x_wconf 83' lang='lat' dir='ltr'>Ravennae</span> <span class='ocrx_word' id='word_1_484' title='bbox 599 4757 681 4800; x_wconf 89' lang='lat' dir='ltr'>anno</span> <span class='ocrx_word' id='word_1_485' title='bbox 709 4738 783 4814; x_wconf 88' lang='grc'>499)</span> <span class='ocrx_word' id='word_1_486' title='bbox 810 4735 1017 4822; x_wconf 88' lang='lat' dir='ltr'>Symmachus</span> <span class='ocrx_word' id='word_1_487' title='bbox 1045 4735 1152 4800; x_wconf 92' lang='lat' dir='ltr'>multis</span> <span class='ocrx_word' id='word_1_488' title='bbox 1181 4734 1321 4821; x_wconf 89' lang='lat' dir='ltr'>pecuniis</span> <span class='ocrx_word' id='word_1_489' title='bbox 1354 4733 1491 4811; x_wconf 87' lang='lat' dir='ltr'>obtinet‘,</span> <span class='ocrx_word' id='word_1_490' title='bbox 1524 4754 1603 4818; x_wconf 89' lang='lat' dir='ltr'>quae</span> <span class='ocrx_word' id='word_1_491' title='bbox 1630 4741 1667 4796; x_wconf 92' lang='lat' dir='ltr'>ut</span> <span class='ocrx_word' id='word_1_492' title='bbox 1693 4730 1788 4795; x_wconf 72' lang='lat' dir='ltr'>uerba</span> <span class='ocrx_word' id='word_1_493' title='bbox 1818 4727 1873 4794; x_wconf 87' lang='lat' dir='ltr'>ad-</span> 
     </span>
     <span class='ocr_line' id='line_1_43' title="bbox 217 4835 1872 4927; baseline 0 -27"><span class='ocrx_word' id='word_1_494' title='bbox 217 4839 345 4902; x_wconf 80' lang='lat' dir='ltr'>versarii</span> <span class='ocrx_word' id='word_1_495' title='bbox 373 4838 517 4904; x_wconf 88' lang='lat' dir='ltr'>malevoli</span> <span class='ocrx_word' id='word_1_496' title='bbox 541 4863 560 4905; x_wconf 95' lang='lat' dir='ltr'>a</span> <span class='ocrx_word' id='word_1_497' title='bbox 582 4841 738 4927; x_wconf 89' lang='lat' dir='ltr'>plerisque</span> <span class='ocrx_word' id='word_1_498' title='bbox 765 4840 998 4927; x_wconf 87' lang='lat' dir='ltr'>respuebantur.</span> <span class='ocrx_word' id='word_1_499' title='bbox 1043 4839 1098 4904; x_wconf 87' lang='lat' dir='ltr'>sed</span> <span class='ocrx_word' id='word_1_500' title='bbox 1127 4861 1229 4904; x_wconf 89' lang='lat' dir='ltr'>nonne</span> <span class='ocrx_word' id='word_1_501' title='bbox 1256 4838 1338 4903; x_wconf 90' lang='lat' dir='ltr'>idem</span> <span class='ocrx_word' id='word_1_502' title='bbox 1359 4860 1398 4903; x_wconf 85' lang='lat' dir='ltr'>ex</span> <span class='ocrx_word' id='word_1_503' title='bbox 1420 4835 1556 4916; x_wconf 86' lang='lat' dir='ltr'>Ennodi,</span> <span class='ocrx_word' id='word_1_504' title='bbox 1578 4859 1679 4923; x_wconf 88' lang='lat' dir='ltr'>papae</span> <span class='ocrx_word' id='word_1_505' title='bbox 1701 4835 1872 4901; x_wconf 84' lang='lat' dir='ltr'>defensoris</span> 
     </span>
     <span class='ocr_line' id='line_1_44' title="bbox 217 4940 1872 5032; baseline 0 -28"><span class='ocrx_word' id='word_1_506' title='bbox 217 4940 370 5020; x_wconf 89' lang='lat' dir='ltr'>acerrimi,</span> <span class='ocrx_word' id='word_1_507' title='bbox 399 4951 486 5028; x_wconf 89' lang='lat' dir='ltr'>patet</span> <span class='ocrx_word' id='word_1_508' title='bbox 508 4943 613 5008; x_wconf 81' lang='lat' dir='ltr'>verbis</span> <span class='ocrx_word' id='word_1_509' title='bbox 642 4949 682 5030; x_wconf 86' lang='lat' dir='ltr'>(p.</span> <span class='ocrx_word' id='word_1_510' title='bbox 698 4947 749 5022; x_wconf 84' lang='grc'>83,</span> <span class='ocrx_word' id='word_1_511' title='bbox 762 4949 826 5023; x_wconf 72' lang='lat' dir='ltr'>rei:</span> <span class='ocrx_word' id='word_1_512' title='bbox 852 4946 1028 5032; x_wconf 91' lang='lat' dir='ltr'>,episcopus</span> <span class='ocrx_word' id='word_1_513' title='bbox 1052 4949 1102 5026; x_wconf 90' lang='lat'>(=</span> <span class='ocrx_word' id='word_1_514' title='bbox 1119 4943 1318 5022; x_wconf 79' lang='lat' dir='ltr'>laurentius)</span> <span class='ocrx_word' id='word_1_515' title='bbox 1344 4942 1532 5029; x_wconf 90' lang='lat' dir='ltr'>postulavit,</span> <span class='ocrx_word' id='word_1_516' title='bbox 1562 4949 1596 5005; x_wconf 91' lang='grc'>11</span> <span class='ocrx_word' id='word_1_517' title='bbox 1617 4962 1771 5026; x_wconf 90' lang='lat' dir='ltr'>expensa,</span> <span class='ocrx_word' id='word_1_518' title='bbox 1793 4963 1872 5026; x_wconf 89' lang='lat' dir='ltr'>quae</span> 
     </span>
     <span class='ocr_line' id='line_1_45' title="bbox 219 5045 1872 5135; baseline 0 -26"><span class='ocrx_word' id='word_1_519' title='bbox 219 5067 274 5130; x_wconf 89' lang='lat' dir='ltr'>pro</span> <span class='ocrx_word' id='word_1_520' title='bbox 296 5047 533 5112; x_wconf 88' lang='lat' dir='ltr'>necessitatibus</span> <span class='ocrx_word' id='word_1_521' title='bbox 557 5046 664 5112; x_wconf 87' lang='lat' dir='ltr'>domni</span> <span class='ocrx_word' id='word_1_522' title='bbox 694 5071 794 5135; x_wconf 90' lang='lat' dir='ltr'>papae</span> <span class='ocrx_word' id='word_1_523' title='bbox 816 5048 986 5114; x_wconf 85' lang='lat' dir='ltr'>Ravennae</span> <span class='ocrx_word' id='word_1_524' title='bbox 1013 5049 1097 5113; x_wconf 85' lang='lat' dir='ltr'>facta</span> <span class='ocrx_word' id='word_1_525' title='bbox 1118 5056 1182 5127; x_wconf 90' lang='lat' dir='ltr'>est,</span> <span class='ocrx_word' id='word_1_526' title='bbox 1213 5045 1419 5112; x_wconf 88' lang='lat' dir='ltr'>redhibitione</span> <span class='ocrx_word' id='word_1_527' title='bbox 1441 5055 1632 5133; x_wconf 88' lang='lat' dir='ltr'>pensaretur.</span> <span class='ocrx_word' id='word_1_528' title='bbox 1675 5045 1767 5109; x_wconf 89' lang='lat' dir='ltr'>certis</span> <span class='ocrx_word' id='word_1_529' title='bbox 1790 5045 1872 5109; x_wconf 92' lang='lat' dir='ltr'>enim</span> 
     </span>
     <span class='ocr_line' id='line_1_46' title="bbox 217 5147 1872 5240; baseline -0.002 -24"><span class='ocrx_word' id='word_1_530' title='bbox 217 5152 414 5236; x_wconf 88' lang='lat' dir='ltr'>potentibus,</span> <span class='ocrx_word' id='word_1_531' title='bbox 429 5176 561 5239; x_wconf 92' lang='lat' dir='ltr'>quorum</span> <span class='ocrx_word' id='word_1_532' title='bbox 585 5155 712 5218; x_wconf 89' lang='lat' dir='ltr'>nomina</span> <span class='ocrx_word' id='word_1_533' title='bbox 733 5162 836 5220; x_wconf 90' lang='lat' dir='ltr'>tutum</span> <span class='ocrx_word' id='word_1_534' title='bbox 859 5178 923 5220; x_wconf 92' lang='lat' dir='ltr'>non</span> <span class='ocrx_word' id='word_1_535' title='bbox 945 5163 994 5219; x_wconf 90' lang='lat' dir='ltr'>est</span> <span class='ocrx_word' id='word_1_536' title='bbox 1015 5155 1133 5240; x_wconf 88' lang='lat' dir='ltr'>scripto</span> <span class='ocrx_word' id='word_1_537' title='bbox 1156 5153 1286 5238; x_wconf 88' lang='lat' dir='ltr'>signari,</span> <span class='ocrx_word' id='word_1_538' title='bbox 1308 5150 1399 5216; x_wconf 90' lang='lat' dir='ltr'>novit</span> <span class='ocrx_word' id='word_1_539' title='bbox 1421 5149 1566 5215; x_wconf 90' lang='lat' dir='ltr'>dominus</span> <span class='ocrx_word' id='word_1_540' title='bbox 1585 5148 1662 5235; x_wconf 90' lang='lat' dir='ltr'>quia</span> <span class='ocrx_word' id='word_1_541' title='bbox 1684 5147 1755 5235; x_wconf 90' lang='lat' dir='ltr'>plus</span> <span class='ocrx_word' id='word_1_542' title='bbox 1779 5171 1872 5234; x_wconf 90' lang='lat' dir='ltr'>quam</span> 
     </span>
     <span class='ocr_line' id='line_1_47' title="bbox 217 5251 1872 5344; baseline -0.003 -24"><span class='ocrx_word' id='word_1_543' title='bbox 217 5255 460 5342; x_wconf 90' lang='lat' dir='ltr'>quadringentos</span> <span class='ocrx_word' id='word_1_544' title='bbox 483 5259 550 5323; x_wconf 89' lang='lat' dir='ltr'>auri</span> <span class='ocrx_word' id='word_1_545' title='bbox 567 5257 686 5323; x_wconf 90' lang='lat' dir='ltr'>solidos</span> <span class='ocrx_word' id='word_1_546' title='bbox 701 5259 851 5344; x_wconf 89' lang='lat' dir='ltr'>erogavit.</span> <span class='ocrx_word' id='word_1_547' title='bbox 883 5259 942 5323; x_wconf 92' lang='lat' dir='ltr'>hos</span> <span class='ocrx_word' id='word_1_548' title='bbox 965 5281 1014 5324; x_wconf 90' lang='lat' dir='ltr'>me</span> <span class='ocrx_word' id='word_1_549' title='bbox 1031 5256 1124 5322; x_wconf 85' lang='lat' dir='ltr'>fidem</span> <span class='ocrx_word' id='word_1_550' title='bbox 1140 5255 1260 5320; x_wconf 85' lang='lat' dir='ltr'>dicente</span> <span class='ocrx_word' id='word_1_551' title='bbox 1276 5254 1457 5319; x_wconf 75' lang='lat' dir='ltr'>concessit?</span> <span class='ocrx_word' id='word_1_552' title='bbox 1488 5275 1558 5317; x_wconf 89' lang='lat' dir='ltr'>ecoe</span> <span class='ocrx_word' id='word_1_553' title='bbox 1580 5260 1722 5338; x_wconf 88' lang='lat' dir='ltr'>potentes</span> <span class='ocrx_word' id='word_1_554' title='bbox 1744 5251 1872 5338; x_wconf 88' lang='lat' dir='ltr'>quidam</span> 
     </span>
     <span class='ocr_line' id='line_1_48' title="bbox 217 5356 1873 5450; baseline -0.004 -24"><span class='ocrx_word' id='word_1_555' title='bbox 217 5363 349 5446; x_wconf 89' lang='lat' dir='ltr'>pecunia</span> <span class='ocrx_word' id='word_1_556' title='bbox 371 5364 523 5450; x_wconf 83' lang='lat' dir='ltr'>corrupti,</span> <span class='ocrx_word' id='word_1_557' title='bbox 551 5387 685 5450; x_wconf 90' lang='lat' dir='ltr'>quorum</span> <span class='ocrx_word' id='word_1_558' title='bbox 707 5364 834 5428; x_wconf 88' lang='lat' dir='ltr'>nomina</span> <span class='ocrx_word' id='word_1_559' title='bbox 860 5364 972 5429; x_wconf 89' lang='lat' dir='ltr'>litteris</span> <span class='ocrx_word' id='word_1_560' title='bbox 995 5361 1143 5426; x_wconf 89' lang='lat' dir='ltr'>mandare</span> <span class='ocrx_word' id='word_1_561' title='bbox 1165 5382 1259 5425; x_wconf 90' lang='lat' dir='ltr'>ausus</span> <span class='ocrx_word' id='word_1_562' title='bbox 1282 5359 1428 5423; x_wconf 90' lang='lat' dir='ltr'>nonest!</span> <span class='ocrx_word' id='word_1_563' title='bbox 1472 5357 1587 5444; x_wconf 90' lang='lat' dir='ltr'>quibus</span> <span class='ocrx_word' id='word_1_564' title='bbox 1610 5356 1714 5420; x_wconf 90' lang='lat' dir='ltr'>verbis</span> <span class='ocrx_word' id='word_1_565' title='bbox 1738 5356 1873 5419; x_wconf 90' lang='lat' dir='ltr'>auctoris</span> 
     </span>
    </p>
   </div>
   <div class='ocr_carea' id='block_1_3' title="bbox 217 5457 1873 5841">
    <p class='ocr_par' dir='ltr' id='par_1_4' title="bbox 218 5457 1873 5554">
     <span class='ocr_line' id='line_1_49' title="bbox 218 5457 1873 5554; baseline -0.004 -25"><span class='ocrx_word' id='word_1_566' title='bbox 218 5464 413 5530; x_wconf 82' lang='lat' dir='ltr'>Veronensis</span> <span class='ocrx_word' id='word_1_567' title='bbox 441 5475 472 5530; x_wconf 89' lang='lat' dir='ltr'>et</span> <span class='ocrx_word' id='word_1_568' title='bbox 493 5465 618 5532; x_wconf 90' lang='lat' dir='ltr'>Enncdi</span> <span class='ocrx_word' id='word_1_569' title='bbox 648 5468 729 5531; x_wconf 87' lang='lat' dir='ltr'>inter</span> <span class='ocrx_word' id='word_1_570' title='bbox 757 5489 790 5531; x_wconf 87' lang='lat' dir='ltr'>se</span> <span class='ocrx_word' id='word_1_571' title='bbox 817 5465 947 5554; x_wconf 70' lang='lat' dir='ltr'>collatis}</span> <span class='ocrx_word' id='word_1_572' title='bbox 968 5467 1142 5531; x_wconf 87' lang='lat' dir='ltr'>necessario</span> <span class='ocrx_word' id='word_1_573' title='bbox 1169 5463 1384 5530; x_wconf 89' lang='lat' dir='ltr'>concludimus</span> <span class='ocrx_word' id='word_1_574' title='bbox 1416 5461 1456 5526; x_wconf 88' lang='lat' dir='ltr'>ab</span> <span class='ocrx_word' id='word_1_575' title='bbox 1485 5471 1617 5548; x_wconf 89' lang='lat' dir='ltr'>utroque</span> <span class='ocrx_word' id='word_1_576' title='bbox 1644 5458 1684 5524; x_wconf 90' lang='lat' dir='ltr'>de</span> <span class='ocrx_word' id='word_1_577' title='bbox 1710 5457 1818 5524; x_wconf 88' lang='lat' dir='ltr'>eadem</span> <span class='ocrx_word' id='word_1_578' title='bbox 1841 5481 1873 5523; x_wconf 87' lang='lat' dir='ltr'>re</span> 
     </span>
    </p>

    <p class='ocr_par' dir='ltr' id='par_1_5' title="bbox 217 5562 1872 5658">
     <span class='ocr_line' id='line_1_50' title="bbox 217 5562 1872 5658; baseline -0.004 -24"><span class='ocrx_word' id='word_1_579' title='bbox 217 5569 277 5652; x_wconf 85' lang='lat' dir='ltr'>agi,</span> <span class='ocrx_word' id='word_1_580' title='bbox 298 5567 480 5634; x_wconf 88' lang='lat' dir='ltr'>Ennodium</span> <span class='ocrx_word' id='word_1_581' title='bbox 501 5593 575 5657; x_wconf 90' lang='lat' dir='ltr'>ergo</span> <span class='ocrx_word' id='word_1_582' title='bbox 599 5571 747 5638; x_wconf 87' lang='grc'><strong>11111499</strong></span> <span class='ocrx_word' id='word_1_583' title='bbox 770 5572 948 5635; x_wconf 89' lang='lat' dir='ltr'>ministrum</span> <span class='ocrx_word' id='word_1_584' title='bbox 970 5571 1109 5658; x_wconf 89' lang='lat' dir='ltr'>episcopi</span> <span class='ocrx_word' id='word_1_585' title='bbox 1131 5567 1378 5634; x_wconf 89' lang='lat' dir='ltr'>Mediolanensis</span> <span class='ocrx_word' id='word_1_586' title='bbox 1401 5566 1507 5630; x_wconf 85' lang='grc'><strong>1111111.</strong></span> <span class='ocrx_word' id='word_1_587' title='bbox 1551 5564 1644 5630; x_wconf 89' lang='lat' dir='ltr'>simul</span> <span class='ocrx_word' id='word_1_588' title='bbox 1668 5562 1872 5628; x_wconf 90' lang='lat' dir='ltr'>diiudicatum</span> 
     </span>
    </p>

    <p class='ocr_par' dir='ltr' id='par_1_6' title="bbox 217 5668 1872 5841">
     <span class='ocr_line' id='line_1_51' title="bbox 217 5668 1872 5762; baseline -0.003 -26"><span class='ocrx_word' id='word_1_589' title='bbox 217 5683 273 5751; x_wconf 86' lang='lat' dir='ltr'>est,</span> <span class='ocrx_word' id='word_1_590' title='bbox 307 5672 392 5759; x_wconf 91' lang='lat' dir='ltr'>quod</span> <span class='ocrx_word' id='word_1_591' title='bbox 421 5674 562 5739; x_wconf 87' lang='lat' dir='ltr'>Thielius</span> <span class='ocrx_word' id='word_1_592' title='bbox 592 5674 966 5762; x_wconf 77' lang='grc'><strong>(111111111111111.734)</strong></span> <span class='ocrx_word' id='word_1_593' title='bbox 995 5676 1025 5739; x_wconf 90' lang='lat' dir='ltr'>in</span> <span class='ocrx_word' id='word_1_594' title='bbox 1054 5669 1470 5762; x_wconf 58' lang='lat' dir='ltr'>suspensrfflrelinquendum</span> <span class='ocrx_word' id='word_1_595' title='bbox 1503 5691 1572 5734; x_wconf 89' lang='lat' dir='ltr'>esse</span> <span class='ocrx_word' id='word_1_596' title='bbox 1600 5668 1733 5745; x_wconf 90' lang='lat' dir='ltr'>censuit,</span> <span class='ocrx_word' id='word_1_597' title='bbox 1770 5677 1872 5732; x_wconf 88' lang='lat' dir='ltr'>utrum</span> 
     </span>
     <span class='ocr_line' id='line_1_52' title="bbox 321 5778 1714 5841; baseline -0.004 -1"><span class='ocrx_word' id='word_1_598' title='bbox 321 5785 461 5841; x_wconf 82' lang='lat' dir='ltr'>Eunomus.</span> <span class='ocrx_word' id='word_1_599' title='bbox 1697 5778 1714 5834; x_wconf 94' lang='lat' dir='ltr'>b</span> 
     </span>
    </p>
   </div>
   <div class='ocr_carea' id='block_1_4' title="bbox 0 0 2327 6436">
    <p class='ocr_par' dir='ltr' id='par_1_7' title="bbox 0 0 2327 6436">
     <span class='ocr_line' id='line_1_53' title="bbox 0 0 2327 6436; baseline 0 0"><span class='ocrx_word' id='word_1_600' title='bbox 0 0 2327 6436; x_wconf 95' lang='lat' dir='ltr'> </span> 
     </span>
    </p>
   </div>
  </div>
 </body>
</html>
