4508 6526
562 1491 566 1503 Ι
653 1367 931 1468 IDDENDI
961 1369 1035 1468 ET
1063 1372 1441 1474 CORRIGENDA.

994 1579 1096 1588 ᾗ

531 1765 558 1816 p.
611 1746 673 1807 923
691 1745 798 1815 incepit
811 1763 864 1814 pro
881 1746 983 1816 incipit
1000 1747 1100 1800 canino
1118 1748 1162 1814 (cf.
1181 1767 1208 1818 p.
1217 1751 1322 1820 25725)

596 1834 673 1898 1016
691 1832 852 1902 colligimus
865 1849 918 1901 pro
936 1834 1100 1902 collegimus
1117 1837 1216 1889 canino

594 1921 670 1988 1128
688 1919 774 1973 havet
786 1935 839 1987 pro
856 1919 944 1973 habet
961 1921 1062 1973 conicio
1081 1922 1125 1988 (cf.
1144 1921 1201 1978 ind.
1220 1923 1245 1977 V
1264 1941 1284 1976 s.
1298 1942 1323 1978 v.
1342 1925 1455 1992 habere)

595 2008 670 2074 14‚11
691 2006 922 2076 promissionibus
936 2023 988 2074 pro
1005 2008 1227 2077 processionibus
1245 2012 1343 2064 5551515
1362 2013 1407 2079 (cf.
1426 2012 1552 2082 51532)

639 2093 671 2146 15
690 2093 887 2162 interpollatae
900 2109 952 2161 pro
970 2094 1158 2164 interpolatae
1177 2097 1276 2150 conicio
1295 2098 1338 2166 (cl.
1358 2117 1384 2167 p.
1396 2099 1466 2165 679)

591 2181 668 2244 2216
687 2185 740 2233 nol.
760 2179 874 2235 CCLV3
889 2196 941 2248 pro
959 2180 1090 2235 couvre

593 2268 670 2331 2626
690 2267 847 2336 praecessit,
866 2267 1011 2321 anxietate
1025 2283 1078 2335 pm
1095 2269 1245 2337 praecessit
1263 2271 1415 2338 anxietate,

591 2354 716 2421 472215
735 2353 801 2407 mali
823 2353 957 2407 solacium
973 2354 1073 2422 proin
1091 2355 1173 2408 molis
1191 2356 1323 2409 solacium
1343 2359 1445 2410 conicio

592 2441 670 2508 5122
687 2439 755 2493 adda
772 2440 803 2492 in
819 2440 951 2508 nmrpine:
969 2441 1024 2495 cic.
1045 2442 1118 2496 Cael.
1137 2444 1197 2506 922

593 2528 668 2590 5821
689 2526 824 2595 seriptum
841 2543 890 2594 pro
908 2527 1027 2596 sriptum

592 2613 669 2675 7729
688 2618 745 2665 not.
763 2613 876 2666 indiciis
894 2613 917 2668 'P
932 2629 984 2680 pro
1001 2614 1113 2668 indiciis
1131 2615 1153 2668 P

576 2700 667 2764 10041
688 2697 858 2752 transmittit
876 2701 905 2752 et
918 2714 970 2766 pro
988 2700 1157 2754 transmittit

577 2785 670 2848 10124
688 2784 744 2838 diei
763 2801 834 2854 pyro
847 2801 901 2852 pro
919 2785 983 2838 fidei
1002 2803 1072 2855 pyra
1090 2787 1189 2839 555155

576 2873 669 2939 10394
686 2877 740 2926 not.
759 2871 899 2925 redemere
918 2873 940 2925 B
955 2888 1007 2940 pro
1024 2874 1164 2928 redemere
1185 2874 1207 2926 V

571 2958 664 3021 10625
682 2961 779 3027 pectus
793 2974 846 3026 pro
863 2962 945 3027 petus

574 3045 668 3112 10928
686 3050 740 3098 not.
760 3045 896 3114 producet
909 3062 964 3113 pro
982 3047 1120 3115 producet

573 3131 668 3186 19030
685 3131 758 3185 dono
777 3131 807 3184 in
821 3148 873 3199 pro
891 3131 971 3200 dono,
990 3133 1019 3185 in

570 3219 621 3271 148
684 3217 795 3271 CLXIII
810 3234 862 3286 pro
881 3219 1019 3272 CLXXIII

571 3306 620 3361 157
640 3307 695 3374 (op.
705 3304 889 3372 (111111111112)
908 3305 938 3358 in
957 3307 1065 3360 modico
1080 3323 1132 3374 pru
1152 3307 1289 3362 inmodico

572 3393 648 3456 leat
683 3391 848 3461 adsumptus
863 3409 915 3460 pro
933 3393 1099 3462 absumptus

570 3479 665 3546 19520
682 3477 800 3547 prolixis
813 3494 867 3545 pro
886 3479 988 3548 polixis

569 3567 621 3619 203
638 3565 669 3617 in
686 3571 739 3618 not.
759 3582 847 3633 usquc
865 3566 901 3619 nd
921 3565 1102 3620 CCCLXXVI
1116 3582 1168 3634 pro
1185 3583 1273 3635 usquc
1291 3565 1326 3619 nd
1345 3567 1521 3622 CCCCXXIV

568 3654 665 3718 20538
682 3652 824 3706 studiosae
838 3669 890 3721 pro
907 3653 1030 3708 studiose

569 3741 620 3794 241
640 3743 694 3810 (op.
708 3740 851 3796 CCCXXV
863 3743 904 3808 ll)
923 3741 1039 3795 mellosa
1052 3757 1104 3809 pm
1122 3740 1236 3794 Mellcsa

569 3829 665 3890 30029
683 3827 791 3882 dulcem
812 3844 870 3881 esec
888 3828 952 3893 (scil.
972 3827 1200 3894 diminutionem)
1216 3828 1365 3895 pendulae
1384 3831 1433 3890 est,
1453 3829 1482 3879 et

571 3915 648 3980 aul
684 3913 854 3968 adversitate
868 3930 921 3981 pro
939 3914 1103 3967 diversitate
1122 3914 1166 3979 (cf.
1186 3932 1212 3982 p.
1224 3914 1294 3974 694)

568 3999 663 4069 31127
681 4005 736 4053 not.
755 4001 862 4054 aruerit
880 4001 902 4054 B
916 4016 969 4068 pru
987 4000 1096 4054 nurabIt
1115 4000 1136 4052 B

566 4089 618 4141 332
680 4086 859 4141 Timotheum
873 4103 925 4156 pro
943 4087 1146 4141 'Phimotlreum

569 4176 620 4228 3.·18
680 4174 826 4228 Phaethon
841 4191 893 4242 pro
913 4175 1040 4228 Phaeton

418 4298 503 4367 pinel.
524 4315 550 4366 p.
568 4297 650 4351 11124
674 4313 736 4349 mea
755 4313 808 4365 pro
832 4315 910 4351 meae
933 4298 1060 4366 (paenitet
1082 4312 1121 4349 me
1144 4301 1224 4348 lolem
1248 4295 1322 4347 illam
1345 4293 1500 4346 sententium

723 4383 792 4436 inter
809 4384 989 4452 erumpendum
1005 4399 1181 4451 praemnme
1199 4382 1349 4448 inseruisse)

568 4469 700 4523 xxvi-28
718 4469 888 4538 insculptum
905 4486 956 4537 pro
974 4469 1114 4539 insculptr

568 4557 684 4610 XXXIV
705 4557 824 4609 ltuelens
839 4573 892 4626 pro
911 4557 1042 4610 Il-uhlena
