4538 6436
871 387 958 441 V1Tn
977 387 1132 442 uuluam.
1767 391 1826 452 105

176 561 209 618 et
231 575 334 639 usque
364 555 405 620 ad
434 566 550 642 peetus
581 559 706 642 regium
736 560 944 626 lacrimantes
974 566 1006 625 ot
1035 583 1107 626 curn
1138 563 1288 626 omnibns
1319 568 1453 648 propter
1480 560 1687 627 adstantibus
1719 562 1827 649 capita

176 657 403 724 submiserunt.

281 760 374 826 Tunc
397 785 456 827 rex
479 765 741 851 probatissimus,
770 774 806 831 ut
835 773 906 831 erat
934 768 1032 831 fando
1063 769 1208 854 locuples
1232 775 1265 833 et
1290 791 1331 833 cx
1354 768 1563 852 eloquentiae
1592 767 1684 832 dives
1708 768 1825 854 opibus

88 894 108 935 ρ.
123 887 160 926 ros
177 872 209 929 et
230 865 389 931 facundus
413 867 571 944 adsertor,
595 870 703 935 verbis
728 872 836 936 taliter
861 871 960 936 verba
985 873 1144 957 reposuit:
1181 872 1269 935 bbelli
1291 873 1362 936 iura
1384 872 1474 956 pacis
1498 892 1615 937 suasor
1637 871 1769 955 ignoras
1792 876 1826 936 et
1843 871 1901 932 165

113 993 123 1026 ⁵
176 969 384 1035 condiciones
419 970 529 1055 gladio
563 972 690 1038 decisas
727 974 919 1040 concordiae
951 983 1065 1040 auctor
1100 977 1273 1040 evisceras.
1325 977 1380 1040 lex
1415 981 1467 1039 cst
1501 975 1696 1040 certantium
1729 996 1827 1060 quern

173 1079 268 1157 putas
286 1095 439 1138 errorem.
475 1075 604 1140 frenum
620 1077 771 1141 nesciunt
791 1079 993 1156 inimicitiae,
1017 1099 1112 1163 quem
1135 1085 1181 1154 tu,
1205 1077 1412 1142 Christianae
1436 1079 1519 1143 lucis
1541 1079 1645 1158 iubar,
1669 1077 1825 1143 ostendis.

173 1177 304 1261 proeliis
332 1179 584 1263 temperantiam
612 1181 720 1245 nullus
751 1180 904 1260 adnectit,
940 1201 1024 1265 quae
1056 1182 1120 1246 oris
1149 1182 1194 1245 tui
1223 1181 1339 1258 nitore,
1375 1182 1507 1267 egregie
1538 1180 1735 1257 moderator,
1769 1180 1826 1245 ad-

174 1279 306 1344 tollitur.
339 1287 461 1346 statuta
485 1289 561 1348 sunt
584 1282 819 1362 dimicantium,
843 1283 997 1368 quicquid
1020 1304 1085 1347 non
1108 1284 1184 1347 licet
1207 1291 1283 1348 tunc
1307 1285 1417 1350 licere.
1452 1285 1518 1349 ista
1540 1285 1603 1349 sibi
1625 1285 1709 1349 sorte
1733 1285 1825 1370 quies
1843 1286 1901 1347 166

175 1382 316 1449 vindicet
340 1404 424 1468 qnae
448 1388 603 1450 narrasti:
634 1387 761 1452 hostem
791 1409 885 1451 sunm
914 1389 969 1472 qui
998 1409 1062 1452 non
1091 1388 1188 1452 laesit
1216 1387 1348 1466 adiuvit.
1395 1388 1554 1473 paulatim
1577 1387 1784 1452 adversarius
1807 1407 1828 1450 a

101 1509 126 1545 ro
174 1487 265 1570 regni
298 1488 348 1551 sui
380 1489 467 1552 mole
502 1489 689 1571 succiditur,
725 1490 817 1555 cuius
852 1491 981 1577 imperii
1014 1491 1140 1556 radices
1174 1491 1301 1556 vicibus
1339 1496 1558 1576 amputantur.
1603 1491 1733 1577 reposui
1757 1490 1827 1576 regi

173 1591 312 1676 partium
342 1592 472 1657 illarum
502 1596 746 1676 contumeliam,
778 1616 874 1679 quarn
906 1600 1000 1681 putas
1033 1596 1176 1659 inlatam.
1222 1593 1409 1658 ludificatus
1434 1594 1543 1679 specie
1573 1592 1716 1659 foederis
1745 1593 1827 1657 nibil

174 1695 225 1778 egi
261 1693 449 1776 studiosius,
484 1697 548 1760 nisi
578 1703 623 1778 ut,
658 1698 743 1783 quod
776 1705 826 1762 est
860 1699 1018 1777 cautelae,
1053 1705 1186 1785 apertos
1220 1697 1368 1762 inimicos
1402 1718 1623 1782 agnoscerem.
1669 1696 1825 1762 concedat
1840 1696 1900 1758 167

173 1806 283 1864 tamen
316 1800 497 1866 divinitatis
533 1801 710 1884 adsensus,
750 1809 786 1867 ut
822 1802 995 1867 solidatum
1031 1803 1116 1866 inter
1148 1822 1208 1864 nos
1241 1800 1356 1865 foedus
1391 1802 1489 1886 longa
1519 1807 1630 1866 aetate
1665 1805 1825 1866 servetur.

172 1905 341 1968 invenient
363 1912 474 1991 partes
497 1906 575 1970 illae
604 1912 808 1971 constantem
830 1907 864 1968 in
887 1905 1039 1984 amicitia,
1069 1925 1165 1989 quem
1196 1908 1370 1968 senserunt
1392 1904 1613 1991 perniciosum
1638 1903 1700 1968 sibi
1722 1902 1825 1968 fuisse

100 2026 122 2063 n
173 2007 249 2072 dum
272 2006 387 2093 litigat.
432 2015 638 2090 nontamen,
669 2010 772 2074 sancti
796 2009 868 2089 viri,
900 2008 940 2073 ad
968 2008 1098 2090 domos,
1130 2005 1303 2092 inquibus
1329 2008 1484 2087 manetis,
1518 2007 1588 2073 sine
1615 2005 1826 2070 tribulatione

174 2110 344 2192 discedite,
375 2112 451 2177 dum
476 2134 537 2198 ego
561 2114 688 2178 animae
712 2134 804 2178 meae
829 2118 863 2177 et
885 2113 979 2197 regni
1000 2113 1140 2177 utilitate
1163 2112 1322 2192 discussa,
1351 2132 1434 2195 quac
1458 2132 1510 2176 me
1534 2111 1708 2176 conveniat
1729 2132 1825 2197 prae-

175 2220 272 2295 stare,
296 2214 524 2301 pronuntiem)
570 2216 620 2280 his
642 2215 761 2280 auditis
783 2215 956 2301 pontifices
980 2216 1222 2280 abscesserunt.

281 2317 325 2382 At
354 2320 409 2384 ille
440 2325 553 2385 vocato
581 2318 737 2398 Laconis,
773 2319 825 2383 cui
854 2326 888 2383 et
916 2340 1024 2384 rerum
1052 2326 1086 2384 et
1114 2318 1286 2384 verborum
1315 2316 1396 2382 fidos
1430 2318 1471 2382 ab
1505 2318 1560 2382 illo
1592 2338 1723 2404 semper
1753 2322 1822 2382 tute
1839 2323 1898 2387 168

173 2421 327 2486 mandata
356 2429 422 2504 est,
457 2445 553 2509 quem
582 2431 615 2489 et
641 2423 871 2509 praerogativa
905 2422 1061 2486 natalium
1091 2429 1124 2484 et
1150 2441 1283 2487 avorum
1312 2421 1440 2485 curules
1466 2442 1525 2505 per
1551 2422 1725 2505 magistrae
1754 2441 1827 2506 pro·

97 2543 122 2582 ro
175 2523 288 2589 bitatis
310 2526 451 2612 insignia
474 2527 702 2608 sublimarunt,
727 2548 799 2590 cum
824 2547 887 2612 quo
912 2525 1038 2591 confert
1060 2527 1210 2611 quotiens
1233 2531 1266 2590 et
1287 2524 1341 2611 pia
1366 2529 1399 2587 et
1420 2525 1577 2610 religiosa
1597 2524 1826 2590 meditatur-

175 2632 208 2690 et
232 2627 316 2692 sicut
339 2650 403 2693 non
427 2635 479 2694 cst
503 2651 576 2694 cum
600 2630 686 2694 vitiis
711 2629 835 2693 sociata
856 2629 1011 2693 nobilitas
1034 2649 1095 2694 nee
1119 2626 1332 2712 adstringitur
1354 2627 1394 2692 ad
1409 2628 1593 2694 inlecebras
1609 2629 1662 2693 lux
1678 2632 1826 2706 naturae,

84 2747 155 2797 ator
175 2730 202 2793 si
232 2730 308 2815 quid
336 2731 391 2797 ille
421 2733 564 2819 benigne
593 2734 702 2799 facere
731 2732 884 2812 voluerit,
919 2731 1079 2818 duplicari
1106 2734 1168 2796 iste
1199 2732 1347 2796 hortatur
1372 2731 1547 2798 adhibitus.
1593 2734 1645 2798 cui
1673 2731 1823 2819 princeps
1839 2735 1900 2796 1611

174 2832 278 2899 ‘vade’
302 2833 409 2920 inquit
433 2836 577 2918 ‘Laconi
607 2845 641 2902 et
662 2843 734 2903 tota
757 2841 904 2901 votorum
926 2841 1056 2900 tuorum
1080 2836 1155 2900 vela
1178 2834 1353 2921 suspende.
1401 2842 1434 2902 et
1457 2835 1609 2901 sacerdos
1632 2857 1652 2900 a
1675 2834 1771 2899 nobis
1794 2841 1828 2900 et

173 2936 291 3002 beatus
314 2938 486 3025 Epifanius
509 2939 649 3004 libenter
677 2938 808 3004 auditus
838 2946 899 3020 est,
928 2941 1019 3004 ouius
1047 2947 1080 3005 te
1109 2940 1261 3025 precibus
1287 2940 1391 3005 fuisse
1420 2946 1614 3026 permotum,
1644 2960 1717 3003 cnm
1740 2936 1826 3024 apud

97 3061 121 3100 a
175 3063 234 3105 nos
260 3043 362 3107 rerba
388 3044 528 3126 faceret,
562 3043 742 3108 animomm
780 3043 906 3109 indices
935 3044 1091 3108 lacrimae
1120 3042 1333 3108 testabantur.
1378 3042 1461 3108 vada
1496 3050 1531 3110 et
1562 3044 1660 3130 pleno
1693 3049 1827 3128 pectore

173 3143 262 3210 dicta
285 3147 477 3228 sententias,
500 3169 560 3234 per
581 3169 662 3232 quas
686 3148 846 3233 pactionis
868 3148 956 3211 illius
979 3147 1173 3212 durissimae
1201 3168 1306 3212 nexus
1329 3148 1506 3234 inrumpas.
1553 3148 1652 3212 liceat
1674 3146 1824 3211 omnibus
1839 3148 1900 3208 176

172 3248 279 3328 Italis,
313 3271 535 3337 quoscumque
567 3250 837 3336 Burgundionum
868 3258 1052 3316 nostrorum
1084 3256 1191 3316 metus
1224 3251 1423 3336 captivitatis
1457 3251 1536 3316 lecit
1565 3273 1638 3316 esse
1671 3250 1825 3335 captivos,

173 3373 255 3436 qnos
286 3354 381 3418 tarnis
410 3355 605 3436 necessitas,
638 3376 718 3439 qnos
747 3355 967 3440 periculorum
997 3355 1092 3418 timor
1122 3353 1266 3435 advexit,
1300 3361 1468 3441 postremo
1498 3374 1720 3439 quoscumque
1748 3374 1825 3417 con-

174 3457 275 3521 cessit
304 3464 360 3522 ant
388 3457 515 3524 addixit
546 3481 724 3523 consensus
755 3458 910 3545 principis
941 3458 1008 3538 sui,
1044 3464 1156 3522 noster
1184 3458 1341 3523 absolvat.
1387 3463 1421 3522 at
1455 3477 1579 3543 paucos
1616 3478 1699 3541 quos
1733 3456 1827 3540 quasi

174 3559 290 3626 ardore
326 3561 506 3648 proeliandi
539 3569 616 3626 tunc
651 3562 692 3627 ab
725 3559 987 3626 adversariorum
1023 3581 1154 3624 suorum
1189 3559 1409 3624 dominatione
1445 3565 1633 3646 rapuerunt,
1671 3581 1729 3645 pro
1760 3559 1826 3623 illis

174 3665 269 3748 pretii
294 3665 626 3751 quantulumcumque
651 3666 843 3752 percipiant,
867 3684 908 3728 ne
932 3662 1146 3728 detestabiles
1171 3663 1257 3749 apud
1281 3664 1354 3728 illos
1379 3664 1458 3728 fiant
1481 3664 1695 3730 certaminum
1719 3683 1826 3744 casus,

174 3787 311 3851 quorum
336 3789 409 3833 curn
432 3769 620 3834 discrimina
643 3768 865 3848 sustinuerint,
888 3768 979 3831 lucra
1002 3788 1066 3830 non
1090 3766 1252 3834 sentiant?

281 3871 360 3936 Post
388 3880 601 3960 praeceptum
630 3872 808 3938 venerandi
843 3871 931 3955 regis
965 3871 1094 3958 inpiger
1126 3871 1182 3935 ille
1216 3873 1390 3937 verborum
1427 3870 1567 3935 saltibus
1602 3869 1825 3956 indulgentiae
1841 3869 1897 3928 171

174 3974 300 4057 species
324 3983 380 4039 aut
402 3976 523 4042 formas
546 3977 700 4063 exposuit
722 3982 756 4042 et
780 3976 909 4040 chartas
933 3975 975 4039 ad
1001 3976 1164 4060 insignem
1192 3976 1369 4040 antistitem
1398 3974 1524 4040 detulit.
1569 3995 1651 4059 quas
1674 3974 1729 4038 illc
1753 3995 1827 4041 eum

98 4121 114 4132 ..
174 4078 442 4161 expectatissima
470 4081 644 4145 devotione
675 4079 820 4164 suscepit
850 4085 883 4143 et
914 4080 1103 4164 portitorem
1132 4081 1213 4144 tanti
1246 4078 1323 4142 doni
1352 4077 1533 4142 ambienter
1564 4078 1735 4163 amplexus
1765 4084 1824 4142 est.

175 4179 228 4262 qui
251 4189 424 4265 postquam
448 4205 557 4247 rumor
588 4185 737 4264 innotuit,
769 4189 860 4247 tanta
890 4183 980 4247 istius
1013 4184 1077 4248 iarn
1105 4184 1228 4248 liberae
1259 4182 1475 4248 multitudinis
1505 4182 1689 4266 frequentia
1719 4182 1827 4247 subito

174 4283 309 4364 adstitit,
339 4293 375 4351 ut
397 4288 546 4354 desolata
569 4289 720 4354 crederes
744 4311 818 4353 esse
843 4288 942 4352 etiam
974 4287 1088 4352 ineolis
1120 4309 1195 4352 rura
1218 4285 1396 4350 Gallorum.
1445 4306 1518 4348 narn
1542 4285 1639 4350 testis
1663 4284 1760 4350 huius
1783 4285 1830 4348 rei

175 4408 235 4471 ego
257 4411 339 4468 sum,
364 4392 537 4475 peronius
561 4414 676 4457 manus
701 4393 841 4478 pictacia
864 4391 905 4456 ad
929 4392 1078 4456 clusuras
1102 4393 1203 4456 iussio
1228 4390 1407 4456 sacerdotis
1429 4389 1551 4466 clicuit,
1575 4389 1828 4475 quadringentos

175 4489 323 4558 homines
355 4494 407 4560 die
437 4517 501 4560 una
535 4495 575 4560 de
610 4498 681 4562 sola
709 4496 921 4580 Lugdunensi
951 4495 1082 4560 civitate
1115 4495 1276 4560 redituros
1303 4491 1343 4557 ad
1373 4492 1505 4557 Italiam
1534 4493 1636 4558 fuisse
1664 4492 1825 4557 dimissos.

275 4819 337 4873 det
353 4841 386 4875 ex
403 4841 451 4876 ons.
470 4824 498 4888 Τ,
515 4843 547 4877 ex
566 4843 614 4877 om.
629 4826 651 4877 0
666 4835 690 4878 et
707 4826 794 4878 aS'cltott
932 4825 1035 4878 thella
1053 4827 1117 4876 iuris
1130 4825 1174 4874 Βιι
1311 4821 1328 4874 5
1346 4824 1499 4875 conditionis
1510 4822 1537 4873 Β
1668 4821 1685 4873 6
1704 4821 1828 4888 potasBl

173 4907 331 4958 cristiansB
447 4907 637 4964 ladnectetB
706 4914 834 4965 attollitur
853 4914 877 4962 V
987 4915 1138 4964 BSstatnta
1158 4909 1215 4975 (ric)
1230 4909 1255 4960 Β
1324 4917 1385 4961 sunt
1403 4907 1426 4972 (s
1443 4910 1510 4974 cup.)
1524 4908 1549 4959 B
1619 4909 1667 4960 sibi
1687 4927 1735 4959 om.
1749 4907 1827 4960 Siras.

174 4989 190 5042 9
215 4994 322 5046 adiuuet
340 4995 377 5059 B,
405 4997 514 5048 adiuuat
537 4998 613 5049 ceteri
757 4997 791 5048 11)
816 5001 962 5050 succidatur
983 4999 1007 5048 B
1116 4994 1227 5061 uicibus]
1256 4997 1356 5047 uiribus
1381 4995 1468 5046 Schott
1489 5004 1512 5045 ct
1536 4995 1627 5058 Siron,
1659 4995 1767 5046 nicebus
1783 4994 1828 5045 Bo

177 5078 206 5130 ll
224 5084 401 5135 contumiliam
414 5083 439 5134 Β
572 5083 602 5135 lt
620 5087 670 5136 sibi
689 5087 860 5152 perniciosum
873 5088 951 5138 Sirnr.
1084 5084 1116 5135 15
1134 5086 1251 5151 litigatur
1267 5081 1342 5132 VLT
1473 5080 1503 5132 17
1523 5082 1634 5148 ponfiees
1646 5098 1702 5146 rap.
1715 5081 1759 5131 lia
1773 5081 1792 5130 ti
1809 5080 1832 5129 V

175 5165 207 5216 18
228 5165 266 5234 at]
285 5170 318 5220 ad
332 5169 357 5218 B
452 5179 523 5224 tutas
541 5171 577 5235 B,
607 5178 662 5222 tuto
682 5171 769 5222 Schott
908 5169 940 5222 19
961 5171 1126 5238 perrogatiua
1149 5167 1189 5231 (er
1209 5185 1265 5232 sap.
1283 5174 1306 5217 et
1327 5183 1355 5218 ra
1376 5183 1503 5232 aspernor.
1520 5183 1553 5217 m.
1567 5165 1594 5230 2)
1611 5166 1636 5215 Β
1730 5165 1829 5216 eunrlis

174 5253 283 5318 οοάἰοεε,
303 5273 350 5306 cnr.
367 5255 446 5307 Sit-m.
559 5257 595 5309 ‘20
616 5258 791 5310 sublimauere
804 5259 883 5309 Sir-nr.
996 5255 1223 5321 21adsningatur
1236 5253 1261 5302 Β
1322 5297 1326 5304 ,
1372 5249 1406 5302 ⁶22
1423 5251 1598 5303 adhibetusB
1710 5249 1744 5302 23
1762 5252 1829 5303 uada

174 5341 257 5406 inquit
279 5343 307 5392 in
328 5359 377 5408 usp.
396 5343 458 5394 odd.
475 5361 557 5394 moran
579 5344 668 5395 eadem
693 5354 738 5394 ortt
761 5352 826 5395 certe
848 5343 959 5396 arradens
984 5343 1076 5394 utatis
1096 5341 1120 5389 V
1214 5339 1302 5406 inquid
1320 5338 1345 5389 Β
1442 5339 1563 5390 sacerdus
1581 5338 1606 5387 Β
1745 5335 1780 5390 25
1803 5346 1829 5390 ct

174 5446 222 5478 ons.
235 5427 313 5479 sinn.
413 5428 447 5480 ‘26
465 5430 648 5497 partionisBa
710 5447 790 5482 nexos
803 5430 828 5481 Β
889 5427 976 5496 liceat]
994 5430 1065 5480 ilicet
1077 5427 1181 5489 Horret,
1197 5427 1296 5491 liqueat
1301 5426 1368 5491 fort.
1472 5422 1506 5475 27
1525 5426 1598 5476 italis
1616 5426 1736 5476 omnibus
1749 5424 1827 5476 Sirm.

173 5511 207 5563 29
224 5513 331 5580 addixit]
350 5516 611 5568 adduxithtBoll.
681 5515 718 5582 at]
737 5517 808 5569 adB
915 5513 951 5567 34
968 5516 1071 5568 cartbas
1083 5513 1116 5578 B,
1132 5511 1258 5564 camasl'
1322 5513 1499 5564 antististitern
1511 5508 1555 5561 131
1658 5510 1693 5563 35
1710 5521 1828 5580 cxpecta-

173 5599 279 5668 tissima]
297 5603 412 5670 intellege
429 5606 617 5672 spectatissima
728 5603 762 5656 36
780 5606 876 5658 rumori
893 5603 1015 5656 notuitB
1128 5598 1161 5652 37
1179 5596 1321 5652 adstitetB
1432 5595 1468 5648 38
1485 5598 1602 5664 pectaeia
1613 5597 1646 5661 B,
1664 5597 1828 5665 prusciam

173 5688 355 5756 quadrigentos
368 5686 437 5739 BV1
442 5689 467 5739 T

275 5796 413 5856 arnonus.
1587 5790 1619 5844 14
