4596 6450
907 394 1207 465 aerumnosos).
1825 401 1885 464 res

229 567 272 631 ab
296 566 438 647 homine,
462 587 546 652 quae
570 567 641 631 sine
665 565 797 630 humani
820 567 950 650 generis
973 575 1060 633 teste
1077 569 1293 632 commiserat.
1331 569 1485 634 uiaticum
1500 571 1659 656 poposcit,
1683 570 1793 655 fugam
1811 577 1878 634 tra-

230 693 323 735 meus
347 670 526 756 adparavit.
563 671 718 734 continuo
734 674 844 734 tamen
860 670 1042 756 pedisequa
1065 694 1156 736 reum
1180 674 1262 736 ultio
1279 672 1515 758 conprehendit
1538 680 1571 736 ct
1587 674 1758 759 expiatum
1774 673 1884 738 scelus

230 775 405 860 patratoris
427 781 533 839 morte
557 775 728 837 nuntiavit.
775 774 819 837 ita
842 795 949 840 sermo
972 776 1049 840 iusti
1073 777 1197 840 viribus
1221 797 1335 840 carere
1358 797 1422 840 nou
1445 775 1561 863 potuit.

338 878 470 943 Interea
499 885 632 942 sanctus
663 877 710 940 vir
742 897 801 962 per
832 879 982 963 regiones
1010 879 1162 944 finitimas
1192 879 1405 945 insidiatricis
1440 880 1546 945 famae
1580 880 1701 965 linguis
1732 880 1882 958 innotuit,
1897 883 1938 944 30

230 1004 313 1068 quae
342 1003 384 1045 ne
412 989 544 1068 pareret
570 981 612 1045 de
643 981 839 1046 celebritate
862 982 1067 1062 iactantiam,
1096 992 1172 1049 ante
1196 985 1330 1069 provisa
1353 990 1428 1047 suut
1452 984 1608 1064 remedia,
1632 1005 1729 1070 quam
1752 984 1884 1048 morbus

228 1086 446 1150 adolesceret.
493 1086 548 1169 qui
571 1085 657 1148 euim
675 1085 882 1170 grandaevus
906 1091 962 1150 aut
985 1083 1105 1150 debilis
1129 1086 1212 1152 duce
1236 1086 1408 1172 diligentia
1431 1109 1495 1153 non
1519 1088 1644 1152 itineris
1667 1087 1754 1151 illius
1777 1093 1884 1152 traue-

229 1190 360 1255 meabat
384 1188 543 1274 abrupta,
575 1209 649 1252 cum
679 1189 834 1253 dantibus
857 1189 1072 1254 valitudinem
1095 1189 1270 1256 desideriis
1294 1192 1392 1255 etiam
1417 1191 1640 1278 aegritudines
1664 1212 1799 1277 corpora
1820 1214 1885 1257 uon

230 1299 401 1358 tenerent?
426 1293 487 1356 hae
504 1294 697 1378 perterritus
718 1293 903 1378 frequentia
926 1292 965 1356 ad
991 1295 1169 1358 secretiora
1192 1294 1317 1358 heremi
1339 1295 1456 1359 beatus
1474 1296 1635 1359 Antonius
1653 1294 1790 1360 credidit
1805 1316 1883 1360 ετο-
1898 1294 1933 1356 31

229 1395 377 1474 laudum,
409 1418 450 1460 ne
481 1396 681 1482 singulorum
712 1396 843 1461 devotio
872 1397 1057 1461 inamabilis
1086 1397 1299 1483 adrogantiae
1327 1407 1433 1464 mater
1461 1401 1619 1465 existeret
1648 1407 1681 1463 et
1711 1398 1752 1463 de
1777 1401 1885 1464 multi·

153 1532 179 1570 ιε
232 1499 326 1564 sormi
351 1499 456 1584 gratia
478 1498 644 1584 rigidioris
667 1499 824 1586 propositi
849 1500 943 1564 ruina
966 1507 1167 1566 nasceretur.
1206 1523 1283 1565 mox
1307 1508 1417 1567 tamen
1442 1524 1604 1584 secessus,
1628 1523 1725 1589 quem
1741 1502 1885 1588 pendula

230 1624 327 1689 rupes
351 1603 611 1680 commendabat,
637 1603 761 1667 electus
786 1611 846 1682 est,
871 1605 903 1667 in
928 1625 990 1689 quo
1014 1607 1107 1670 annis
1133 1605 1280 1691 plurimis
1305 1609 1396 1670 solus
1420 1614 1453 1671 et
1476 1628 1553 1672 vere
1577 1608 1756 1672 monachus
1784 1607 1883 1670 vitam

142 1737 163 1778 p.
177 1729 216 1770 aa
232 1709 303 1773 sine
332 1707 466 1772 humani
494 1707 626 1792 generis
659 1713 807 1772 consorte
831 1710 1001 1792 transegit.
1047 1708 1147 1772 dabat
1169 1709 1255 1773 feras
1280 1731 1338 1795 pro
1363 1708 1530 1774 sodalibus
1553 1717 1709 1775 montana
1732 1710 1883 1775 solitudo.
1897 1707 1937 1769 32

230 1811 371 1897 mugitus
403 1811 470 1874 ursi
500 1809 702 1894 aliarumque
731 1810 900 1874 beluarum
931 1813 1043 1876 minax
1073 1812 1318 1876 inmurmuratio
1346 1834 1405 1899 pro
1438 1814 1578 1878 blandae
1607 1814 1882 1880 confabulationis

230 1916 457 1980 communione
481 1914 675 2000 ponebatur.
719 1913 860 1999 denique
885 1937 925 1978 ea
949 1920 1146 2000 tempestate
1170 1937 1266 1980 ursus
1282 1917 1482 2003 petulantior
1505 1917 1628 2000 gloriae
1651 1918 1725 2003 plus
1748 1916 1884 1982 daturus

164 2055 175 2090 z.
230 2021 341 2085 caules
369 2019 473 2105 ipsius
501 2018 679 2104 puberibus
708 2017 795 2081 foliis
819 2019 974 2082 laetiores
998 2029 1031 2083 et
1054 2019 1193 2104 quadam
1219 2018 1349 2084 domino
1372 2020 1537 2085 hilaritate
1561 2021 1741 2105 gestientes
1763 2020 1886 2084 inmani
1895 2017 2026 2121 Vfgfflgfl

228 2123 416 2210 ingrediens
441 2123 635 2185 contritione
659 2122 810 2201 vastavit,
834 2123 879 2185 ita
902 2130 937 2186 ut
961 2143 1121 2207 nusquam
1145 2123 1185 2186 de
1209 2124 1348 2210 simplici
1375 2124 1468 2208 fruge
1492 2144 1567 2208 spes
1600 2122 1733 2188 residua
1756 2125 1883 2209 linque-

226 2232 327 2291 retur.
362 2247 460 2310 quem
483 2226 538 2290 ille
563 2225 680 2288 baculo
701 2225 877 2289 mulcatum
902 2225 1083 2289 districtius
1106 2226 1198 2290 abire
1221 2227 1426 2313 praecipiens
1454 2235 1573 2292 testem
1596 2228 1724 2292 virtutis
1748 2247 1827 2292 suae
1851 2234 1884 2292 et
1896 2231 1937 2294 33

227 2331 375 2395 nuntium
398 2329 561 2414 passionis
585 2328 626 2391 ad
650 2328 731 2392 alias
756 2329 802 2392 ire
825 2328 948 2392 bestias
971 2351 1048 2393 mox
1072 2332 1190 2415 coegit,
1213 2337 1249 2393 ut
1274 2332 1465 2417 impleretur
1487 2331 1608 2394 domini
1631 2332 1736 2396 tidelis
1759 2330 1884 2416 pollici-

227 2435 323 2515 tatio,
358 2454 442 2520 quae
472 2433 690 2498 sectatoribus
720 2434 788 2496 suis
824 2433 921 2497 totius
947 2435 1066 2497 veneni
1096 2441 1129 2498 et
1156 2435 1297 2497 omnium
1327 2435 1470 2499 ferarum
1500 2435 1649 2521 promisit
1677 2435 1882 2520 obsequium.
1893 2454 2040 2508 umisa.

151 2575 161 2608 ·.
230 2559 340 2602 rursus
373 2544 481 2601 tamen
505 2536 669 2622 gradienti
692 2536 722 2600 ei
745 2557 804 2621 per
827 2534 1024 2600 destinatum
1049 2536 1166 2598 callem
1191 2536 1323 2620 rugiens
1348 2557 1383 2600 se
1407 2537 1477 2601 iera
1500 2537 1683 2622 suggessit,
1707 2557 1805 2622 quam
1828 2536 1884 2600 ille

229 2643 299 2706 sola
322 2642 465 2706 iussione
489 2641 652 2705 turbatam
677 2641 739 2703 iter
761 2639 840 2704 lecit
863 2640 992 2724 aperire
1017 2648 1049 2704 et
1068 2647 1228 2725 occupata
1251 2639 1323 2702 viae
1347 2639 1490 2704 claustra
1512 2639 1678 2706 deserere.

336 2745 402 2810 Sed
432 2766 509 2810 ecce
538 2745 653 2808 iterum
682 2744 742 2808 alis
771 2743 957 2828 pernicibus
985 2764 1045 2828 per
1077 2743 1267 2828 proditionis
1302 2764 1381 2808 suae
1412 2743 1559 2810 ordinem
1588 2743 1641 2807 dei
1672 2764 1819 2818 serrum,
1852 2744 1937 2812 iras
2021 2749 2026 2765 '

227 2870 290 2934 quo
314 2849 376 2912 loci
400 2848 547 2932 degeret,
571 2847 658 2911 fama
683 2847 839 2931 vulgavit,
863 2845 952 2910 aliud
974 2845 1015 2910 de
1039 2847 1108 2932 ipso
1130 2867 1188 2932 pro
1212 2848 1445 2911 sententiarum
1469 2846 1629 2911 varietate
1653 2845 1790 2911 diversis
1814 2848 1884 2934 opi-

228 2953 392 3017 nantibus.
431 2963 506 3016 tunc
531 2950 653 3037 liquido
670 2951 777 3037 patuit
794 2971 853 3035 per
869 2969 1024 3013 occursus
1046 2951 1243 3035 multiplices
1265 2951 1345 3014 nihil
1370 2951 1501 3016 obstare
1519 2949 1741 3035 cupientibus:
1759 2951 1885 3037 planari

151 3087 175 3125 rs
229 3055 341 3136 ardua,
364 3056 497 3120 solidari
514 3056 625 3135 scissa,
650 3054 827 3139 pendentia
849 3074 914 3117 non
937 3054 1055 3117 timeri.
1094 3053 1151 3117 sed
1168 3053 1347 3138 potioribus
1364 3053 1500 3132 insidiis,
1524 3074 1564 3117 ne
1587 3075 1645 3139 ρετ
1660 3052 1884 3138 adrogantiam
1898 3060 1938 3121 35

229 3160 332 3226 hostis
356 3160 551 3245 subriperet,
575 3158 701 3224 fortiori
725 3159 861 3223 consilio
884 3179 1000 3222 manus
1025 3160 1191 3244 opposuit,
1215 3159 1344 3223 nciam
1367 3158 1574 3244 grandaevus
1597 3158 1767 3246 perderet,
1799 3157 1906 3243 quod¹

228 3264 313 3328 inter
343 3263 497 3328 tirocinia
527 3263 644 3326 virtute
676 3269 852 3327 servasset.
897 3261 1006 3325 acrius
1035 3262 1123 3326 enim
1152 3263 1239 3326 circa
1267 3261 1418 3326 robustos
1442 3263 1563 3327 diaboli
1587 3269 1754 3326 certamen
1778 3266 1830 3327 est
1852 3267 1886 3324 et

136 3395 210 3443 aas
228 3366 404 3433 maioribus
428 3367 532 3453 copiis
555 3366 629 3431 illos
652 3365 853 3451 adgreditur,
877 3366 932 3450 qui
950 3365 1119 3431 conflictus
1144 3366 1214 3432 eius
1238 3367 1366 3457 experti
1391 3367 1518 3431 roboris
1542 3366 1661 3432 sudore
1678 3365 1885 3430 domuerunt.

229 3471 382 3537 universa
416 3478 526 3536 tamen
561 3491 672 3535 secum
707 3471 779 3556 ipse
815 3476 1019 3555 pertractans
1054 3469 1148 3534 brevi
1182 3469 1324 3533 animum
1363 3491 1456 3534 suum
1491 3470 1698 3535 adlocutione
1731 3469 1884 3534 firmavit:

150 3603 176 3642 ro
228 3574 315 3666 ‘quid
339 3575 477 3660 agimus,
508 3595 601 3638 mens
625 3574 731 3639 adhuc
755 3573 910 3639 mundani
933 3574 1040 3638 oneris
1062 3573 1153 3638 fasce
1175 3572 1344 3659 depressa,
1368 3595 1466 3659 quam
1488 3573 1631 3638 nondum
1654 3574 1695 3638 ad
1718 3581 1885 3638 auctorem
1898 3583 1939 3646 36

227 3699 320 3746 suum
344 3700 518 3764 corporeus
542 3699 655 3743 carcer
677 3679 842 3743 evomuit?
871 3698 934 3742 non
958 3678 1016 3741 tibi
1039 3683 1130 3742 certa
1160 3685 1211 3741 est
1235 3676 1276 3740 de
1300 3677 1503 3766 perfectione
1527 3677 1655 3758 fidncia,
1679 3677 1754 3741 dum
1779 3674 1885 3741 adhuc

227 3782 403 3847 includeris
427 3782 604 3868 fragilitate
629 3782 761 3847 carnali.
795 3781 949 3867 periculis
972 3783 1072 3867 plena
1093 3787 1180 3859 sunt,
1205 3802 1289 3866 quae
1313 3781 1466 3846 ridentur
1488 3803 1561 3847 esse
1586 3781 1761 3847 tutissima.
1792 3781 1883 3846 leno·
1905 3810 1958 3852 aa,
1974 3809 1988 3852 ι,
2003 3821 2023 3851 0,

227 3887 314 3952 einia
336 3887 441 3952 hostis
472 3887 517 3951 tui
540 3885 721 3971 intellegis,
745 3884 821 3949 dum
846 3887 1071 3950 universorum
1097 3884 1353 3954 rocelaudaris.
1400 3884 1472 3949 ride
1496 3886 1626 3971 quantis
1650 3885 1780 3950 labores
1803 3883 1884 3948 insi·

227 3991 305 4055 diis!
329 3989 557 4056 absconditum
580 4011 654 4054 esse
678 4010 744 4053 uon
767 3989 846 4054 licet
869 3989 955 4074 quod
971 3989 1108 4054 adimus.
1147 3988 1307 4054 latebram
1333 3997 1477 4054 nostram
1495 3989 1682 4075 persecutio
1698 3988 1888 4054 manifestat

151 4091 193 4158 ·:‚'
230 4094 370 4160 hostilis.
414 4101 601 4160 sauctorum
625 4100 821 4178 expetamus
845 4093 1026 4157 exercitum
1050 4100 1084 4156 et
1107 4091 1195 4154 illam
1212 4091 1392 4156 Lirinensis
1416 4091 1543 4156 insulae
1566 4091 1735 4156 cohortem
1757 4091 1885 4176 inriguo
1899 4096 1939 4158 37

228 4199 429 4285 inquiramus
453 4198 587 4264 ardore!
627 4218 725 4281 quem
749 4197 855 4261 solum
871 4196 1030 4261 hactenus
1053 4195 1196 4281 pulsavit
1216 4194 1439 4275 adversarius,
1464 4194 1593 4259 timebit
1615 4194 1701 4260 iuter
1722 4193 1886 4259 inimicam

228 4303 290 4367 sibi
313 4302 556 4368 multitudinem
580 4301 804 4365 constitutum.
849 4300 1010 4364 instructa
1032 4298 1166 4385 proeliis
1195 4299 1284 4364 acies
1315 4300 1373 4363 illa
1397 4319 1528 4384 semper
1551 4298 1701 4384 invigilat
1732 4304 1766 4362 et
1787 4297 1885 4362 variis

228 4406 414 4493 perfossum
437 4406 557 4470 ictibus
587 4404 689 4489 abigit
711 4404 932 4470 infestantem.
985 4409 1065 4489 quot
1101 4403 1191 4469 bella
1218 4403 1283 4466 illis
1312 4401 1462 4466 diabolus
1489 4402 1613 4482 intulit,
1643 4406 1817 4466 numerant
1838 4405 1887 4465 tot

228 4509 421 4597 triumphos.
475 4531 541 4575 non
569 4515 736 4582 metuunt,
774 4507 926 4592 quotiens
955 4504 1073 4570 adesse
1103 4505 1264 4586 Satanan,
1294 4511 1329 4568 ut
1358 4505 1551 4570 dimicantes
1580 4512 1715 4585 acuant,
1750 4504 1886 4569 classico

231 4615 332 4679 fuerit
358 4613 517 4680 stridente
546 4613 744 4678 nuntiatum.
794 4631 925 4696 semper
956 4609 1102 4674 eruditos
1134 4617 1168 4674 et
1198 4609 1299 4676 fortes
1330 4608 1470 4674 reddidit
1503 4607 1666 4674 cotidiana
1694 4607 1885 4688 decertatio,

229 4717 391 4803 quomodo
415 4717 573 4804 prolixior
594 4737 660 4803 pax
684 4712 832 4780 solutos'.

227 4901 229 4910 y
337 4821 400 4886 His
414 4821 509 4886 dictis
525 4821 693 4886 dimissam
709 4815 865 4882 fratribus
882 4815 1047 4891 cellulam,
1072 4837 1152 4902 quos
1176 4814 1296 4880 ibidem
1319 4815 1477 4901 praedicti
1500 4836 1591 4879 amor
1614 4818 1884 4900 congregaverat,
1898 4819 1939 4882 33

229 4923 316 5012 apud
339 4911 486 4989 Lirinum
509 4922 692 5009 inprovisus
716 4920 877 5007 adparuit.
923 4917 1086 4983 nuntiavit
1110 4919 1213 4982 virum
1236 4917 1411 5004 insignium
1436 4917 1624 4983 meritorum
1647 4917 1749 4982 facies
1772 4914 1886 4979 ieiunii

335 5202 422 5256 lsine
440 5209 505 5255 teste
521 5203 546 5253 h.
559 5200 661 5269 generis
676 5199 794 5251 VLTOP
891 5197 1061 5266 2apperuuit
1079 5194 1157 5259 VLT,
1173 5194 1281 5261 arripuit
1295 5192 1353 5244 0Ρὸ
1452 5191 1590 5246 ditareris
1603 5191 1628 5242 Β
1725 5191 1850 5244 8herimi
1863 5191 1888 5242 Β

229 5290 246 5342 9
267 5291 427 5358 arrogantiae
443 5289 467 5339 V
604 5284 635 5337 11
658 5281 785 5353 plurimis]
809 5284 926 5353 pluribus
941 5283 1000 5335 UPd
1141 5278 1172 5331 lt
1194 5279 1356 5347 petulantior
1367 5279 1393 5329 B
1530 5275 1563 5328 1‘1
1586 5279 1699 5330 abusae
1715 5279 1794 5346 (aas.
1812 5277 1850 5343 re)
1862 5276 1888 5327 Β

228 5374 264 5428 23
281 5378 337 5429 loco
351 5375 409 5427 cPo
479 5372 656 5427 sentiarumB
759 5369 794 5422 25
811 5369 1022 5438 arrogantiaml'
1126 5365 1161 5418 26
1178 5367 1328 5433 subreperet
1346 5365 1434 5418 Sabou
1451 5367 1478 5417 ia
1495 5383 1543 5431 usq.
1651 5361 1686 5414 28
1703 5363 1853 5430 aggreditur
1867 5361 1892 5412 V

229 5465 327 5516 roboris
339 5464 392 5527 13⁰,
408 5463 510 5516 ruboris
522 5458 690 5512 BWLTOP
783 5455 818 5509 29
835 5454 1027 5509 allocutioneV
1125 5451 1160 5505 32
1178 5453 1316 5520 fragilitate
1335 5450 1373 5514 (ra
1390 5451 1478 5517 tutu.)
1491 5451 1517 5502 B
1577 5450 1672 5502 lacinia
1689 5467 1745 5516 nep.
1758 5450 1802 5501 lia.
1817 5448 1889 5501 noB

229 5549 264 5602 33
282 5548 442 5617 iutelligisB
534 5544 569 5598 35
586 5553 736 5614 expetamus
748 5545 847 5611 scripsi,
865 5550 1030 5610 expectamus
1043 5539 1076 5604 B,
1093 5547 1212 5607 petamus
1224 5539 1299 5589 ceteri
1350 5537 1480 5589 eohortem
1499 5535 1560 5601 (tem
1578 5538 1606 5587 ia
1619 5534 1704 5600 lit.)B
1755 5536 1852 5603 irriguo
1868 5535 1893 5586 V

229 5637 264 5689 38
281 5638 368 5704 abegit
381 5635 407 5686 Β
493 5635 561 5700 qnod
574 5633 600 5684 Β
728 5629 762 5682 39
780 5638 900 5684 metuunt
917 5630 1003 5682 nescio
1020 5628 1138 5694 quotiens
1153 5625 1188 5676 Ol>
1278 5624 1368 5676 adesse
1386 5624 1509 5675 sesdnaut
1526 5622 1670 5674 mansula
1756 5631 1832 5675 acuat
1848 5623 1889 5673 vel

229 5730 355 5774 acunumr
372 5722 468 5772 conicio
576 5716 612 5771 42
629 5719 749 5770 dimisum
762 5717 788 5769 Β
857 5717 961 5768 dimissa
977 5717 994 5766 t.
1013 5713 1109 5766 cellula
1122 5711 1210 5773 Sim,
1227 5712 1261 5777 cs.
1274 5728 1304 5776 ρ.
1317 5714 1373 5774 176,
1389 5712 1424 5761 36
1527 5707 1561 5759 tu
1579 5709 1697 5775 apparuit
1713 5707 1736 5756 V
