4596 6450
707 370 963 426 PANEGYRICVS
981 371 1111 426 chrvs
1129 373 1369 429 rfluonnmco.
1803 381 1862 442 2ll

210 543 359 628 professa
386 541 599 622 discordiam,
631 564 744 608 secum
767 543 932 629 Vulgares
956 564 1033 609 suos
1057 545 1090 608 in
1113 547 1218 610 tutela
1241 545 1448 628 deducendo,
1478 549 1596 632 quibus
1619 549 1703 612 inter
1727 547 1864 612 Martios

210 647 379 712 conflictus
408 647 537 712 castelli
561 648 633 712 vice
662 668 724 712 usa
755 648 933 734 minitatur.
978 655 1055 712 tuno
1079 648 1201 714 Mundo
1230 650 1368 714 credens
1397 649 1439 714 ad
1469 651 1668 736 praesidium
1701 652 1864 732 sulficere,
1877 655 1918 716 64

211 751 238 816 si
263 751 415 816 cohortes
438 756 516 814 tuae
539 751 617 835 quid
640 756 809 838 pateretur
832 760 1062 838 agnoscerent,
1085 753 1274 839 pernicibus
1298 755 1419 818 nuntiis
1443 755 1581 841 periculi
1606 756 1657 820 sui
1673 755 1771 821 fidem
1786 775 1866 820 con-

210 855 314 934 misit,
343 853 399 938 qui
426 860 504 918 ante
533 853 724 920 defensores
754 855 837 920 inire
870 877 929 942 pro
952 857 1101 942 partibus
1125 858 1192 921 suis
1217 857 1390 943 conspexit
1413 859 1607 940 certamina,
1640 879 1737 944 quam
1760 859 1867 924 moliri

209 956 391 1024 didicisset.
436 964 472 1022 ut
503 963 613 1023 tamen
644 959 771 1024 eminus
799 959 906 1025 Pitaia
936 960 1127 1025 indomitam
1142 960 1326 1048 Vulgarum
1355 962 1560 1028 iuventutem
1591 949 1778 1048 speculatus
1808 968 1866 1043 est,

209 1062 364 1128 ardentes
392 1059 652 1127 adulescentium
679 1062 822 1148 impetus
851 1065 1034 1150 potioribus
1062 1065 1236 1130 verborum
1268 1065 1407 1130 armavit
1437 1064 1612 1132 incendiis:
1647 1065 1864 1144 ‘meministis
1877 1064 1918 1125 65

210 1166 304 1246 socii,
338 1164 430 1230 cuius
464 1162 507 1228 ad
539 1164 622 1230 haec
654 1165 729 1230 loca
757 1167 956 1231 conmeastis
986 1168 1134 1254 imperio.
1182 1188 1279 1232 nemo
1312 1167 1467 1233 absentes
1499 1168 1613 1234 credat
1644 1169 1733 1254 regis
1762 1169 1866 1232 nostri

210 1271 338 1344 oculos,
369 1288 428 1355 pro
457 1268 551 1333 cuius
579 1267 667 1333 fama
696 1269 916 1335 dimicandum
944 1277 1005 1335 est.
1049 1271 1078 1334 si
1102 1272 1229 1336 caelum
1258 1271 1447 1336 lancearum
1469 1271 1574 1336 imber
1596 1271 1778 1353 obtexerit,
1811 1270 1866 1356 qui

210 1373 328 1438 lortius
351 1373 455 1438 telum
477 1371 593 1438 iecerit
616 1392 678 1437 non
702 1373 827 1438 latebit.
873 1373 960 1439 ferro
984 1381 1120 1462 pectora
1142 1375 1330 1459 inmergite,
1361 1381 1397 1438 ut
1419 1376 1531 1440 veniat
1553 1374 1594 1440 de
1619 1375 1755 1440 horrore
1778 1374 1866 1438 vitae

211 1499 288 1565 spes
311 1475 486 1542 manifesta
502 1475 669 1542 victoriae.
708 1475 806 1541 credo
830 1465 912 1563 regii
935 1483 1054 1542 testem
1078 1477 1205 1542 roboris
1228 1477 1294 1542 iam
1316 1478 1507 1543 defunctum
1530 1498 1592 1542 neo
1616 1497 1790 1565 superesse
1812 1478 1867 1562 qui

158 1621 159 1624 =
210 1581 274 1644 illis
314 1601 411 1668 quom
450 1578 633 1644 habeamus
672 1578 839 1644 dominum
877 1587 1095 1646 consueverat
1134 1581 1291 1648 indicare.
1344 1589 1401 1647 aut
1436 1582 1520 1647 forte
1554 1587 1687 1668 gentem
1722 1586 1867 1646 nostram

211 1682 429 1770 dedignantur
460 1682 635 1747 aestimare
666 1683 707 1747 de
738 1684 908 1770 principat
958 1685 1155 1769 intellegant
1186 1683 1226 1749 ab
1256 1705 1296 1750 eo
1325 1685 1459 1751 fluxisse
1492 1685 1580 1770 quod
1611 1685 1771 1772 gerimus,
1806 1705 1867 1750 nec

209 1787 308 1851 liceat
334 1786 413 1867 illis,
442 1786 527 1872 quod
550 1793 657 1850 rector
679 1793 789 1850 noster
812 1788 992 1852 transmisit
1015 1787 1056 1852 ad
1080 1787 1261 1874 originem,
1288 1789 1344 1852 uni
1378 1795 1505 1853 tantum
1537 1788 1658 1854 debere
1681 1785 1866 1874 personae!

120 1912 141 1954 s·
156 1904 194 1944 ³¹⁰
212 1891 294 1956 haec
323 1889 454 1975 eloquia
485 1890 575 1955 lituis
603 1891 819 1956 conmutavit:
854 1892 1007 1956 continuo
1036 1898 1072 1956 ut
1100 1891 1230 1956 adsolet
1259 1898 1331 1958 ater
1360 1891 1487 1956 nimbus
1510 1892 1607 1956 tectis
1630 1890 1865 1978 crepitantibus
1878 1889 1919 1951 66

134 2011 157 2048 ¹⁵
210 1994 429 2082 procellarum
457 1993 584 2078 mugire
614 1994 791 2075 discursu,
809 1995 857 2058 sic
886 2015 922 2059 se
950 1995 1166 2080 praecipitem
1188 1994 1282 2081 plebs
1305 1993 1421 2060 Martis
1444 1995 1617 2060 inmiscuit.
1661 1995 1789 2060 incerta
1810 1993 1867 2058 diu

210 2099 378 2164 conflictus
405 2097 499 2162 lance
529 2098 695 2180 titubavit,
727 2096 804 2162 dum
833 2118 893 2183 par
923 2119 965 2162 ex
992 2103 1131 2182 utroque
1155 2099 1258 2162 latere
1282 2097 1449 2185 pugnandi
1473 2100 1672 2163 surrexisset
1695 2098 1865 2184 asperitas.

209 2201 448 2268 concurrebant
471 2200 556 2266 duae
580 2202 746 2279 nationes,
770 2201 887 2285 quibus
910 2221 1086 2285 numquam
1109 2202 1196 2266 inter
1219 2199 1347 2286 gladios
1371 2201 1449 2286 fuga
1472 2200 1682 2268 subvenerat.
1726 2201 1863 2265 miratae

210 2313 287 2372 sunt
315 2312 428 2372 mutuo
456 2307 505 2370 sui
535 2306 660 2370 similes
691 2305 831 2370 inveniri
860 2311 893 2369 et
919 2305 952 2369 in
981 2305 1123 2370 humano
1147 2325 1269 2389 genera
1294 2306 1346 2370 vel
1369 2303 1496 2370 Gothos
1521 2303 1730 2370 resistent-ern
1753 2303 1866 2369 videre

211 2411 264 2475 vel
280 2408 457 2496 Vulgares.
502 2410 629 2474 interea
659 2408 734 2473 dum
762 2428 886 2493 anceps
915 2415 1005 2472 esset
1030 2409 1161 2474 fortuna
1191 2409 1378 2473 certaminis
1407 2415 1441 2472 et
1469 2409 1626 2494 pinnatae
1657 2413 1778 2472 mortes
1803 2407 1864 2472 sibi
1879 2412 1919 2474 67

133 2529 138 2544 ·
211 2512 349 2578 aethera
371 2512 591 2594 vindicarent,
620 2512 788 2599 superavit
814 2512 918 2576 nostri
942 2497 1291 2598 memoria'principis,
1322 2512 1398 2575 dum
1421 2517 1573 2597 agerent,
1603 2516 1640 2574 ut
1662 2512 1865 2596 singulorum

210 2615 296 2701 apud
327 2637 402 2680 eum
431 2617 550 2684 merita
580 2637 714 2701 campus
745 2613 926 2680 adsereret.
973 2637 1067 2680 versa
1088 2621 1139 2680 est
1162 2617 1194 2680 in
1216 2616 1329 2700 fugam
1352 2617 1440 2680 natio
1463 2617 1577 2701 punita
1600 2614 1749 2700 gravius,
1780 2614 1866 2700 quod

210 2719 324 2784 evasit.
367 2719 467 2784 tellus
491 2719 599 2783 excita
622 2719 754 2784 tremuit
777 2719 993 2783 concussione
1024 2717 1244 2803 cornipedum.
1287 2740 1359 2783 curn
1382 2719 1508 2805 ingenti
1531 2718 1764 2782 lamentatione
1788 2739 1864 2803 pro·

209 2821 379 2907 parabant,
403 2828 573 2908 postquam
591 2822 743 2886 videmnt
764 2841 828 2885 non
854 2842 927 2886 esse
951 2843 987 2886 se
1010 2821 1128 2886 dubios
1151 2821 1192 2886 de
1217 2822 1331 2886 salute.
1370 2823 1451 2886 caeli
1476 2822 1598 2888 arbiter
1615 2820 1707 2901 deus,
1730 2841 1867 2887 munera

211 2927 340 2992 conlata
369 2927 564 3012 multiplica!
610 2926 657 2990 illi
680 2947 858 3011 numquam
885 2925 976 2990 dubii
1003 2925 1044 2990 de
1072 2926 1260 3012 triumphis,
1296 2926 1343 2990 illi
1375 2946 1455 3010 quos
1489 2924 1638 3012 suspexit
1669 2925 1866 2990 universitas

210 3029 346 3115 perditis
374 3030 538 3096 bellorum
565 3030 667 3114 signis
695 3035 729 3092 et
757 3028 899 3115 perculsi
929 3029 1153 3094 incolumitate
1182 3028 1371 3109 discedunt,
1403 3035 1518 3115 terque
1546 3036 1580 3096 et
1609 3036 1725 3116 quater
1747 3028 1864 3093 beatos
1875 3024 2012 3130 Wffqffl·

210 3155 283 3200 esee
307 3133 514 3199 clamitantes
536 3155 617 3219 quos
641 3138 798 3220 oppetere
820 3133 1026 3219 contigisset.
1065 3131 1142 3218 quid
1163 3139 1291 3219 strages
1307 3132 1446 3198 militnm
1461 3134 1630 3198 revolvam
1646 3139 1680 3197 et
1696 3131 1866 3198 Sabiniani
1879 3133 1938 3202 68.

210 3238 301 3302 ducis
324 3238 503 3303 abitionem
526 3237 758 3323 turpissimam,
782 3257 857 3301 curn
880 3238 1049 3302 aratione
1074 3235 1240 3301 dividatur
1263 3242 1415 3301 retexere
1433 3237 1662 3302 exterminatis
1677 3236 1868 3324 patrociniis

210 3341 287 3427 quid
322 3343 472 3408 evenerit
505 3341 696 3406 indefenso?
748 3347 827 3406 tunc
861 3361 903 3406 ne
937 3339 1103 3406 videretur
1139 3339 1355 3405 celebrandus
1393 3341 1533 3406 saeculis
1567 3341 1671 3405 Pitaio
1704 3360 1769 3404 non
1802 3345 1868 3404 tam

210 3445 369 3511 militasse
392 3445 515 3532 gloriae
539 3465 637 3530 quarn
660 3444 848 3531 cupiditati,
871 3444 967 3530 liquit
988 3444 1066 3508 seris
1089 3449 1146 3508 aut
1170 3443 1287 3508 avibus
1311 3445 1417 3529 campi
1442 3444 1603 3525 laborem,
1628 3463 1701 3508 cum
1724 3443 1869 3508 ieiunum

134 3567 160 3606 ιι
212 3549 350 3614 militem
379 3549 543 3636 opulentis
571 3547 746 3614 detrahere
775 3546 989 3612 cadaveribus
1018 3546 1100 3611 nihil
1122 3547 1263 3612 iuberet.
1310 3546 1368 3612 sed
1392 3547 1473 3612 haec
1496 3546 1613 3633 quibus
1637 3547 1756 3632 linguis
1780 3545 1869 3610 sulli—
1882 3553 1924 3614 69

119 3671 194 3719 ι-ιιι
214 3653 339 3717 cienter
372 3652 569 3738 explicanda
603 3656 700 3716 sunt?
746 3655 811 3736 qub
840 3657 993 3736 poterunt
1026 3651 1201 3716 facundiae
1235 3651 1310 3716 dote
1345 3653 1505 3718 reserari?
1550 3651 1606 3716 diu
1637 3657 1674 3716 tu
1702 3650 1807 3714 vicisti
1837 3651 1870 3714 in

210 3757 373 3822 universis
397 3755 629 3841 congressibus
657 3753 764 3839 (tuis),
794 3775 881 3818 nunc
911 3755 1070 3840 incipiens
1094 3756 1128 3820 in
1151 3754 1309 3840 obsequio
1332 3754 1457 3820 habere
1480 3754 1632 3818 victores.
1677 3754 1805 3818 interea
1829 3750 1872 3816 ad

211 3859 346 3925 limitem
370 3881 465 3924 sunm
480 3859 632 3924 Romana
654 3880 758 3946 regna
780 3866 983 3924 remearunt:
1007 3858 1113 3923 dictas
1137 3880 1227 3924 more
1251 3865 1400 3924 veterum
1422 3866 1601 3946 praecepta
1618 3858 1871 3937 Sermiensibus,

213 3960 253 4026 de
277 3963 346 4028 suis
369 3984 429 4049 per
450 3963 655 4028 vicinitatem
678 3969 768 4028 tuam
791 3962 942 4026 dubitant
965 3962 1021 4046 qui
1044 3961 1205 4026 hactenus
1229 3967 1339 4026 nostra
1361 3969 1549 4029 tenuerunt.

135 4085 159 4123 ιι
319 4065 416 4130 ΧΙΠ.
448 4066 534 4140 Quid
549 4065 958 4150 castigatasVandalorum
972 4067 1079 4131 ventis
1094 4065 1286 4152 parentibus
1300 4067 1437 4151 eloquar
1450 4065 1734 4153 depraedationes,
1750 4065 1868 4150 quibus
1884 4076 1923 4136 70

210 4189 268 4254 pro
290 4190 399 4234 annua
421 4171 580 4255 pensione
608 4170 689 4233 satis
712 4176 762 4234 est
784 4170 1024 4235 amicitiatuat
1069 4168 1203 4254 evagari
1226 4169 1315 4233 ultra
1336 4169 1587 4255 possibilitatem
1611 4168 1764 4234 nesciunt
1785 4168 1868 4232 duce

211 4273 385 4358 sapientia:
410 4271 536 4338 adfines
560 4293 633 4338 esse
656 4279 857 4352 meruerunt,
880 4273 958 4357 quia
981 4272 1136 4337 oboedire
1160 4292 1225 4336 non
1248 4271 1407 4337 abnuunt.

319 4377 411 4443 XIV.
445 4375 539 4442 Haeo
567 4375 609 4440 de
638 4380 806 4460 gestorum
833 4382 963 4440 tuorum
993 4376 1132 4440 cumulis
1162 4376 1266 4440 maior
1288 4383 1364 4441 voto
1393 4396 1491 4462 quarn
1522 4373 1710 4459 eloquelltia
1732 4374 1869 4438 strictim
1884 4381 1920 4442 71

212 4480 341 4566 digesta
357 4481 525 4567 replicavi,
548 4479 739 4545 melioribus
756 4479 879 4544 intacta
893 4480 1134 4565 derelinquens.
1173 4478 1285 4544 videro
1303 4480 1375 4564 quis
1391 4500 1443 4543 me
1458 4479 1568 4544 vincat
1589 4477 1754 4559 facundia,
1776 4497 1872 4541 nemo

133 4601 159 4639 ⁴⁰
212 4584 346 4650 circata
362 4583 596 4649 transcendere
608 4582 731 4647 valebit
741 4583 873 4648 affectu.
909 4583 1014 4647 habes
1026 4582 1110 4648 hanc
1124 4583 1185 4647 deo
1198 4583 1378 4669 inspirante
1393 4581 1687 4662 mansuetudinem,
1703 4588 1740 4645 ut
1751 4587 1784 4646 te
1797 4582 1871 4667 plns

215 4725 247 4734 -u

318 4827 464 4880 ltutilsB
527 4828 633 4879 martius
646 4825 671 4877 B
769 4823 786 4876 2
804 4843 877 4878 naam
893 4825 897 4891 Ι
912 4827 1056 4880 initaturB
1154 4825 1338 4879 3cchortisB
1401 4827 1554 4895 perniesbus
1567 4823 1607 4877 B¹
1670 4825 1712 4876 sui
1729 4841 1778 4876 cra.
1791 4822 1870 4876 Siras.

211 4913 229 4964 4
246 4915 387 4966 defensoris
404 4914 472 4978 libri,
494 4913 626 4980 cosencp
765 4909 783 4963 b
800 4921 830 4964 ut
852 4930 901 4964 cns.
914 4912 994 4965 Siras.
1099 4915 1166 4980 pisia
1180 4913 1205 4964 B
1342 4910 1360 4962 6
1381 4914 1495 4966 ardentis
1516 4911 1714 4964 aduliscentium
1738 4911 1833 4977 impius
1846 4911 1871 4960 Β

212 5001 362 5052 meministis
379 4997 453 5064 (det.)
470 4998 476 5066 1
491 4999 642 5050 meministis
655 4997 680 5049 B
779 4995 794 5047 'l
812 5000 994 5050 conmaassites
1007 4997 1056 5062 131,
1073 4998 1255 5052 conmeassatis
1267 4995 1311 5049 13²
1328 5006 1394 5050 recte
1411 5001 1473 5062 sort
1538 4998 1652 5050 absentis
1666 4995 1692 5047 Β
1790 4995 1807 5046 8
1825 4998 1869 5048 ob

212 5086 305 5137 texerit
322 5086 421 5152 scripsi,
438 5085 565 5136 obtineret
576 5081 625 5146 B¹,
647 5084 780 5136 obtexerat
792 5081 836 5134 13²
852 5093 876 5135 et
893 5085 968 5136 ceteri
985 5083 1240 5149 (Varg.rl.11,611)
1352 5083 1369 5135 9
1387 5085 1475 5135 iecerit
1486 5085 1509 5146 t,
1526 5085 1620 5136 iecerat
1632 5083 1665 5146 B,
1683 5085 1778 5134 iaceret
1796 5084 1872 5134 estest

212 5171 301 5222 latebit
313 5171 336 5236 b,
354 5171 448 5222 latebat
459 5169 493 5234 B,
510 5171 602 5222 lateret
617 5170 693 5222 ceteri
797 5167 830 5220 12
848 5170 1030 5237 intelligantB
1136 5169 1168 5222 15
1186 5171 1304 5224 discursu
1317 5171 1420 5234 Macro,
1437 5171 1581 5222 dhcursum
1594 5171 1654 5221 libri
1759 5168 1792 5220 16
1810 5171 1870 5221 titu-

212 5255 285 5306 babit
300 5255 326 5305 B
388 5293 392 5298 .
474 5252 504 5306 ll
527 5255 638 5306 nationis
658 5254 684 5304 B
835 5253 867 5306 18
892 5256 983 5308 similis
1002 5255 1122 5306 Bvart
1236 5258 1334 5309 Gothos
1355 5256 1464 5318 Hartel,
1493 5262 1570 5322 gotns
1586 5254 1676 5320 BVL,
1704 5255 1800 5322 gothus
1817 5255 1875 5318 ret,

212 5341 354 5408 Gothump
412 5341 499 5392 isidero
512 5339 615 5402 Harrei,
632 5341 726 5392 audere
739 5341 799 5391 libri
895 5340 927 5392 19
944 5352 1070 5408 pennatae
1087 5342 1112 5391 1⁷
1199 5342 1236 5395 20
1254 5345 1383 5410 principes
1396 5343 1431 5393 B·
1512 5339 1546 5392 ⁶24
1564 5341 1698 5394 collamV
1754 5341 1826 5392 dubii
1840 5339 1874 5404 Β,

212 5427 377 5478 dubiocetm'
490 5424 526 5477 2ῐ)
540 5427 711 5478 incolomitate
724 5426 749 5477 B
827 5427 956 5479 beamsB
1071 5425 1104 5478 27
1119 5428 1236 5480 ducesB
1349 5427 1384 5480 28
1401 5428 1560 5480 suanerstB
1672 5423 1707 5478 30
1725 5427 1825 5478 iuberet
1838 5425 1871 5490 Β,

213 5513 315 5566 iuuaret
326 5513 401 5564 ceteri
535 5510 568 5564 31
587 5513 645 5564 dota
664 5511 780 5580 reserari]
799 5513 889 5564 docere
904 5513 1038 5564 seruariB
1168 5513 1202 5566 32
1220 5518 1271 5568 tuis
1283 5533 1332 5566 orn.
1345 5515 1385 5567 Bt
1516 5512 1550 5566 33
1567 5515 1647 5566 dictas
1660 5513 1693 5576 B,
1710 5513 1778 5565 dicta
1796 5513 1874 5564 ceteri

212 5600 389 5652 sirmiensibus
411 5598 436 5648 Γ
578 5597 613 5650 35
639 5599 829 5650 uuandalorum
851 5599 876 5648 V
1019 5597 1053 5650 36
1081 5601 1280 5667 posssbilitatem
1302 5601 1328 5651 Β
1476 5597 1509 5650 37
1536 5600 1635 5652 adfines
1662 5597 1705 5663 (ad
1730 5600 1758 5650 ιἰι
1780 5599 1828 5664 tit.)
1849 5597 1875 5650 Β

213 5683 247 5737 39
264 5687 368 5753 degesta
381 5685 406 5735 Β

1611 5777 1665 5829 at*
