<?xml version="1.0" encoding="UTF-8"?>
<!DOCTYPE html PUBLIC "-//W3C//DTD XHTML 1.0 Transitional//EN"
    "http://www.w3.org/TR/xhtml1/DTD/xhtml1-transitional.dtd">
<html xmlns="http://www.w3.org/1999/xhtml" xml:lang="en" lang="en">
 <head>
  <title>
</title>
<meta http-equiv="Content-Type" content="text/html;charset=utf-8" />
  <meta name='ocr-system' content='tesseract 3.04.00' />
  <meta name='ocr-capabilities' content='ocr_page ocr_carea ocr_par ocr_line ocrx_word'/>
</head>
<body>
  <div class='ocr_page' id='page_1' title='image "./monumentagerman06mittgoog_0017.png"; bbox 0 0 4612 6442; ppageno 0'>
   <div class='ocr_carea' id='block_1_1' title="bbox 480 399 1617 480">
    <p class='ocr_par' dir='ltr' id='par_1_1' title="bbox 480 399 1617 480">
     <span class='ocr_line' id='line_1_1' title="bbox 480 399 1617 480; baseline -0.002 -24"><span class='ocrx_word' id='word_1_1' title='bbox 480 403 546 458; x_wconf 88' lang='lat' dir='ltr'>VIII</span> <span class='ocrx_word' id='word_1_2' title='bbox 997 404 1016 456; x_wconf 93' lang='lat' dir='ltr'>I.</span> <span class='ocrx_word' id='word_1_3' title='bbox 1045 401 1092 456; x_wconf 78' lang='lat' dir='ltr'>DI}</span> <span class='ocrx_word' id='word_1_4' title='bbox 1112 402 1200 480; x_wconf 73' lang='lat' dir='ltr'>VITA</span> <span class='ocrx_word' id='word_1_5' title='bbox 1219 401 1267 458; x_wconf 82' lang='grc' dir='ltr'>ΕΤ</span> <span class='ocrx_word' id='word_1_6' title='bbox 1286 399 1448 458; x_wconf 81' lang='lat' dir='ltr'>SCRIPTIS</span> <span class='ocrx_word' id='word_1_7' title='bbox 1466 400 1617 456; x_wconf 77' lang='lat' dir='ltr'>ENNODI.</span> 
     </span>
    </p>
   </div>
   <div class='ocr_carea' id='block_1_2' title="bbox 477 531 2133 663">
    <p class='ocr_par' dir='ltr' id='par_1_2' title="bbox 477 531 2133 663">
     <span class='ocr_line' id='line_1_2' title="bbox 477 531 2133 663; baseline -0.003 -21"><span class='ocrx_word' id='word_1_8' title='bbox 477 578 556 642; x_wconf 89' lang='lat' dir='ltr'>inire</span> <span class='ocrx_word' id='word_1_9' title='bbox 578 585 705 642; x_wconf 87' lang='lat' dir='ltr'>coactus</span> <span class='ocrx_word' id='word_1_10' title='bbox 728 585 818 656; x_wconf 83' lang='lat' dir='ltr'>esset,</span> <span class='ocrx_word' id='word_1_11' title='bbox 840 585 943 642; x_wconf 87' lang='lat' dir='ltr'>tamen</span> <span class='ocrx_word' id='word_1_12' title='bbox 966 599 1029 663; x_wconf 92' lang='lat' dir='ltr'>qua</span> <span class='ocrx_word' id='word_1_13' title='bbox 1050 598 1145 641; x_wconf 88' lang='lat' dir='ltr'>causa</span> <span class='ocrx_word' id='word_1_14' title='bbox 1166 531 1290 641; x_wconf 89' lang='lat' dir='ltr'>facilius</span> <span class='ocrx_word' id='word_1_15' title='bbox 1313 573 1354 640; x_wconf 87' lang='lat' dir='ltr'>ad</span> <span class='ocrx_word' id='word_1_16' title='bbox 1377 573 1454 639; x_wconf 89' lang='lat' dir='ltr'>illrrd</span> <span class='ocrx_word' id='word_1_17' title='bbox 1477 575 1614 640; x_wconf 86' lang='lat' dir='ltr'>officinm</span> <span class='ocrx_word' id='word_1_18' title='bbox 1630 575 1804 661; x_wconf 85' lang='lat' dir='ltr'>permoveri</span> <span class='ocrx_word' id='word_1_19' title='bbox 1827 583 1941 661; x_wconf 84' lang='lat' dir='ltr'>posset,</span> <span class='ocrx_word' id='word_1_20' title='bbox 1964 597 2002 637; x_wconf 88' lang='lat' dir='ltr'>ex</span> <span class='ocrx_word' id='word_1_21' title='bbox 2025 571 2133 638; x_wconf 87' lang='lat' dir='ltr'>Gelasi</span> 
     </span>
    </p>
   </div>
   <div class='ocr_carea' id='block_1_3' title="bbox 453 676 2136 5735">
    <p class='ocr_par' dir='ltr' id='par_1_3' title="bbox 478 676 2135 1265">
     <span class='ocr_line' id='line_1_3' title="bbox 479 676 2132 768; baseline -0.004 -22"><span class='ocrx_word' id='word_1_22' title='bbox 479 703 579 768; x_wconf 88' lang='lat' dir='ltr'>papae</span> <span class='ocrx_word' id='word_1_23' title='bbox 600 680 735 767; x_wconf 79' lang='lat' dir='ltr'>epistula</span> <span class='ocrx_word' id='word_1_24' title='bbox 757 704 784 746; x_wconf 88' lang='lat' dir='ltr'>a</span> <span class='ocrx_word' id='word_1_25' title='bbox 807 682 871 747; x_wconf 79' lang='lat'>494</span> <span class='ocrx_word' id='word_1_26' title='bbox 893 681 1010 767; x_wconf 88' lang='lat' dir='ltr'>scripta</span> <span class='ocrx_word' id='word_1_27' title='bbox 1032 679 1134 762; x_wconf 83' lang='lat' dir='ltr'>(Thiel</span> <span class='ocrx_word' id='word_1_28' title='bbox 1156 680 1246 766; x_wconf 79' lang='lat' dir='ltr'>epist.</span> <span class='ocrx_word' id='word_1_29' title='bbox 1269 679 1377 766; x_wconf 84' lang='lat' dir='ltr'>pontif.</span> <span class='ocrx_word' id='word_1_30' title='bbox 1401 703 1430 766; x_wconf 93' lang='lat' dir='ltr'>p.</span> <span class='ocrx_word' id='word_1_31' title='bbox 1446 681 1520 758; x_wconf 82' lang='lat'>362)</span> <span class='ocrx_word' id='word_1_32' title='bbox 1543 679 1748 764; x_wconf 80' lang='lat' dir='ltr'><strong>cognoscitur.</strong></span> <span class='ocrx_word' id='word_1_33' title='bbox 1782 679 1835 765; x_wconf 92' lang='lat' dir='ltr'>qui</span> <span class='ocrx_word' id='word_1_34' title='bbox 1858 677 2020 744; x_wconf 86' lang='lat' dir='ltr'>constitnit</span> <span class='ocrx_word' id='word_1_35' title='bbox 2040 676 2132 740; x_wconf 89' lang='lat' dir='ltr'>etiam</span> 
     </span>
     <span class='ocr_line' id='line_1_4' title="bbox 478 779 2135 871; baseline -0.004 -22"><span class='ocrx_word' id='word_1_36' title='bbox 478 783 576 849; x_wconf 91' lang='lat' dir='ltr'>laicos</span> <span class='ocrx_word' id='word_1_37' title='bbox 603 784 685 849; x_wconf 86' lang='lat' dir='ltr'>intra</span> <span class='ocrx_word' id='word_1_38' title='bbox 717 807 833 850; x_wconf 91' lang='lat' dir='ltr'>annum</span> <span class='ocrx_word' id='word_1_39' title='bbox 864 792 895 849; x_wconf 90' lang='lat' dir='ltr'>et</span> <span class='ocrx_word' id='word_1_40' title='bbox 924 807 979 849; x_wconf 84' lang='lat' dir='ltr'>sex</span> <span class='ocrx_word' id='word_1_41' title='bbox 1008 807 1130 849; x_wconf 87' lang='lat' dir='ltr'>menses</span> <span class='ocrx_word' id='word_1_42' title='bbox 1159 782 1311 870; x_wconf 73' lang='lat' dir='ltr'>dignitate</span> <span class='ocrx_word' id='word_1_43' title='bbox 1340 783 1512 871; x_wconf 82' lang='lat' dir='ltr'>presbyteri</span> <span class='ocrx_word' id='word_1_44' title='bbox 1540 783 1643 848; x_wconf 90' lang='lat' dir='ltr'>ornari</span> <span class='ocrx_word' id='word_1_45' title='bbox 1673 805 1781 869; x_wconf 87' lang='lat' dir='ltr'>posse,</span> <span class='ocrx_word' id='word_1_46' title='bbox 1810 783 1884 869; x_wconf 90' lang='lat' dir='ltr'>qnia</span> <span class='ocrx_word' id='word_1_47' title='bbox 1913 779 2042 846; x_wconf 92' lang='lat' dir='ltr'>clericos</span> <span class='ocrx_word' id='word_1_48' title='bbox 2069 801 2135 866; x_wconf 91' lang='lat' dir='ltr'>,per</span> 
     </span>
     <span class='ocr_line' id='line_1_5' title="bbox 479 882 2134 980; baseline -0.002 -28"><span class='ocrx_word' id='word_1_49' title='bbox 479 886 620 952; x_wconf 88' lang='lat' dir='ltr'>diversas</span> <span class='ocrx_word' id='word_1_50' title='bbox 648 887 760 953; x_wconf 84' lang='lat' dir='ltr'>Italiae</span> <span class='ocrx_word' id='word_1_51' title='bbox 788 897 897 980; x_wconf 35' lang='lat' dir='ltr'>partes·</span> <span class='ocrx_word' id='word_1_52' title='bbox 923 889 968 953; x_wconf 87' lang='lat' dir='ltr'>ita</span> <span class='ocrx_word' id='word_1_53' title='bbox 995 887 1069 953; x_wconf 89' lang='lat' dir='ltr'>belli</span> <span class='ocrx_word' id='word_1_54' title='bbox 1096 887 1249 974; x_wconf 85' lang='lat' dir='ltr'>famisque</span> <span class='ocrx_word' id='word_1_55' title='bbox 1271 887 1467 974; x_wconf 84' lang='lat' dir='ltr'>consumpsit</span> <span class='ocrx_word' id='word_1_56' title='bbox 1489 888 1638 966; x_wconf 91' lang='lat' dir='ltr'>incursio,</span> <span class='ocrx_word' id='word_1_57' title='bbox 1668 895 1703 951; x_wconf 92' lang='lat' dir='ltr'>ut</span> <span class='ocrx_word' id='word_1_58' title='bbox 1724 907 1946 974; x_wconf 79' lang='lat' dir='ltr'>usquequaque</span> <span class='ocrx_word' id='word_1_59' title='bbox 1974 882 2134 949; x_wconf 87' lang='lat' dir='ltr'>deficiente</span> 
     </span>
     <span class='ocr_line' id='line_1_6' title="bbox 479 989 2135 1074; baseline -0.003 -18"><span class='ocrx_word' id='word_1_60' title='bbox 479 991 608 1057; x_wconf 88' lang='lat' dir='ltr'>servitio</span> <span class='ocrx_word' id='word_1_61' title='bbox 631 992 844 1058; x_wconf 91' lang='lat' dir='ltr'>ministrorum</span> <span class='ocrx_word' id='word_1_62' title='bbox 873 992 1019 1057; x_wconf 89' lang='lat' dir='ltr'>ecclesiae</span> <span class='ocrx_word' id='word_1_63' title='bbox 1041 989 1137 1056; x_wconf 85' lang='lat' dir='ltr'>sacris</span> <span class='ocrx_word' id='word_1_64' title='bbox 1166 991 1328 1058; x_wconf 85' lang='lat' dir='ltr'>ordinibus</span> <span class='ocrx_word' id='word_1_65' title='bbox 1354 990 1496 1056; x_wconf 88' lang='lat' dir='ltr'>funditus</span> <span class='ocrx_word' id='word_1_66' title='bbox 1520 989 1687 1056; x_wconf 87' lang='lat' dir='ltr'>destitutae</span> <span class='ocrx_word' id='word_1_67' title='bbox 1709 995 1904 1056; x_wconf 84' lang='lat' dir='ltr'>remaneant‘.</span> <span class='ocrx_word' id='word_1_68' title='bbox 1948 999 2015 1053; x_wconf 90' lang='lat' dir='ltr'>tum</span> <span class='ocrx_word' id='word_1_69' title='bbox 2039 989 2135 1074; x_wconf 91' lang='lat' dir='ltr'>igitur</span> 
     </span>
     <span class='ocr_line' id='line_1_7' title="bbox 479 1091 2135 1182; baseline -0.002 -22"><span class='ocrx_word' id='word_1_70' title='bbox 479 1117 551 1182; x_wconf 88' lang='lat' dir='ltr'>spes</span> <span class='ocrx_word' id='word_1_71' title='bbox 580 1105 648 1160; x_wconf 89' lang='lat' dir='ltr'>erat</span> <span class='ocrx_word' id='word_1_72' title='bbox 674 1117 729 1182; x_wconf 90' lang='lat' dir='ltr'>per</span> <span class='ocrx_word' id='word_1_73' title='bbox 756 1096 896 1181; x_wconf 88' lang='lat' dir='ltr'>singulos</span> <span class='ocrx_word' id='word_1_74' title='bbox 924 1095 1076 1160; x_wconf 91' lang='lat' dir='ltr'>honorum</span> <span class='ocrx_word' id='word_1_75' title='bbox 1110 1095 1226 1182; x_wconf 85' lang='lat' dir='ltr'>gradus</span> <span class='ocrx_word' id='word_1_76' title='bbox 1257 1097 1414 1161; x_wconf 84' lang='lat' dir='ltr'>celerrime</span> <span class='ocrx_word' id='word_1_77' title='bbox 1448 1095 1487 1160; x_wconf 88' lang='lat' dir='ltr'>ad</span> <span class='ocrx_word' id='word_1_78' title='bbox 1520 1093 1642 1159; x_wconf 88' lang='lat' dir='ltr'>diaconi</span> <span class='ocrx_word' id='word_1_79' title='bbox 1671 1095 1720 1159; x_wconf 91' lang='lat' dir='ltr'>vel</span> <span class='ocrx_word' id='word_1_80' title='bbox 1748 1094 1918 1180; x_wconf 84' lang='lat' dir='ltr'>presbyteri</span> <span class='ocrx_word' id='word_1_81' title='bbox 1950 1091 2135 1178; x_wconf 86' lang='lat' dir='ltr'>dignitatem</span> 
     </span>
     <span class='ocr_line' id='line_1_8' title="bbox 479 1197 676 1265; baseline 0.015 -3"><span class='ocrx_word' id='word_1_82' title='bbox 479 1197 676 1265; x_wconf 90' lang='lat' dir='ltr'>ascendendi.</span> 
     </span>
    </p>

    <p class='ocr_par' dir='ltr' id='par_1_4' title="bbox 453 1302 2136 5735">
     <span class='ocr_line' id='line_1_9' title="bbox 453 1302 2134 1390; baseline -0.001 -22"><span class='ocrx_word' id='word_1_83' title='bbox 453 1332 466 1360; x_wconf 86' lang='grc' dir='ltr'>ο</span> <span class='ocrx_word' id='word_1_84' title='bbox 583 1303 665 1368; x_wconf 89' lang='lat' dir='ltr'>Utut</span> <span class='ocrx_word' id='word_1_85' title='bbox 687 1314 791 1369; x_wconf 87' lang='lat' dir='ltr'>antem</span> <span class='ocrx_word' id='word_1_86' title='bbox 813 1305 868 1369; x_wconf 88' lang='lat' dir='ltr'>illa</span> <span class='ocrx_word' id='word_1_87' title='bbox 890 1327 938 1369; x_wconf 90' lang='lat' dir='ltr'>res</span> <span class='ocrx_word' id='word_1_88' title='bbox 962 1327 994 1368; x_wconf 86' lang='lat' dir='ltr'>se</span> <span class='ocrx_word' id='word_1_89' title='bbox 1017 1305 1119 1384; x_wconf 88' lang='lat' dir='ltr'>habet,</span> <span class='ocrx_word' id='word_1_90' title='bbox 1141 1305 1305 1390; x_wconf 87' lang='lat' dir='ltr'>pueritiam</span> <span class='ocrx_word' id='word_1_91' title='bbox 1328 1313 1358 1368; x_wconf 92' lang='lat' dir='ltr'>et</span> <span class='ocrx_word' id='word_1_92' title='bbox 1373 1304 1616 1368; x_wconf 71' lang='lat' dir='ltr'>adulescentiam</span> <span class='ocrx_word' id='word_1_93' title='bbox 1631 1303 1796 1368; x_wconf 85' lang='lat' dir='ltr'>Ennodius</span> <span class='ocrx_word' id='word_1_94' title='bbox 1818 1304 1851 1367; x_wconf 93' lang='lat' dir='ltr'>in</span> <span class='ocrx_word' id='word_1_95' title='bbox 1867 1303 2007 1389; x_wconf 85' lang='lat' dir='ltr'>profanis</span> <span class='ocrx_word' id='word_1_96' title='bbox 2029 1302 2134 1389; x_wconf 85' lang='lat' dir='ltr'>potius</span> 
     </span>
     <span class='ocr_line' id='line_1_10' title="bbox 478 1404 2133 1494; baseline -0.002 -22"><span class='ocrx_word' id='word_1_97' title='bbox 478 1431 573 1494; x_wconf 89' lang='lat' dir='ltr'>quanr</span> <span class='ocrx_word' id='word_1_98' title='bbox 601 1409 634 1472; x_wconf 91' lang='lat' dir='ltr'>in</span> <span class='ocrx_word' id='word_1_99' title='bbox 663 1409 759 1473; x_wconf 88' lang='lat' dir='ltr'>sacris</span> <span class='ocrx_word' id='word_1_100' title='bbox 791 1409 902 1472; x_wconf 89' lang='lat' dir='ltr'>litteris</span> <span class='ocrx_word' id='word_1_101' title='bbox 932 1408 1157 1493; x_wconf 76' lang='lat' dir='ltr'>cognoscendis</span> <span class='ocrx_word' id='word_1_102' title='bbox 1187 1407 1404 1486; x_wconf 83' lang='lat' dir='ltr'>consumebat,</span> <span class='ocrx_word' id='word_1_103' title='bbox 1434 1409 1477 1472; x_wconf 89' lang='lat' dir='ltr'>ita</span> <span class='ocrx_word' id='word_1_104' title='bbox 1508 1417 1540 1472; x_wconf 91' lang='grc'>11</span> <span class='ocrx_word' id='word_1_105' title='bbox 1570 1418 1644 1494; x_wconf 87' lang='lat' dir='ltr'>post</span> <span class='ocrx_word' id='word_1_106' title='bbox 1665 1408 1780 1472; x_wconf 89' lang='lat' dir='ltr'>amitae</span> <span class='ocrx_word' id='word_1_107' title='bbox 1807 1407 1958 1472; x_wconf 87' lang='lat' dir='ltr'>iacturam</span> <span class='ocrx_word' id='word_1_108' title='bbox 1985 1406 2017 1469; x_wconf 92' lang='lat' dir='ltr'>in</span> <span class='ocrx_word' id='word_1_109' title='bbox 2047 1404 2133 1470; x_wconf 87' lang='lat' dir='ltr'>illam</span> 
     </span>
     <span class='ocr_line' id='line_1_11' title="bbox 477 1508 2135 1598; baseline -0.001 -23"><span class='ocrx_word' id='word_1_110' title='bbox 477 1509 614 1589; x_wconf 91' lang='lat' dir='ltr'>,domum</span> <span class='ocrx_word' id='word_1_111' title='bbox 638 1535 732 1577; x_wconf 88' lang='lat' dir='ltr'>censu</span> <span class='ocrx_word' id='word_1_112' title='bbox 748 1521 778 1576; x_wconf 90' lang='lat' dir='ltr'>et</span> <span class='ocrx_word' id='word_1_113' title='bbox 793 1511 941 1597; x_wconf 89' lang='lat' dir='ltr'>religione</span> <span class='ocrx_word' id='word_1_114' title='bbox 956 1510 1171 1598; x_wconf 86' lang='lat' dir='ltr'>praedivitem‘</span> <span class='ocrx_word' id='word_1_115' title='bbox 1193 1520 1349 1598; x_wconf 89' lang='lat' dir='ltr'>receptum</span> <span class='ocrx_word' id='word_1_116' title='bbox 1366 1520 1432 1575; x_wconf 89' lang='grc'><strong>11111</strong></span> <span class='ocrx_word' id='word_1_117' title='bbox 1448 1510 1573 1575; x_wconf 88' lang='lat' dir='ltr'>demam</span> <span class='ocrx_word' id='word_1_118' title='bbox 1590 1533 1624 1574; x_wconf 86' lang='lat' dir='ltr'>se</span> <span class='ocrx_word' id='word_1_119' title='bbox 1641 1509 1842 1590; x_wconf 85' lang='lat' dir='ltr'>,infidelitatis</span> <span class='ocrx_word' id='word_1_120' title='bbox 1858 1509 1992 1575; x_wconf 89' lang='lat' dir='ltr'>obscura</span> <span class='ocrx_word' id='word_1_121' title='bbox 2005 1508 2135 1596; x_wconf 88' lang='lat' dir='ltr'>fugisse‘</span> 
     </span>
     <span class='ocr_line' id='line_1_12' title="bbox 479 1610 2134 1704; baseline -0.002 -22"><span class='ocrx_word' id='word_1_122' title='bbox 479 1619 519 1701; x_wconf 91' lang='lat' dir='ltr'>(p.</span> <span class='ocrx_word' id='word_1_123' title='bbox 535 1618 608 1695; x_wconf 84' lang='lat'>303,</span> <span class='ocrx_word' id='word_1_124' title='bbox 622 1618 672 1698; x_wconf 83' lang='lat'>17)</span> <span class='ocrx_word' id='word_1_125' title='bbox 700 1617 768 1704; x_wconf 92' lang='lat' dir='ltr'>ipse</span> <span class='ocrx_word' id='word_1_126' title='bbox 796 1617 998 1680; x_wconf 87' lang='lat' dir='ltr'>confiteretur.</span> <span class='ocrx_word' id='word_1_127' title='bbox 1049 1638 1128 1700; x_wconf 90' lang='lat' dir='ltr'>quae</span> <span class='ocrx_word' id='word_1_128' title='bbox 1154 1616 1250 1680; x_wconf 89' lang='lat' dir='ltr'>verba</span> <span class='ocrx_word' id='word_1_129' title='bbox 1280 1638 1341 1680; x_wconf 93' lang='lat' dir='ltr'>non</span> <span class='ocrx_word' id='word_1_130' title='bbox 1370 1615 1412 1680; x_wconf 89' lang='lat' dir='ltr'>ita</span> <span class='ocrx_word' id='word_1_131' title='bbox 1441 1613 1647 1700; x_wconf 89' lang='lat' dir='ltr'>intellegenda</span> <span class='ocrx_word' id='word_1_132' title='bbox 1676 1637 1744 1679; x_wconf 88' lang='lat' dir='ltr'>esse</span> <span class='ocrx_word' id='word_1_133' title='bbox 1771 1623 1862 1700; x_wconf 84' lang='lat' dir='ltr'>puto,</span> <span class='ocrx_word' id='word_1_134' title='bbox 1895 1622 1931 1678; x_wconf 90' lang='lat' dir='ltr'>ut</span> <span class='ocrx_word' id='word_1_135' title='bbox 1952 1610 2134 1678; x_wconf 85' lang='lat' dir='ltr'>Ennodium</span> 
     </span>
     <span class='ocr_line' id='line_1_13' title="bbox 479 1718 2133 1806; baseline -0.001 -22"><span class='ocrx_word' id='word_1_136' title='bbox 479 1729 569 1784; x_wconf 87' lang='lat' dir='ltr'>antea</span> <span class='ocrx_word' id='word_1_137' title='bbox 590 1741 689 1806; x_wconf 90' lang='lat' dir='ltr'>neque</span> <span class='ocrx_word' id='word_1_138' title='bbox 711 1721 883 1806; x_wconf 72' lang='lat' dir='ltr'>praereptis</span> <span class='ocrx_word' id='word_1_139' title='bbox 913 1720 1101 1785; x_wconf 89' lang='lat' dir='ltr'>Christianis</span> <span class='ocrx_word' id='word_1_140' title='bbox 1131 1721 1284 1784; x_wconf 87' lang='lat' dir='ltr'>imbutum</span> <span class='ocrx_word' id='word_1_141' title='bbox 1307 1741 1406 1806; x_wconf 88' lang='lat' dir='ltr'>neque</span> <span class='ocrx_word' id='word_1_142' title='bbox 1428 1720 1616 1805; x_wconf 88' lang='lat' dir='ltr'>baptismate</span> <span class='ocrx_word' id='word_1_143' title='bbox 1644 1719 1725 1783; x_wconf 89' lang='lat' dir='ltr'>inter</span> <span class='ocrx_word' id='word_1_144' title='bbox 1751 1718 1947 1783; x_wconf 84' lang='lat' dir='ltr'>Christianos</span> <span class='ocrx_word' id='word_1_145' title='bbox 1975 1726 2133 1803; x_wconf 83' lang='lat' dir='ltr'>receptum</span> 
     </span>
     <span class='ocr_line' id='line_1_14' title="bbox 477 1822 2134 1911; baseline -0.001 -25"><span class='ocrx_word' id='word_1_146' title='bbox 477 1823 573 1887; x_wconf 90' lang='lat' dir='ltr'>fuisse</span> <span class='ocrx_word' id='word_1_147' title='bbox 595 1823 817 1888; x_wconf 84' lang='lat' dir='ltr'>existimemus.</span> <span class='ocrx_word' id='word_1_148' title='bbox 853 1847 1041 1911; x_wconf 90' lang='lat' dir='ltr'>quamquam</span> <span class='ocrx_word' id='word_1_149' title='bbox 1065 1825 1147 1888; x_wconf 91' lang='lat' dir='ltr'>enim</span> <span class='ocrx_word' id='word_1_150' title='bbox 1169 1823 1231 1903; x_wconf 85' lang='lat' dir='ltr'>ille,</span> <span class='ocrx_word' id='word_1_151' title='bbox 1254 1825 1336 1887; x_wconf 91' lang='lat' dir='ltr'>sicut</span> <span class='ocrx_word' id='word_1_152' title='bbox 1358 1822 1564 1908; x_wconf 78' lang='lat' dir='ltr'>Symmachus</span> <span class='ocrx_word' id='word_1_153' title='bbox 1588 1845 1669 1908; x_wconf 90' lang='lat' dir='ltr'>papa</span> <span class='ocrx_word' id='word_1_154' title='bbox 1692 1822 1854 1886; x_wconf 89' lang='lat' dir='ltr'>Romanus</span> <span class='ocrx_word' id='word_1_155' title='bbox 1877 1831 1944 1886; x_wconf 90' lang='lat' dir='ltr'>tum</span> <span class='ocrx_word' id='word_1_156' title='bbox 1966 1844 2014 1901; x_wconf 84' lang='lat' dir='ltr'>,ex</span> <span class='ocrx_word' id='word_1_157' title='bbox 2038 1843 2134 1907; x_wconf 86' lang='lat' dir='ltr'>paga-</span> 
     </span>
     <span class='ocr_line' id='line_1_15' title="bbox 478 1925 2133 2012; baseline 0.001 -22"><span class='ocrx_word' id='word_1_158' title='bbox 478 1926 575 1992; x_wconf 84' lang='lat' dir='ltr'>nitate</span> <span class='ocrx_word' id='word_1_159' title='bbox 602 1927 634 1990; x_wconf 91' lang='lat' dir='ltr'>iu</span> <span class='ocrx_word' id='word_1_160' title='bbox 670 1927 743 1992; x_wconf 91' lang='lat' dir='ltr'>sede</span> <span class='ocrx_word' id='word_1_161' title='bbox 776 1927 858 1992; x_wconf 90' lang='lat' dir='ltr'>beati</span> <span class='ocrx_word' id='word_1_162' title='bbox 881 1929 967 1992; x_wconf 87' lang='lat' dir='ltr'>Petri</span> <span class='ocrx_word' id='word_1_163' title='bbox 998 1929 1123 1993; x_wconf 89' lang='lat' dir='ltr'>veniens</span> <span class='ocrx_word' id='word_1_164' title='bbox 1153 1927 1245 1992; x_wconf 90' lang='lat' dir='ltr'>fidem</span> <span class='ocrx_word' id='word_1_165' title='bbox 1275 1927 1459 1992; x_wconf 85' lang='lat' dir='ltr'>catholicam</span> <span class='ocrx_word' id='word_1_166' title='bbox 1490 1927 1635 2012; x_wconf 85' lang='lat' dir='ltr'>suscepit‘</span> <span class='ocrx_word' id='word_1_167' title='bbox 1665 1925 1765 2008; x_wconf 80' lang='lat' dir='ltr'>(Thiel</span> <span class='ocrx_word' id='word_1_168' title='bbox 1787 1926 1877 2011; x_wconf 82' lang='lat' dir='ltr'>epist.</span> <span class='ocrx_word' id='word_1_169' title='bbox 1900 1935 1985 2010; x_wconf 73' lang='lat' dir='ltr'>pont.</span> <span class='ocrx_word' id='word_1_170' title='bbox 2007 1949 2037 2011; x_wconf 93' lang='lat' dir='ltr'>p.</span> <span class='ocrx_word' id='word_1_171' title='bbox 2052 1927 2133 2005; x_wconf 80' lang='lat'>702),</span> 
     </span>
     <span class='ocr_line' id='line_1_16' title="bbox 478 2028 2134 2118; baseline -0.001 -24"><span class='ocrx_word' id='word_1_172' title='bbox 478 2053 516 2095; x_wconf 88' lang='lat' dir='ltr'>ex</span> <span class='ocrx_word' id='word_1_173' title='bbox 539 2053 661 2116; x_wconf 90' lang='lat' dir='ltr'>pagano</span> <span class='ocrx_word' id='word_1_174' title='bbox 684 2032 849 2118; x_wconf 87' lang='lat' dir='ltr'>episcopus</span> <span class='ocrx_word' id='word_1_175' title='bbox 872 2033 936 2096; x_wconf 88' lang='lat' dir='ltr'>fieri</span> <span class='ocrx_word' id='word_1_176' title='bbox 960 2035 1074 2118; x_wconf 90' lang='lat' dir='ltr'>potuit,</span> <span class='ocrx_word' id='word_1_177' title='bbox 1100 2042 1204 2096; x_wconf 91' lang='lat' dir='ltr'>tamen</span> <span class='ocrx_word' id='word_1_178' title='bbox 1235 2031 1307 2095; x_wconf 91' lang='lat' dir='ltr'>huic</span> <span class='ocrx_word' id='word_1_179' title='bbox 1330 2032 1500 2095; x_wconf 89' lang='lat' dir='ltr'>sententiae</span> <span class='ocrx_word' id='word_1_180' title='bbox 1523 2029 1555 2093; x_wconf 94' lang='lat' dir='ltr'>id</span> <span class='ocrx_word' id='word_1_181' title='bbox 1578 2029 1698 2106; x_wconf 85' lang='lat' dir='ltr'>obstat,</span> <span class='ocrx_word' id='word_1_182' title='bbox 1727 2028 1811 2114; x_wconf 86' lang='lat' dir='ltr'>quod</span> <span class='ocrx_word' id='word_1_183' title='bbox 1838 2050 1945 2092; x_wconf 87' lang='lat' dir='ltr'>omnes</span> <span class='ocrx_word' id='word_1_184' title='bbox 1973 2029 2039 2092; x_wconf 92' lang='lat' dir='ltr'>eius</span> <span class='ocrx_word' id='word_1_185' title='bbox 2062 2051 2134 2115; x_wconf 93' lang='lat' dir='ltr'>pro·</span> 
     </span>
     <span class='ocr_line' id='line_1_17' title="bbox 478 2119 2133 2223; baseline 0 -25"><span class='ocrx_word' id='word_1_186' title='bbox 478 2135 604 2221; x_wconf 73' lang='grc'><strong>1111111,</strong></span> <span class='ocrx_word' id='word_1_187' title='bbox 633 2158 711 2220; x_wconf 75' lang='lat' dir='ltr'>(pars</span> <span class='ocrx_word' id='word_1_188' title='bbox 735 2137 888 2216; x_wconf 86' lang='lat' dir='ltr'>nominat,</span> <span class='ocrx_word' id='word_1_189' title='bbox 921 2145 1047 2223; x_wconf 90' lang='lat' dir='ltr'>propter</span> <span class='ocrx_word' id='word_1_190' title='bbox 1076 2119 1402 2220; x_wconf 76' lang='lat' dir='ltr'>studiumreligionis</span> <span class='ocrx_word' id='word_1_191' title='bbox 1432 2135 1629 2200; x_wconf 85' lang='lat' dir='ltr'>Christianae</span> <span class='ocrx_word' id='word_1_192' title='bbox 1664 2132 1890 2218; x_wconf 78' lang='lat' dir='ltr'>praedicantur.</span> <span class='ocrx_word' id='word_1_193' title='bbox 1939 2133 2043 2218; x_wconf 84' lang='lat' dir='ltr'>itaque</span> <span class='ocrx_word' id='word_1_194' title='bbox 2069 2132 2133 2198; x_wconf 92' lang='lat' dir='ltr'>illis</span> 
     </span>
     <span class='ocr_line' id='line_1_18' title="bbox 479 2236 2134 2326; baseline -0.002 -24"><span class='ocrx_word' id='word_1_195' title='bbox 479 2237 582 2302; x_wconf 90' lang='lat' dir='ltr'>verbis</span> <span class='ocrx_word' id='word_1_196' title='bbox 610 2261 672 2302; x_wconf 94' lang='lat' dir='ltr'>non</span> <span class='ocrx_word' id='word_1_197' title='bbox 696 2238 764 2303; x_wconf 93' lang='lat' dir='ltr'>vnlt</span> <span class='ocrx_word' id='word_1_198' title='bbox 786 2239 889 2303; x_wconf 88' lang='lat' dir='ltr'>dicere</span> <span class='ocrx_word' id='word_1_199' title='bbox 918 2263 951 2303; x_wconf 85' lang='lat' dir='ltr'>se</span> <span class='ocrx_word' id='word_1_200' title='bbox 979 2249 1069 2303; x_wconf 88' lang='lat' dir='ltr'>antea</span> <span class='ocrx_word' id='word_1_201' title='bbox 1093 2240 1188 2303; x_wconf 84' lang='lat' dir='ltr'>fnisse</span> <span class='ocrx_word' id='word_1_202' title='bbox 1212 2262 1383 2326; x_wconf 85' lang='lat' dir='ltr'>paganum,</span> <span class='ocrx_word' id='word_1_203' title='bbox 1411 2238 1467 2302; x_wconf 87' lang='lat' dir='ltr'>sed</span> <span class='ocrx_word' id='word_1_204' title='bbox 1489 2239 1577 2323; x_wconf 88' lang='lat' dir='ltr'>quasi</span> <span class='ocrx_word' id='word_1_205' title='bbox 1601 2260 1742 2323; x_wconf 89' lang='lat' dir='ltr'>paganus</span> <span class='ocrx_word' id='word_1_206' title='bbox 1765 2246 1847 2300; x_wconf 84' lang='lat' dir='ltr'>esset</span> <span class='ocrx_word' id='word_1_207' title='bbox 1869 2236 1994 2300; x_wconf 75' lang='lat' dir='ltr'>vinisse.</span> <span class='ocrx_word' id='word_1_208' title='bbox 2034 2257 2134 2321; x_wconf 89' lang='lat' dir='ltr'>neque</span> 
     </span>
     <span class='ocr_line' id='line_1_19' title="bbox 478 2338 2132 2431; baseline -0.003 -24"><span class='ocrx_word' id='word_1_209' title='bbox 478 2351 591 2422; x_wconf 90' lang='lat' dir='ltr'>tamen,</span> <span class='ocrx_word' id='word_1_210' title='bbox 615 2352 648 2407; x_wconf 91' lang='lat' dir='ltr'>ut</span> <span class='ocrx_word' id='word_1_211' title='bbox 670 2367 749 2430; x_wconf 88' lang='lat' dir='ltr'>quae</span> <span class='ocrx_word' id='word_1_212' title='bbox 764 2354 937 2431; x_wconf 91' lang='lat' dir='ltr'>sequuntur</span> <span class='ocrx_word' id='word_1_213' title='bbox 958 2345 1079 2424; x_wconf 87' lang='lat' dir='ltr'>docent,</span> <span class='ocrx_word' id='word_1_214' title='bbox 1101 2346 1132 2408; x_wconf 94' lang='lat' dir='ltr'>in</span> <span class='ocrx_word' id='word_1_215' title='bbox 1156 2344 1241 2408; x_wconf 90' lang='lat' dir='ltr'>illam</span> <span class='ocrx_word' id='word_1_216' title='bbox 1265 2343 1393 2408; x_wconf 87' lang='lat' dir='ltr'>domum</span> <span class='ocrx_word' id='word_1_217' title='bbox 1417 2343 1557 2428; x_wconf 77' lang='lat' dir='ltr'>religioni</span> <span class='ocrx_word' id='word_1_218' title='bbox 1576 2341 1773 2406; x_wconf 85' lang='lat' dir='ltr'>Christianae</span> <span class='ocrx_word' id='word_1_219' title='bbox 1796 2338 1953 2404; x_wconf 88' lang='lat' dir='ltr'>addictam</span> <span class='ocrx_word' id='word_1_220' title='bbox 1976 2338 2132 2403; x_wconf 89' lang='lat' dir='ltr'>admissus</span> 
     </span>
     <span class='ocr_line' id='line_1_20' title="bbox 479 2443 2133 2527; baseline -0.002 -17"><span class='ocrx_word' id='word_1_221' title='bbox 479 2447 541 2512; x_wconf 90' lang='lat' dir='ltr'>iam</span> <span class='ocrx_word' id='word_1_222' title='bbox 563 2447 662 2511; x_wconf 88' lang='lat' dir='ltr'>vitam</span> <span class='ocrx_word' id='word_1_223' title='bbox 685 2471 756 2512; x_wconf 87' lang='lat' dir='ltr'>vere</span> <span class='ocrx_word' id='word_1_224' title='bbox 779 2447 989 2513; x_wconf 86' lang='lat' dir='ltr'>Christianam</span> <span class='ocrx_word' id='word_1_225' title='bbox 1019 2449 1167 2527; x_wconf 86' lang='lat' dir='ltr'>instituit,</span> <span class='ocrx_word' id='word_1_226' title='bbox 1196 2447 1310 2512; x_wconf 89' lang='lat' dir='ltr'>nedum</span> <span class='ocrx_word' id='word_1_227' title='bbox 1341 2449 1372 2510; x_wconf 93' lang='lat' dir='ltr'>in</span> <span class='ocrx_word' id='word_1_228' title='bbox 1402 2446 1575 2511; x_wconf 84' lang='lat' dir='ltr'>‹loctrirranr</span> <span class='ocrx_word' id='word_1_229' title='bbox 1600 2445 1810 2509; x_wconf 88' lang='lat' dir='ltr'>Christianam</span> <span class='ocrx_word' id='word_1_230' title='bbox 1833 2453 1865 2508; x_wconf 89' lang='lat' dir='ltr'>et</span> <span class='ocrx_word' id='word_1_231' title='bbox 1886 2443 2006 2507; x_wconf 85' lang='lat' dir='ltr'>litteras</span> <span class='ocrx_word' id='word_1_232' title='bbox 2029 2465 2133 2507; x_wconf 80' lang='lat' dir='ltr'>sacras</span> 
     </span>
     <span class='ocr_line' id='line_1_21' title="bbox 479 2543 2134 2638; baseline -0.002 -24"><span class='ocrx_word' id='word_1_233' title='bbox 479 2550 644 2616; x_wconf 79' lang='lat' dir='ltr'>dIsoendas</span> <span class='ocrx_word' id='word_1_234' title='bbox 667 2553 867 2616; x_wconf 87' lang='lat' dir='ltr'>incumberet.</span> <span class='ocrx_word' id='word_1_235' title='bbox 912 2554 988 2616; x_wconf 89' lang='lat' dir='ltr'>satis</span> <span class='ocrx_word' id='word_1_236' title='bbox 1012 2551 1129 2617; x_wconf 87' lang='lat' dir='ltr'>habens</span> <span class='ocrx_word' id='word_1_237' title='bbox 1158 2553 1292 2638; x_wconf 86' lang='lat' dir='ltr'>speciem</span> <span class='ocrx_word' id='word_1_238' title='bbox 1316 2553 1399 2616; x_wconf 88' lang='lat' dir='ltr'>vitae</span> <span class='ocrx_word' id='word_1_239' title='bbox 1421 2550 1618 2616; x_wconf 83' lang='lat' dir='ltr'>Christianae</span> <span class='ocrx_word' id='word_1_240' title='bbox 1645 2571 1787 2614; x_wconf 85' lang='lat' dir='ltr'>servasse</span> <span class='ocrx_word' id='word_1_241' title='bbox 1809 2545 1929 2611; x_wconf 88' lang='lat' dir='ltr'>deliciis</span> <span class='ocrx_word' id='word_1_242' title='bbox 1952 2568 1989 2610; x_wconf 89' lang='lat' dir='ltr'>ac</span> <span class='ocrx_word' id='word_1_243' title='bbox 2011 2543 2134 2625; x_wconf 89' lang='lat' dir='ltr'>studiis,</span> 
     </span>
     <span class='ocr_line' id='line_1_22' title="bbox 479 2647 2133 2740; baseline -0.003 -22"><span class='ocrx_word' id='word_1_244' title='bbox 479 2654 593 2740; x_wconf 89' lang='lat' dir='ltr'>quihus</span> <span class='ocrx_word' id='word_1_245' title='bbox 616 2655 795 2740; x_wconf 88' lang='lat' dir='ltr'>gaudebant</span> <span class='ocrx_word' id='word_1_246' title='bbox 809 2655 1021 2721; x_wconf 82' lang='lat' dir='ltr'>adrdescentes</span> <span class='ocrx_word' id='word_1_247' title='bbox 1044 2656 1168 2736; x_wconf 86' lang='lat' dir='ltr'>divites,</span> <span class='ocrx_word' id='word_1_248' title='bbox 1191 2679 1225 2720; x_wconf 89' lang='lat' dir='ltr'>se</span> <span class='ocrx_word' id='word_1_249' title='bbox 1239 2656 1333 2720; x_wconf 83' lang='lat' dir='ltr'>dedit.</span> <span class='ocrx_word' id='word_1_250' title='bbox 1370 2665 1504 2720; x_wconf 87' lang='lat' dir='ltr'>ceterum</span> <span class='ocrx_word' id='word_1_251' title='bbox 1527 2677 1588 2719; x_wconf 94' lang='lat' dir='ltr'>non</span> <span class='ocrx_word' id='word_1_252' title='bbox 1605 2653 1752 2718; x_wconf 89' lang='lat' dir='ltr'>mediocri</span> <span class='ocrx_word' id='word_1_253' title='bbox 1777 2651 1938 2737; x_wconf 87' lang='lat' dir='ltr'>diligentia</span> <span class='ocrx_word' id='word_1_254' title='bbox 1952 2647 2133 2714; x_wconf 84' lang='lat' dir='ltr'>Ennodium</span> 
     </span>
     <span class='ocr_line' id='line_1_23' title="bbox 479 2752 2134 2846; baseline -0.004 -24"><span class='ocrx_word' id='word_1_255' title='bbox 479 2761 510 2823; x_wconf 91' lang='lat' dir='ltr'>in</span> <span class='ocrx_word' id='word_1_256' title='bbox 533 2759 643 2823; x_wconf 88' lang='lat' dir='ltr'>litteris</span> <span class='ocrx_word' id='word_1_257' title='bbox 671 2760 778 2824; x_wconf 90' lang='lat' dir='ltr'>latinis</span> <span class='ocrx_word' id='word_1_258' title='bbox 807 2771 964 2826; x_wconf 89' lang='lat' dir='ltr'>versatum</span> <span class='ocrx_word' id='word_1_259' title='bbox 992 2785 1060 2826; x_wconf 88' lang='lat' dir='ltr'>esse</span> <span class='ocrx_word' id='word_1_260' title='bbox 1089 2760 1320 2826; x_wconf 86' lang='lat' dir='ltr'>demonstratur</span> <span class='ocrx_word' id='word_1_261' title='bbox 1341 2761 1431 2840; x_wconf 89' lang='lat' dir='ltr'>locis,</span> <span class='ocrx_word' id='word_1_262' title='bbox 1461 2783 1539 2846; x_wconf 89' lang='lat' dir='ltr'>qnos</span> <span class='ocrx_word' id='word_1_263' title='bbox 1568 2782 1606 2823; x_wconf 87' lang='lat' dir='ltr'>ex</span> <span class='ocrx_word' id='word_1_264' title='bbox 1633 2758 1780 2822; x_wconf 86' lang='lat' dir='ltr'>Terentio</span> <span class='ocrx_word' id='word_1_265' title='bbox 1807 2755 1957 2820; x_wconf 87' lang='lat' dir='ltr'>Sallustio</span> <span class='ocrx_word' id='word_1_266' title='bbox 1985 2752 2134 2819; x_wconf 84' lang='lat' dir='ltr'>Cicerone</span> 
     </span>
     <span class='ocr_line' id='line_1_24' title="bbox 479 2855 2134 2951; baseline -0.005 -23"><span class='ocrx_word' id='word_1_267' title='bbox 479 2862 624 2947; x_wconf 77' lang='lat' dir='ltr'>Vergilio</span> <span class='ocrx_word' id='word_1_268' title='bbox 651 2861 785 2926; x_wconf 88' lang='lat' dir='ltr'>Horatio</span> <span class='ocrx_word' id='word_1_269' title='bbox 809 2863 928 2929; x_wconf 90' lang='lat' dir='ltr'>Ovidio</span> <span class='ocrx_word' id='word_1_270' title='bbox 950 2864 1079 2930; x_wconf 87' lang='lat' dir='ltr'>Lucano</span> <span class='ocrx_word' id='word_1_271' title='bbox 1101 2865 1251 2930; x_wconf 88' lang='lat' dir='ltr'>Iuvenale</span> <span class='ocrx_word' id='word_1_272' title='bbox 1274 2865 1461 2951; x_wconf 73' lang='lat' dir='ltr'>Sy‘nrmacho</span> <span class='ocrx_word' id='word_1_273' title='bbox 1485 2863 1659 2929; x_wconf 88' lang='lat' dir='ltr'>Claudiano</span> <span class='ocrx_word' id='word_1_274' title='bbox 1683 2860 1826 2925; x_wconf 87' lang='lat' dir='ltr'>Ausonio</span> <span class='ocrx_word' id='word_1_275' title='bbox 1853 2856 1983 2922; x_wconf 89' lang='lat' dir='ltr'>Sidonio</span> <span class='ocrx_word' id='word_1_276' title='bbox 2006 2855 2134 2921; x_wconf 89' lang='lat' dir='ltr'>Sedulio</span> 
     </span>
     <span class='ocr_line' id='line_1_25' title="bbox 479 2961 2133 3056; baseline -0.002 -27"><span class='ocrx_word' id='word_1_277' title='bbox 479 2964 609 3050; x_wconf 90' lang='lat' dir='ltr'>aliisque</span> <span class='ocrx_word' id='word_1_278' title='bbox 650 2967 828 3032; x_wconf 78' lang='lat' dir='ltr'>auctoribus</span> <span class='ocrx_word' id='word_1_279' title='bbox 867 2967 1027 3055; x_wconf 74' lang='lat' dir='ltr'>(leeerptoa</span> <span class='ocrx_word' id='word_1_280' title='bbox 1066 2971 1098 3032; x_wconf 92' lang='lat' dir='ltr'>in</span> <span class='ocrx_word' id='word_1_281' title='bbox 1132 2969 1257 3034; x_wconf 87' lang='lat' dir='ltr'>Ennodi</span> <span class='ocrx_word' id='word_1_282' title='bbox 1290 2969 1436 3056; x_wconf 86' lang='lat' dir='ltr'>operibus</span> <span class='ocrx_word' id='word_1_283' title='bbox 1477 2966 1745 3053; x_wconf 85' lang='lat' dir='ltr'>deprehendimus.</span> <span class='ocrx_word' id='word_1_284' title='bbox 1781 3005 1820 3011; x_wconf 88' lang='lat'><em>-</em></span> <span class='ocrx_word' id='word_1_285' title='bbox 1856 2962 1996 3027; x_wconf 89' lang='lat' dir='ltr'>Clericus</span> <span class='ocrx_word' id='word_1_286' title='bbox 2033 2961 2133 3026; x_wconf 84' lang='lat' dir='ltr'>factus</span> 
     </span>
     <span class='ocr_line' id='line_1_26' title="bbox 479 3067 2135 3158; baseline -0.001 -28"><span class='ocrx_word' id='word_1_287' title='bbox 479 3091 549 3131; x_wconf 91' lang='lat' dir='ltr'>curn</span> <span class='ocrx_word' id='word_1_288' title='bbox 583 3070 789 3134; x_wconf 86' lang='lat' dir='ltr'>ostentatione</span> <span class='ocrx_word' id='word_1_289' title='bbox 821 3071 955 3158; x_wconf 72' lang='lat' dir='ltr'>(luridam</span> <span class='ocrx_word' id='word_1_290' title='bbox 992 3082 1073 3136; x_wconf 86' lang='lat' dir='ltr'>artes</span> <span class='ocrx_word' id='word_1_291' title='bbox 1109 3073 1250 3137; x_wconf 83' lang='lat' dir='ltr'>liberales</span> <span class='ocrx_word' id='word_1_292' title='bbox 1287 3071 1463 3158; x_wconf 88' lang='lat' dir='ltr'>repudiavit</span> <span class='ocrx_word' id='word_1_293' title='bbox 1497 3072 1546 3135; x_wconf 87' lang='lat' dir='ltr'>vel</span> <span class='ocrx_word' id='word_1_294' title='bbox 1584 3070 1718 3156; x_wconf 86' lang='lat' dir='ltr'>speciem</span> <span class='ocrx_word' id='word_1_295' title='bbox 1756 3067 1949 3154; x_wconf 87' lang='lat' dir='ltr'>repudiantis</span> <span class='ocrx_word' id='word_1_296' title='bbox 1990 3088 2064 3151; x_wconf 90' lang='lat' dir='ltr'>prae</span> <span class='ocrx_word' id='word_1_297' title='bbox 2101 3087 2135 3129; x_wconf 90' lang='lat' dir='ltr'>se</span> 
     </span>
     <span class='ocr_line' id='line_1_27' title="bbox 478 3169 2135 3260; baseline -0.001 -26"><span class='ocrx_word' id='word_1_298' title='bbox 478 3171 556 3235; x_wconf 90' lang='lat' dir='ltr'>tulit.</span> <span class='ocrx_word' id='word_1_299' title='bbox 605 3195 677 3236; x_wconf 89' lang='lat' dir='ltr'>narn</span> <span class='ocrx_word' id='word_1_300' title='bbox 705 3175 827 3238; x_wconf 85' lang='lat' dir='ltr'>tanrctsi</span> <span class='ocrx_word' id='word_1_301' title='bbox 861 3183 900 3260; x_wconf 84' lang='lat' dir='ltr'>(p.</span> <span class='ocrx_word' id='word_1_302' title='bbox 922 3179 994 3256; x_wconf 84' lang='grc'>292,</span> <span class='ocrx_word' id='word_1_303' title='bbox 1012 3179 1064 3257; x_wconf 87' lang='grc'>21)</span> <span class='ocrx_word' id='word_1_304' title='bbox 1094 3200 1155 3240; x_wconf 91' lang='grc'><strong>1101</strong></span> <span class='ocrx_word' id='word_1_305' title='bbox 1186 3179 1304 3241; x_wconf 87' lang='lat' dir='ltr'>veritus</span> <span class='ocrx_word' id='word_1_306' title='bbox 1332 3187 1379 3241; x_wconf 84' lang='lat' dir='ltr'>est</span> <span class='ocrx_word' id='word_1_307' title='bbox 1406 3175 1520 3240; x_wconf 77' lang='lat' dir='ltr'>dicer-e:</span> <span class='ocrx_word' id='word_1_308' title='bbox 1551 3176 1585 3254; x_wconf 83' lang='lat' dir='ltr'>,si</span> <span class='ocrx_word' id='word_1_309' title='bbox 1616 3197 1694 3260; x_wconf 88' lang='lat' dir='ltr'>quae</span> <span class='ocrx_word' id='word_1_310' title='bbox 1724 3172 1798 3236; x_wconf 91' lang='lat' dir='ltr'>rnihi</span> <span class='ocrx_word' id='word_1_311' title='bbox 1832 3171 1874 3235; x_wconf 87' lang='lat' dir='ltr'>sit</span> <span class='ocrx_word' id='word_1_312' title='bbox 1901 3170 2054 3234; x_wconf 87' lang='lat' dir='ltr'>sententia</span> <span class='ocrx_word' id='word_1_313' title='bbox 2081 3169 2135 3232; x_wconf 88' lang='lat' dir='ltr'>fla-</span> 
     </span>
     <span class='ocr_line' id='line_1_28' title="bbox 478 3275 2135 3362; baseline -0.001 -24"><span class='ocrx_word' id='word_1_314' title='bbox 478 3275 574 3360; x_wconf 76' lang='lat' dir='ltr'>gites,</span> <span class='ocrx_word' id='word_1_315' title='bbox 601 3299 659 3360; x_wconf 88' lang='lat' dir='ltr'>ego</span> <span class='ocrx_word' id='word_1_316' title='bbox 685 3277 755 3362; x_wconf 91' lang='lat' dir='ltr'>ipsa</span> <span class='ocrx_word' id='word_1_317' title='bbox 777 3276 952 3342; x_wconf 87' lang='lat' dir='ltr'>studiorum</span> <span class='ocrx_word' id='word_1_318' title='bbox 975 3279 1149 3344; x_wconf 88' lang='lat' dir='ltr'>liberalirrrn</span> <span class='ocrx_word' id='word_1_319' title='bbox 1172 3281 1298 3344; x_wconf 88' lang='lat' dir='ltr'>nomina</span> <span class='ocrx_word' id='word_1_320' title='bbox 1321 3280 1382 3344; x_wconf 91' lang='lat' dir='ltr'>ianr</span> <span class='ocrx_word' id='word_1_321' title='bbox 1410 3278 1555 3343; x_wconf 63' lang='grc' dir='ltr'>1101001111·ί</span> <span class='ocrx_word' id='word_1_322' title='bbox 1577 3277 1625 3360; x_wconf 82' lang='lat' dir='ltr'>(ef.</span> <span class='ocrx_word' id='word_1_323' title='bbox 1642 3301 1671 3362; x_wconf 93' lang='lat' dir='ltr'>p.</span> <span class='ocrx_word' id='word_1_324' title='bbox 1686 3279 1756 3354; x_wconf 91' lang='grc'><strong>120,</strong></span> <span class='ocrx_word' id='word_1_325' title='bbox 1765 3279 1808 3356; x_wconf 86' lang='grc'>3),</span> <span class='ocrx_word' id='word_1_326' title='bbox 1838 3275 1918 3339; x_wconf 88' lang='lat' dir='ltr'>hanc</span> <span class='ocrx_word' id='word_1_327' title='bbox 1940 3284 2044 3338; x_wconf 87' lang='lat' dir='ltr'>tamen</span> <span class='ocrx_word' id='word_1_328' title='bbox 2072 3295 2135 3337; x_wconf 93' lang='lat' dir='ltr'>non</span> 
     </span>
     <span class='ocr_line' id='line_1_29' title="bbox 480 3375 2136 3470; baseline -0.001 -29"><span class='ocrx_word' id='word_1_329' title='bbox 480 3399 586 3442; x_wconf 88' lang='lat' dir='ltr'>veram</span> <span class='ocrx_word' id='word_1_330' title='bbox 618 3381 802 3444; x_wconf 86' lang='lat' dir='ltr'>sententiam</span> <span class='ocrx_word' id='word_1_331' title='bbox 832 3381 898 3446; x_wconf 89' lang='lat' dir='ltr'>eius</span> <span class='ocrx_word' id='word_1_332' title='bbox 927 3383 1024 3447; x_wconf 87' lang='lat' dir='ltr'>fuisse</span> <span class='ocrx_word' id='word_1_333' title='bbox 1051 3406 1120 3446; x_wconf 89' lang='lat' dir='ltr'>crrnr</span> <span class='ocrx_word' id='word_1_334' title='bbox 1155 3407 1270 3470; x_wconf 89' lang='lat' dir='ltr'>pompa</span> <span class='ocrx_word' id='word_1_335' title='bbox 1301 3383 1355 3447; x_wconf 90' lang='lat' dir='ltr'>illa</span> <span class='ocrx_word' id='word_1_336' title='bbox 1383 3381 1557 3460; x_wconf 89' lang='lat' dir='ltr'>doctrinae,</span> <span class='ocrx_word' id='word_1_337' title='bbox 1591 3402 1670 3466; x_wconf 89' lang='lat' dir='ltr'>quae</span> <span class='ocrx_word' id='word_1_338' title='bbox 1701 3402 1740 3442; x_wconf 92' lang='lat' dir='ltr'>ne</span> <span class='ocrx_word' id='word_1_339' title='bbox 1773 3380 1805 3442; x_wconf 93' lang='lat' dir='ltr'>in</span> <span class='ocrx_word' id='word_1_340' title='bbox 1837 3380 1882 3442; x_wconf 88' lang='lat' dir='ltr'>eis</span> <span class='ocrx_word' id='word_1_341' title='bbox 1914 3375 2040 3464; x_wconf 90' lang='lat' dir='ltr'>quidem</span> <span class='ocrx_word' id='word_1_342' title='bbox 2063 3397 2136 3462; x_wconf 87' lang='lat' dir='ltr'>ope-</span> 
     </span>
     <span class='ocr_line' id='line_1_30' title="bbox 479 3479 2134 3569; baseline -0.002 -23"><span class='ocrx_word' id='word_1_343' title='bbox 479 3481 580 3562; x_wconf 91' lang='lat' dir='ltr'>ribus,</span> <span class='ocrx_word' id='word_1_344' title='bbox 614 3482 668 3547; x_wconf 93' lang='lat' dir='ltr'>ubi</span> <span class='ocrx_word' id='word_1_345' title='bbox 701 3485 819 3550; x_wconf 86' lang='lat' dir='ltr'>litteras</span> <span class='ocrx_word' id='word_1_346' title='bbox 859 3486 1042 3566; x_wconf 82' lang='lat' dir='ltr'>detestatur,</span> <span class='ocrx_word' id='word_1_347' title='bbox 1076 3487 1177 3566; x_wconf 76' lang='lat' dir='ltr'>deest,</span> <span class='ocrx_word' id='word_1_348' title='bbox 1216 3497 1281 3552; x_wconf 91' lang='lat' dir='ltr'>tum</span> <span class='ocrx_word' id='word_1_349' title='bbox 1316 3487 1404 3551; x_wconf 89' lang='lat' dir='ltr'>multi</span> <span class='ocrx_word' id='word_1_350' title='bbox 1438 3488 1497 3550; x_wconf 88' lang='lat' dir='ltr'>looi</span> <span class='ocrx_word' id='word_1_351' title='bbox 1532 3484 1658 3563; x_wconf 82' lang='lat' dir='ltr'>docent,</span> <span class='ocrx_word' id='word_1_352' title='bbox 1688 3483 1742 3548; x_wconf 92' lang='lat' dir='ltr'>ubi</span> <span class='ocrx_word' id='word_1_353' title='bbox 1776 3482 1960 3569; x_wconf 80' lang='lat' dir='ltr'>disciplinae</span> <span class='ocrx_word' id='word_1_354' title='bbox 1993 3479 2134 3546; x_wconf 89' lang='lat' dir='ltr'>liberales</span> 
     </span>
     <span class='ocr_line' id='line_1_31' title="bbox 479 3582 2136 3677; baseline -0.002 -27"><span class='ocrx_word' id='word_1_355' title='bbox 479 3588 610 3651; x_wconf 85' lang='lat' dir='ltr'>summis</span> <span class='ocrx_word' id='word_1_356' title='bbox 633 3586 779 3653; x_wconf 88' lang='lat' dir='ltr'>laudibus</span> <span class='ocrx_word' id='word_1_357' title='bbox 802 3591 953 3654; x_wconf 86' lang='lat' dir='ltr'>tolluntur·</span> <span class='ocrx_word' id='word_1_358' title='bbox 983 3599 1022 3677; x_wconf 83' lang='lat' dir='ltr'>(p.</span> <span class='ocrx_word' id='word_1_359' title='bbox 1039 3597 1067 3670; x_wconf 85' lang='lat'>5,</span> <span class='ocrx_word' id='word_1_360' title='bbox 1083 3595 1114 3657; x_wconf 73' lang='lat'>1:</span> <span class='ocrx_word' id='word_1_361' title='bbox 1133 3596 1229 3657; x_wconf 85' lang='lat'>—23.</span> <span class='ocrx_word' id='word_1_362' title='bbox 1254 3595 1392 3670; x_wconf 86' lang='grc' dir='ltr'><strong>180,Ιο</strong></span> <span class='ocrx_word' id='word_1_363' title='bbox 1416 3594 1488 3668; x_wconf 84' lang='grc'>238,</span> <span class='ocrx_word' id='word_1_364' title='bbox 1506 3593 1654 3670; x_wconf 85' lang='grc'><strong>0--239,</strong></span> <span class='ocrx_word' id='word_1_365' title='bbox 1672 3591 1732 3668; x_wconf 86' lang='grc'>39).</span> <span class='ocrx_word' id='word_1_366' title='bbox 1782 3585 1904 3651; x_wconf 87' lang='lat' dir='ltr'>accedit</span> <span class='ocrx_word' id='word_1_367' title='bbox 1930 3583 2014 3672; x_wconf 91' lang='lat' dir='ltr'>quod</span> <span class='ocrx_word' id='word_1_368' title='bbox 2041 3582 2136 3648; x_wconf 91' lang='lat' dir='ltr'>disei-</span> 
     </span>
     <span class='ocr_line' id='line_1_32' title="bbox 479 3689 2136 3781; baseline -0.002 -27"><span class='ocrx_word' id='word_1_369' title='bbox 479 3689 570 3776; x_wconf 92' lang='lat' dir='ltr'>pulos</span> <span class='ocrx_word' id='word_1_370' title='bbox 611 3699 645 3754; x_wconf 90' lang='lat' dir='ltr'>ut</span> <span class='ocrx_word' id='word_1_371' title='bbox 684 3713 837 3757; x_wconf 90' lang='lat' dir='ltr'>summam</span> <span class='ocrx_word' id='word_1_372' title='bbox 875 3717 1001 3779; x_wconf 90' lang='lat' dir='ltr'>operam</span> <span class='ocrx_word' id='word_1_373' title='bbox 1044 3695 1247 3781; x_wconf 83' lang='lat' dir='ltr'>scriptoribus</span> <span class='ocrx_word' id='word_1_374' title='bbox 1285 3693 1424 3779; x_wconf 89' lang='lat' dir='ltr'>legendis</span> <span class='ocrx_word' id='word_1_375' title='bbox 1463 3694 1573 3758; x_wconf 90' lang='lat' dir='ltr'>darent</span> <span class='ocrx_word' id='word_1_376' title='bbox 1616 3692 1783 3757; x_wconf 89' lang='lat' dir='ltr'>admonere</span> <span class='ocrx_word' id='word_1_377' title='bbox 1819 3715 1880 3754; x_wconf 93' lang='lat' dir='ltr'>non</span> <span class='ocrx_word' id='word_1_378' title='bbox 1920 3689 2058 3767; x_wconf 90' lang='lat' dir='ltr'>dest-itit,</span> <span class='ocrx_word' id='word_1_379' title='bbox 2101 3697 2136 3752; x_wconf 91' lang='lat' dir='ltr'>ut</span> 
     </span>
     <span class='ocr_line' id='line_1_33' title="bbox 479 3794 2135 3884; baseline -0.002 -25"><span class='ocrx_word' id='word_1_380' title='bbox 479 3817 509 3879; x_wconf 94' lang='lat' dir='ltr'>p.</span> <span class='ocrx_word' id='word_1_381' title='bbox 529 3796 579 3872; x_wconf 88' lang='lat'>20,</span> <span class='ocrx_word' id='word_1_382' title='bbox 599 3797 640 3859; x_wconf 85' lang='lat'>33</span> <span class='ocrx_word' id='word_1_383' title='bbox 673 3795 790 3874; x_wconf 89' lang='lat' dir='ltr'>,labora</span> <span class='ocrx_word' id='word_1_384' title='bbox 819 3798 901 3862; x_wconf 86' lang='lat' dir='ltr'>circa</span> <span class='ocrx_word' id='word_1_385' title='bbox 927 3798 1046 3878; x_wconf 88' lang='lat' dir='ltr'>studia,</span> <span class='ocrx_word' id='word_1_386' title='bbox 1080 3800 1180 3863; x_wconf 90' lang='lat' dir='ltr'>lneem</span> <span class='ocrx_word' id='word_1_387' title='bbox 1214 3800 1244 3863; x_wconf 92' lang='lat' dir='ltr'>in</span> <span class='ocrx_word' id='word_1_388' title='bbox 1273 3799 1447 3884; x_wconf 85' lang='lat' dir='ltr'>conloquiis</span> <span class='ocrx_word' id='word_1_389' title='bbox 1476 3797 1584 3882; x_wconf 83' lang='lat' dir='ltr'>dilige,</span> <span class='ocrx_word' id='word_1_390' title='bbox 1622 3796 1747 3860; x_wconf 89' lang='lat' dir='ltr'>lectioni</span> <span class='ocrx_word' id='word_1_391' title='bbox 1778 3794 1911 3859; x_wconf 90' lang='lat' dir='ltr'>devotos</span> <span class='ocrx_word' id='word_1_392' title='bbox 1943 3794 2065 3871; x_wconf 89' lang='lat' dir='ltr'>insiste,</span> <span class='ocrx_word' id='word_1_393' title='bbox 2099 3800 2135 3855; x_wconf 93' lang='lat' dir='ltr'>ut</span> 
     </span>
     <span class='ocr_line' id='line_1_34' title="bbox 478 3896 2135 3989; baseline 0.007 -30"><span class='ocrx_word' id='word_1_394' title='bbox 478 3896 597 3962; x_wconf 85' lang='lat' dir='ltr'>fructus</span> <span class='ocrx_word' id='word_1_395' title='bbox 626 3898 818 3984; x_wconf 86' lang='lat' dir='ltr'>eloquentiae</span> <span class='ocrx_word' id='word_1_396' title='bbox 840 3902 1059 3988; x_wconf 89' lang='lat' dir='ltr'>multiplicium</span> <span class='ocrx_word' id='word_1_397' title='bbox 1087 3913 1247 3967; x_wconf 85' lang='lat' dir='ltr'>auctorum</span> <span class='ocrx_word' id='word_1_398' title='bbox 1278 3903 1480 3968; x_wconf 84' lang='lat' dir='ltr'>ventilatione</span> <span class='ocrx_word' id='word_1_399' title='bbox 1507 3907 1664 3989; x_wconf 64' lang='lat' dir='ltr'>purgetur</span> <span class='ocrx_word' id='word_1_400' title='bbox 1693 3941 1733 3947; x_wconf 96' lang='lat'><strong>—</strong></span> <span class='ocrx_word' id='word_1_401' title='bbox 1762 3925 1791 3985; x_wconf 90' lang='lat' dir='ltr'>p.</span> <span class='ocrx_word' id='word_1_402' title='bbox 1809 3902 1880 3979; x_wconf 77' lang='lat'>154,</span> <span class='ocrx_word' id='word_1_403' title='bbox 1897 3901 1939 3964; x_wconf 84' lang='lat'>29</span> <span class='ocrx_word' id='word_1_404' title='bbox 1967 3905 2074 3976; x_wconf 67' lang='lat' dir='ltr'>,lotam</span> <span class='ocrx_word' id='word_1_405' title='bbox 2103 3905 2135 3960; x_wconf 69' lang='grc' dir='ltr'>ῐθ</span> 
     </span>
     <span class='ocr_line' id='line_1_35' title="bbox 479 3999 2134 4092; baseline -0.001 -27"><span class='ocrx_word' id='word_1_406' title='bbox 479 4000 585 4066; x_wconf 89' lang='lat' dir='ltr'>studia</span> <span class='ocrx_word' id='word_1_407' title='bbox 606 4002 736 4068; x_wconf 88' lang='lat' dir='ltr'>honesta</span> <span class='ocrx_word' id='word_1_408' title='bbox 759 4006 944 4091; x_wconf 85' lang='lat' dir='ltr'>suscipiant,</span> <span class='ocrx_word' id='word_1_409' title='bbox 971 4006 1083 4071; x_wconf 79' lang='lat' dir='ltr'>festina</span> <span class='ocrx_word' id='word_1_410' title='bbox 1105 4017 1141 4071; x_wconf 89' lang='lat' dir='ltr'>nt</span> <span class='ocrx_word' id='word_1_411' title='bbox 1163 4006 1204 4071; x_wconf 90' lang='lat' dir='ltr'>ad</span> <span class='ocrx_word' id='word_1_412' title='bbox 1227 4030 1360 4071; x_wconf 85' lang='lat' dir='ltr'>messem</span> <span class='ocrx_word' id='word_1_413' title='bbox 1382 4007 1516 4092; x_wconf 87' lang='lat' dir='ltr'>patrium</span> <span class='ocrx_word' id='word_1_414' title='bbox 1540 4005 1660 4083; x_wconf 80' lang='lat' dir='ltr'>veniae,</span> <span class='ocrx_word' id='word_1_415' title='bbox 1687 4005 1825 4090; x_wconf 88' lang='lat' dir='ltr'>linguam</span> <span class='ocrx_word' id='word_1_416' title='bbox 1847 4002 1988 4068; x_wconf 90' lang='lat' dir='ltr'>lectionis</span> <span class='ocrx_word' id='word_1_417' title='bbox 2011 3999 2134 4065; x_wconf 90' lang='lat' dir='ltr'>sarculo</span> 
     </span>
     <span class='ocr_line' id='line_1_36' title="bbox 479 4105 2134 4194; baseline -0.001 -25"><span class='ocrx_word' id='word_1_418' title='bbox 479 4105 652 4191; x_wconf 85' lang='lat' dir='ltr'>purgando‘</span> <span class='ocrx_word' id='word_1_419' title='bbox 674 4147 715 4154; x_wconf 88' lang='lat'><em>-</em></span> <span class='ocrx_word' id='word_1_420' title='bbox 739 4132 769 4194; x_wconf 90' lang='lat' dir='ltr'>p.</span> <span class='ocrx_word' id='word_1_421' title='bbox 785 4112 857 4189; x_wconf 89' lang='grc'>267,</span> <span class='ocrx_word' id='word_1_422' title='bbox 875 4113 916 4176; x_wconf 88' lang='grc'>29</span> <span class='ocrx_word' id='word_1_423' title='bbox 943 4110 1059 4188; x_wconf 75' lang='lat' dir='ltr'>,audiri</span> <span class='ocrx_word' id='word_1_424' title='bbox 1087 4121 1117 4174; x_wconf 89' lang='lat' dir='ltr'>te</span> <span class='ocrx_word' id='word_1_425' title='bbox 1144 4112 1226 4175; x_wconf 88' lang='lat' dir='ltr'>circa</span> <span class='ocrx_word' id='word_1_426' title='bbox 1252 4109 1356 4174; x_wconf 90' lang='lat' dir='ltr'>studia</span> <span class='ocrx_word' id='word_1_427' title='bbox 1383 4111 1445 4174; x_wconf 89' lang='lat' dir='ltr'>iarn</span> <span class='ocrx_word' id='word_1_428' title='bbox 1472 4111 1639 4174; x_wconf 88' lang='lat' dir='ltr'>remissum</span> <span class='ocrx_word' id='word_1_429' title='bbox 1661 4118 1705 4188; x_wconf 88' lang='grc'>01,</span> <span class='ocrx_word' id='word_1_430' title='bbox 1734 4109 1823 4194; x_wconf 89' lang='lat' dir='ltr'>quasi</span> <span class='ocrx_word' id='word_1_431' title='bbox 1853 4129 1955 4172; x_wconf 88' lang='lat' dir='ltr'>urcem</span> <span class='ocrx_word' id='word_1_432' title='bbox 1987 4105 2134 4170; x_wconf 88' lang='lat' dir='ltr'>scientiae</span> 
     </span>
     <span class='ocr_line' id='line_1_37' title="bbox 479 4206 2134 4297; baseline -0.001 -25"><span class='ocrx_word' id='word_1_433' title='bbox 479 4208 611 4295; x_wconf 89' lang='lat' dir='ltr'>adeptus</span> <span class='ocrx_word' id='word_1_434' title='bbox 633 4211 690 4291; x_wconf 89' lang='lat' dir='ltr'>sis,</span> <span class='ocrx_word' id='word_1_435' title='bbox 718 4213 761 4276; x_wconf 89' lang='lat' dir='ltr'>ita</span> <span class='ocrx_word' id='word_1_436' title='bbox 789 4213 966 4280; x_wconf 88' lang='lat' dir='ltr'>nullatenus</span> <span class='ocrx_word' id='word_1_437' title='bbox 995 4238 1063 4278; x_wconf 88' lang='lat' dir='ltr'>esse</span> <span class='ocrx_word' id='word_1_438' title='bbox 1092 4214 1131 4278; x_wconf 93' lang='lat' dir='ltr'>de</span> <span class='ocrx_word' id='word_1_439' title='bbox 1159 4214 1300 4279; x_wconf 90' lang='lat' dir='ltr'>lectionis</span> <span class='ocrx_word' id='word_1_440' title='bbox 1327 4214 1529 4278; x_wconf 87' lang='lat' dir='ltr'>instructione</span> <span class='ocrx_word' id='word_1_441' title='bbox 1562 4212 1748 4277; x_wconf 83' lang='lat' dir='ltr'>sollicitum‘.</span> <span class='ocrx_word' id='word_1_442' title='bbox 1791 4212 1934 4297; x_wconf 83' lang='lat' dir='ltr'>exempla</span> <span class='ocrx_word' id='word_1_443' title='bbox 1961 4217 2063 4274; x_wconf 91' lang='lat' dir='ltr'>autem</span> <span class='ocrx_word' id='word_1_444' title='bbox 2093 4206 2134 4272; x_wconf 88' lang='lat' dir='ltr'>ad</span> 
     </span>
     <span class='ocr_line' id='line_1_38' title="bbox 478 4313 2134 4404; baseline 0.001 -28"><span class='ocrx_word' id='word_1_445' title='bbox 478 4313 664 4378; x_wconf 90' lang='lat' dir='ltr'>imitandum</span> <span class='ocrx_word' id='word_1_446' title='bbox 692 4318 857 4402; x_wconf 89' lang='lat' dir='ltr'>proposuit</span> <span class='ocrx_word' id='word_1_447' title='bbox 890 4341 927 4382; x_wconf 89' lang='lat' dir='ltr'>nc</span> <span class='ocrx_word' id='word_1_448' title='bbox 961 4327 1119 4404; x_wconf 89' lang='lat' dir='ltr'>tamqnam</span> <span class='ocrx_word' id='word_1_449' title='bbox 1153 4319 1308 4404; x_wconf 90' lang='lat' dir='ltr'>principes</span> <span class='ocrx_word' id='word_1_450' title='bbox 1345 4319 1377 4382; x_wconf 92' lang='lat' dir='ltr'>in</span> <span class='ocrx_word' id='word_1_451' title='bbox 1405 4317 1581 4403; x_wconf 89' lang='lat' dir='ltr'>eloquentia</span> <span class='ocrx_word' id='word_1_452' title='bbox 1608 4317 1718 4382; x_wconf 88' lang='lat' dir='ltr'>habuit</span> <span class='ocrx_word' id='word_1_453' title='bbox 1748 4316 1930 4382; x_wconf 86' lang='lat' dir='ltr'>Ciceronem</span> <span class='ocrx_word' id='word_1_454' title='bbox 1959 4318 1999 4401; x_wconf 88' lang='lat' dir='ltr'>(p.</span> <span class='ocrx_word' id='word_1_455' title='bbox 2020 4315 2134 4391; x_wconf 81' lang='grc'><strong>5313.</strong></span> 
     </span>
     <span class='ocr_line' id='line_1_39' title="bbox 479 4416 2134 4507; baseline -0.001 -25"><span class='ocrx_word' id='word_1_456' title='bbox 479 4418 551 4495; x_wconf 87' lang='lat'>313,</span> <span class='ocrx_word' id='word_1_457' title='bbox 565 4421 615 4498; x_wconf 89' lang='grc'>10)</span> <span class='ocrx_word' id='word_1_458' title='bbox 639 4417 817 4504; x_wconf 91' lang='lat' dir='ltr'>Vergilium</span> <span class='ocrx_word' id='word_1_459' title='bbox 841 4427 880 4507; x_wconf 70' lang='lat' dir='ltr'>ss).</span> <span class='ocrx_word' id='word_1_460' title='bbox 896 4425 947 4500; x_wconf 82' lang='lat'>25,</span> <span class='ocrx_word' id='word_1_461' title='bbox 960 4425 1011 4503; x_wconf 90' lang='lat'>21)</span> <span class='ocrx_word' id='word_1_462' title='bbox 1035 4421 1233 4500; x_wconf 85' lang='lat' dir='ltr'>Sallustium,</span> <span class='ocrx_word' id='word_1_463' title='bbox 1262 4444 1354 4507; x_wconf 89' lang='lat' dir='ltr'>quam</span> <span class='ocrx_word' id='word_1_464' title='bbox 1382 4421 1514 4486; x_wconf 88' lang='lat' dir='ltr'>triadem</span> <span class='ocrx_word' id='word_1_465' title='bbox 1537 4445 1566 4507; x_wconf 91' lang='lat' dir='ltr'>p.</span> <span class='ocrx_word' id='word_1_466' title='bbox 1583 4424 1687 4500; x_wconf 81' lang='lat'>24,19</span> <span class='ocrx_word' id='word_1_467' title='bbox 1710 4421 1755 4506; x_wconf 83' lang='lat' dir='ltr'>sic</span> <span class='ocrx_word' id='word_1_468' title='bbox 1777 4420 1958 4506; x_wconf 88' lang='lat' dir='ltr'>descripsit:</span> <span class='ocrx_word' id='word_1_469' title='bbox 1986 4416 2134 4495; x_wconf 86' lang='lat' dir='ltr'>,Tulliani</span> 
     </span>
     <span class='ocr_line' id='line_1_40' title="bbox 479 4517 2133 4612; baseline 0.001 -29"><span class='ocrx_word' id='word_1_470' title='bbox 479 4519 675 4606; x_wconf 84' lang='lat' dir='ltr'>profunditas</span> <span class='ocrx_word' id='word_1_471' title='bbox 698 4525 846 4609; x_wconf 82' lang='lat' dir='ltr'>gurgitis,</span> <span class='ocrx_word' id='word_1_472' title='bbox 873 4525 977 4611; x_wconf 81' lang='lat' dir='ltr'>CrIspi</span> <span class='ocrx_word' id='word_1_473' title='bbox 1001 4526 1189 4612; x_wconf 86' lang='lat' dir='ltr'>proprietas,</span> <span class='ocrx_word' id='word_1_474' title='bbox 1219 4525 1361 4590; x_wconf 87' lang='lat' dir='ltr'>Maronis</span> <span class='ocrx_word' id='word_1_475' title='bbox 1388 4525 1558 4610; x_wconf 88' lang='lat' dir='ltr'>elegantia‘.</span> <span class='ocrx_word' id='word_1_476' title='bbox 1582 4517 1622 4571; x_wconf 61' lang='lat'>—4</span> <span class='ocrx_word' id='word_1_477' title='bbox 1645 4525 1753 4602; x_wconf 77' lang='lat' dir='ltr'>Quare</span> <span class='ocrx_word' id='word_1_478' title='bbox 1775 4521 1922 4587; x_wconf 86' lang='lat' dir='ltr'>Ennodio</span> <span class='ocrx_word' id='word_1_479' title='bbox 1948 4544 2011 4585; x_wconf 91' lang='lat' dir='ltr'>non</span> <span class='ocrx_word' id='word_1_480' title='bbox 2040 4521 2133 4585; x_wconf 90' lang='lat' dir='ltr'>nimis</span> 
     </span>
     <span class='ocr_line' id='line_1_41' title="bbox 478 4623 2133 4716; baseline 0.001 -28"><span class='ocrx_word' id='word_1_481' title='bbox 478 4623 750 4711; x_wconf 88' lang='lat' dir='ltr'>exprobrabimrrs,</span> <span class='ocrx_word' id='word_1_482' title='bbox 778 4628 863 4714; x_wconf 91' lang='lat' dir='ltr'>qnod</span> <span class='ocrx_word' id='word_1_483' title='bbox 886 4630 1071 4716; x_wconf 89' lang='lat' dir='ltr'>aliquotiens</span> <span class='ocrx_word' id='word_1_484' title='bbox 1101 4630 1198 4694; x_wconf 88' lang='lat' dir='ltr'>nimio</span> <span class='ocrx_word' id='word_1_485' title='bbox 1220 4639 1250 4693; x_wconf 89' lang='lat' dir='ltr'>et</span> <span class='ocrx_word' id='word_1_486' title='bbox 1272 4652 1418 4716; x_wconf 87' lang='lat' dir='ltr'>perverso</span> <span class='ocrx_word' id='word_1_487' title='bbox 1441 4629 1599 4714; x_wconf 81' lang='lat' dir='ltr'>religionis</span> <span class='ocrx_word' id='word_1_488' title='bbox 1624 4627 1729 4693; x_wconf 85' lang='lat' dir='ltr'>studio</span> <span class='ocrx_word' id='word_1_489' title='bbox 1752 4635 1926 4692; x_wconf 92' lang='lat' dir='ltr'>commotus</span> <span class='ocrx_word' id='word_1_490' title='bbox 1950 4635 2031 4690; x_wconf 88' lang='lat' dir='ltr'>artes</span> <span class='ocrx_word' id='word_1_491' title='bbox 2055 4647 2133 4710; x_wconf 85' lang='lat' dir='ltr'>quas</span> 
     </span>
     <span class='ocr_line' id='line_1_42' title="bbox 479 4728 2133 4819; baseline 0 -27"><span class='ocrx_word' id='word_1_492' title='bbox 479 4730 590 4816; x_wconf 89' lang='lat' dir='ltr'>optimi</span> <span class='ocrx_word' id='word_1_493' title='bbox 613 4728 721 4795; x_wconf 92' lang='lat' dir='ltr'>dicunt</span> <span class='ocrx_word' id='word_1_494' title='bbox 743 4733 878 4819; x_wconf 88' lang='lat' dir='ltr'>optimas</span> <span class='ocrx_word' id='word_1_495' title='bbox 902 4733 1099 4819; x_wconf 51' lang='lat' dir='ltr'>obiurgavitq</span> <span class='ocrx_word' id='word_1_496' title='bbox 1121 4733 1182 4798; x_wconf 89' lang='lat' dir='ltr'>loci</span> <span class='ocrx_word' id='word_1_497' title='bbox 1211 4733 1264 4797; x_wconf 92' lang='lat' dir='ltr'>ubi</span> <span class='ocrx_word' id='word_1_498' title='bbox 1286 4733 1405 4797; x_wconf 88' lang='lat' dir='ltr'>litteras</span> <span class='ocrx_word' id='word_1_499' title='bbox 1429 4732 1518 4798; x_wconf 83' lang='lat' dir='ltr'>effert</span> <span class='ocrx_word' id='word_1_500' title='bbox 1540 4732 1639 4797; x_wconf 88' lang='lat' dir='ltr'>multo</span> <span class='ocrx_word' id='word_1_501' title='bbox 1663 4731 1767 4818; x_wconf 88' lang='lat' dir='ltr'>plures</span> <span class='ocrx_word' id='word_1_502' title='bbox 1790 4741 1872 4795; x_wconf 90' lang='lat' dir='ltr'>sunt.</span> <span class='ocrx_word' id='word_1_503' title='bbox 1916 4753 2007 4794; x_wconf 91' lang='lat' dir='ltr'>omne</span> <span class='ocrx_word' id='word_1_504' title='bbox 2030 4738 2133 4793; x_wconf 88' lang='lat' dir='ltr'>autern</span> 
     </span>
     <span class='ocr_line' id='line_1_43' title="bbox 477 4831 2135 4923; baseline -0.001 -27"><span class='ocrx_word' id='word_1_505' title='bbox 477 4832 550 4897; x_wconf 89' lang='grc'><strong>11111</strong></span> <span class='ocrx_word' id='word_1_506' title='bbox 571 4844 731 4920; x_wconf 90' lang='lat' dir='ltr'>punctum,</span> <span class='ocrx_word' id='word_1_507' title='bbox 754 4859 825 4900; x_wconf 91' lang='lat' dir='ltr'>oum</span> <span class='ocrx_word' id='word_1_508' title='bbox 848 4835 925 4901; x_wconf 91' lang='lat' dir='ltr'>dicit</span> <span class='ocrx_word' id='word_1_509' title='bbox 946 4861 975 4923; x_wconf 93' lang='lat' dir='ltr'>p.</span> <span class='ocrx_word' id='word_1_510' title='bbox 992 4840 1093 4916; x_wconf 86' lang='lat'>313,5</span> <span class='ocrx_word' id='word_1_511' title='bbox 1116 4836 1165 4917; x_wconf 89' lang='lat' dir='ltr'>,de</span> <span class='ocrx_word' id='word_1_512' title='bbox 1188 4836 1355 4901; x_wconf 86' lang='lat' dir='ltr'>virtutihus</span> <span class='ocrx_word' id='word_1_513' title='bbox 1379 4837 1511 4901; x_wconf 86' lang='lat' dir='ltr'>t&#39;accssat</span> <span class='ocrx_word' id='word_1_514' title='bbox 1538 4834 1714 4900; x_wconf 86' lang='lat' dir='ltr'>studiorum</span> <span class='ocrx_word' id='word_1_515' title='bbox 1736 4835 1911 4900; x_wconf 88' lang='lat' dir='ltr'>liberalium</span> <span class='ocrx_word' id='word_1_516' title='bbox 1934 4833 2041 4898; x_wconf 88' lang='lat' dir='ltr'>deesse</span> <span class='ocrx_word' id='word_1_517' title='bbox 2063 4831 2135 4896; x_wconf 93' lang='lat' dir='ltr'>dili-</span> 
     </span>
     <span class='ocr_line' id='line_1_44' title="bbox 477 4935 2134 5027; baseline -0.001 -25"><span class='ocrx_word' id='word_1_518' title='bbox 477 4939 624 5022; x_wconf 89' lang='lat' dir='ltr'>gentiam,</span> <span class='ocrx_word' id='word_1_519' title='bbox 646 4961 701 5024; x_wconf 89' lang='lat' dir='ltr'>per</span> <span class='ocrx_word' id='word_1_520' title='bbox 723 4963 817 5026; x_wconf 91' lang='lat' dir='ltr'>quarn</span> <span class='ocrx_word' id='word_1_521' title='bbox 833 4941 1011 5006; x_wconf 89' lang='lat' dir='ltr'>divinarum</span> <span class='ocrx_word' id='word_1_522' title='bbox 1032 4942 1115 5006; x_wconf 89' lang='lat' dir='ltr'>bona</span> <span class='ocrx_word' id='word_1_523' title='bbox 1136 4964 1239 5005; x_wconf 91' lang='lat' dir='ltr'>rerum</span> <span class='ocrx_word' id='word_1_524' title='bbox 1255 4941 1344 5027; x_wconf 90' lang='lat' dir='ltr'>quasi</span> <span class='ocrx_word' id='word_1_525' title='bbox 1367 4941 1495 5026; x_wconf 89' lang='lat' dir='ltr'>pretiosi</span> <span class='ocrx_word' id='word_1_526' title='bbox 1511 4939 1636 5004; x_wconf 85' lang='lat' dir='ltr'>monilis</span> <span class='ocrx_word' id='word_1_527' title='bbox 1658 4939 1728 5004; x_wconf 90' lang='lat' dir='ltr'>luce</span> <span class='ocrx_word' id='word_1_528' title='bbox 1751 4938 1973 5003; x_wconf 56' lang='lat' dir='ltr'>sublimentur&lt;</span> <span class='ocrx_word' id='word_1_529' title='bbox 2001 4935 2134 5022; x_wconf 87' lang='lat' dir='ltr'>denique</span> 
     </span>
     <span class='ocr_line' id='line_1_45' title="bbox 478 5041 2133 5131; baseline -0.001 -25"><span class='ocrx_word' id='word_1_530' title='bbox 478 5063 666 5128; x_wconf 81' lang='lat' dir='ltr'>quamquam</span> <span class='ocrx_word' id='word_1_531' title='bbox 694 5044 754 5109; x_wconf 92' lang='lat' dir='ltr'>sibi</span> <span class='ocrx_word' id='word_1_532' title='bbox 780 5044 829 5122; x_wconf 89' lang='lat' dir='ltr'>,ab</span> <span class='ocrx_word' id='word_1_533' title='bbox 859 5045 1035 5109; x_wconf 88' lang='lat' dir='ltr'>scholarum</span> <span class='ocrx_word' id='word_1_534' title='bbox 1064 5045 1235 5131; x_wconf 84' lang='lat' dir='ltr'>gymnasiis</span> <span class='ocrx_word' id='word_1_535' title='bbox 1268 5050 1469 5130; x_wconf 84' lang='lat' dir='ltr'>sequestrato‘</span> <span class='ocrx_word' id='word_1_536' title='bbox 1499 5051 1540 5130; x_wconf 81' lang='lat' dir='ltr'>(p.</span> <span class='ocrx_word' id='word_1_537' title='bbox 1560 5046 1610 5122; x_wconf 89' lang='grc'>39,</span> <span class='ocrx_word' id='word_1_538' title='bbox 1626 5047 1656 5120; x_wconf 81' lang='grc'>01</span> <span class='ocrx_word' id='word_1_539' title='bbox 1683 5065 1755 5122; x_wconf 92' lang='lat' dir='ltr'>,non</span> <span class='ocrx_word' id='word_1_540' title='bbox 1785 5050 1950 5129; x_wconf 86' lang='lat' dir='ltr'>suppetere</span> <span class='ocrx_word' id='word_1_541' title='bbox 1977 5041 2133 5106; x_wconf 80' lang='lat' dir='ltr'>latiarem</span> 
     </span>
     <span class='ocr_line' id='line_1_46' title="bbox 477 5144 2135 5235; baseline -0.001 -26"><span class='ocrx_word' id='word_1_542' title='bbox 477 5144 690 5212; x_wconf 87' lang='lat' dir='ltr'>eruditionem‘</span> <span class='ocrx_word' id='word_1_543' title='bbox 713 5153 753 5234; x_wconf 91' lang='lat' dir='ltr'>(p.</span> <span class='ocrx_word' id='word_1_544' title='bbox 771 5152 841 5226; x_wconf 88' lang='grc'><strong>150,</strong></span> <span class='ocrx_word' id='word_1_545' title='bbox 858 5152 909 5228; x_wconf 82' lang='lat'>11)</span> <span class='ocrx_word' id='word_1_546' title='bbox 931 5150 1083 5235; x_wconf 90' lang='lat' dir='ltr'>queritur,</span> <span class='ocrx_word' id='word_1_547' title='bbox 1113 5149 1166 5213; x_wconf 87' lang='lat' dir='ltr'>ille</span> <span class='ocrx_word' id='word_1_548' title='bbox 1192 5151 1244 5235; x_wconf 93' lang='lat' dir='ltr'>qui</span> <span class='ocrx_word' id='word_1_549' title='bbox 1274 5171 1369 5235; x_wconf 88' lang='lat' dir='ltr'>opera</span> <span class='ocrx_word' id='word_1_550' title='bbox 1397 5171 1468 5226; x_wconf 90' lang='lat' dir='ltr'>sna,</span> <span class='ocrx_word' id='word_1_551' title='bbox 1500 5148 1678 5232; x_wconf 89' lang='lat' dir='ltr'>ceteroquin</span> <span class='ocrx_word' id='word_1_552' title='bbox 1710 5147 1854 5232; x_wconf 90' lang='lat' dir='ltr'>quamvis</span> <span class='ocrx_word' id='word_1_553' title='bbox 1886 5147 2018 5232; x_wconf 86' lang='lat' dir='ltr'>ingrata,</span> <span class='ocrx_word' id='word_1_554' title='bbox 2045 5153 2135 5209; x_wconf 87' lang='lat' dir='ltr'>tanto</span> 
     </span>
     <span class='ocr_line' id='line_1_47' title="bbox 478 5249 2134 5339; baseline -0.001 -25"><span class='ocrx_word' id='word_1_555' title='bbox 478 5249 637 5316; x_wconf 87' lang='lat' dir='ltr'>doctrinae</span> <span class='ocrx_word' id='word_1_556' title='bbox 667 5261 818 5339; x_wconf 85' lang='lat' dir='ltr'>apparatu</span> <span class='ocrx_word' id='word_1_557' title='bbox 847 5262 954 5338; x_wconf 87' lang='lat' dir='ltr'>totque</span> <span class='ocrx_word' id='word_1_558' title='bbox 981 5252 1107 5317; x_wconf 89' lang='lat' dir='ltr'>aliunde</span> <span class='ocrx_word' id='word_1_559' title='bbox 1135 5254 1240 5338; x_wconf 89' lang='lat' dir='ltr'>petitis</span> <span class='ocrx_word' id='word_1_560' title='bbox 1267 5253 1404 5317; x_wconf 89' lang='lat' dir='ltr'>flosculis</span> <span class='ocrx_word' id='word_1_561' title='bbox 1437 5274 1587 5316; x_wconf 86' lang='lat' dir='ltr'>exornare</span> <span class='ocrx_word' id='word_1_562' title='bbox 1615 5252 1733 5338; x_wconf 87' lang='lat' dir='ltr'>potuit,</span> <span class='ocrx_word' id='word_1_563' title='bbox 1764 5251 1818 5337; x_wconf 92' lang='lat' dir='ltr'>qui</span> <span class='ocrx_word' id='word_1_564' title='bbox 1844 5252 1877 5315; x_wconf 91' lang='lat' dir='ltr'>in</span> <span class='ocrx_word' id='word_1_565' title='bbox 1904 5251 2047 5315; x_wconf 91' lang='lat' dir='ltr'>cubiculo</span> <span class='ocrx_word' id='word_1_566' title='bbox 2076 5271 2134 5314; x_wconf 92' lang='lat' dir='ltr'>suo</span> 
     </span>
     <span class='ocr_line' id='line_1_48' title="bbox 475 5352 2135 5442; baseline 0.001 -25"><span class='ocrx_word' id='word_1_567' title='bbox 475 5352 610 5433; x_wconf 91' lang='lat' dir='ltr'>,codices</span> <span class='ocrx_word' id='word_1_568' title='bbox 639 5355 670 5418; x_wconf 87' lang='grc'>11</span> <span class='ocrx_word' id='word_1_569' title='bbox 694 5353 802 5420; x_wconf 90' lang='lat' dir='ltr'>ordine</span> <span class='ocrx_word' id='word_1_570' title='bbox 829 5357 959 5442; x_wconf 88' lang='lat' dir='ltr'>positos‘</span> <span class='ocrx_word' id='word_1_571' title='bbox 989 5356 1100 5421; x_wconf 90' lang='lat' dir='ltr'>habuit</span> <span class='ocrx_word' id='word_1_572' title='bbox 1128 5366 1220 5442; x_wconf 86' lang='lat' dir='ltr'>atque</span> <span class='ocrx_word' id='word_1_573' title='bbox 1251 5380 1321 5421; x_wconf 91' lang='lat' dir='ltr'>cum</span> <span class='ocrx_word' id='word_1_574' title='bbox 1353 5356 1461 5421; x_wconf 89' lang='lat' dir='ltr'>amicis</span> <span class='ocrx_word' id='word_1_575' title='bbox 1490 5356 1733 5420; x_wconf 88' lang='lat' dir='ltr'>communicavit</span> <span class='ocrx_word' id='word_1_576' title='bbox 1762 5359 1802 5441; x_wconf 90' lang='lat' dir='ltr'>(p.</span> <span class='ocrx_word' id='word_1_577' title='bbox 1820 5357 1892 5434; x_wconf 88' lang='grc'><strong>304,</strong></span> <span class='ocrx_word' id='word_1_578' title='bbox 1908 5358 1959 5420; x_wconf 87' lang='grc'>30.</span> <span class='ocrx_word' id='word_1_579' title='bbox 1982 5357 2054 5432; x_wconf 87' lang='grc'><strong>320,</strong></span> <span class='ocrx_word' id='word_1_580' title='bbox 2072 5355 2135 5431; x_wconf 85' lang='grc'>32),</span> 
     </span>
     <span class='ocr_line' id='line_1_49' title="bbox 477 5457 2136 5545; baseline -0.002 -21"><span class='ocrx_word' id='word_1_581' title='bbox 477 5459 529 5524; x_wconf 94' lang='lat' dir='ltr'>ille</span> <span class='ocrx_word' id='word_1_582' title='bbox 555 5459 650 5545; x_wconf 91' lang='lat' dir='ltr'>igitur</span> <span class='ocrx_word' id='word_1_583' title='bbox 676 5459 743 5523; x_wconf 89' lang='lat' dir='ltr'>inre</span> <span class='ocrx_word' id='word_1_584' title='bbox 770 5483 833 5524; x_wconf 91' lang='lat' dir='ltr'>non</span> <span class='ocrx_word' id='word_1_585' title='bbox 860 5461 964 5525; x_wconf 90' lang='lat' dir='ltr'>solum</span> <span class='ocrx_word' id='word_1_586' title='bbox 993 5460 1033 5525; x_wconf 92' lang='lat' dir='ltr'>ab</span> <span class='ocrx_word' id='word_1_587' title='bbox 1068 5460 1250 5545; x_wconf 87' lang='lat' dir='ltr'>aequalibus</span> <span class='ocrx_word' id='word_1_588' title='bbox 1282 5459 1457 5526; x_wconf 79' lang='lat' dir='ltr'>studIorum</span> <span class='ocrx_word' id='word_1_589' title='bbox 1486 5460 1660 5525; x_wconf 89' lang='lat' dir='ltr'>liberalium</span> <span class='ocrx_word' id='word_1_590' title='bbox 1690 5457 1896 5524; x_wconf 89' lang='lat' dir='ltr'>sectatoribus</span> <span class='ocrx_word' id='word_1_591' title='bbox 1923 5457 2136 5522; x_wconf 88' lang='lat' dir='ltr'>honorabatur</span> 
     </span>
     <span class='ocr_line' id='line_1_50' title="bbox 477 5561 2135 5649; baseline -0.003 -20"><span class='ocrx_word' id='word_1_592' title='bbox 477 5569 517 5649; x_wconf 86' lang='lat' dir='ltr'>(p.</span> <span class='ocrx_word' id='word_1_593' title='bbox 529 5565 676 5642; x_wconf 71' lang='grc'><strong>22016),</strong></span> <span class='ocrx_word' id='word_1_594' title='bbox 710 5562 764 5628; x_wconf 86' lang='lat' dir='ltr'>sed</span> <span class='ocrx_word' id='word_1_595' title='bbox 794 5587 886 5628; x_wconf 91' lang='lat' dir='ltr'>omne</span> <span class='ocrx_word' id='word_1_596' title='bbox 912 5566 945 5629; x_wconf 92' lang='lat' dir='ltr'>in</span> <span class='ocrx_word' id='word_1_597' title='bbox 967 5587 1080 5630; x_wconf 85' lang='lat' dir='ltr'>aevum</span> <span class='ocrx_word' id='word_1_598' title='bbox 1102 5564 1183 5628; x_wconf 85' lang='lat' dir='ltr'>inter</span> <span class='ocrx_word' id='word_1_599' title='bbox 1205 5565 1313 5630; x_wconf 87' lang='lat' dir='ltr'>aetatis</span> <span class='ocrx_word' id='word_1_600' title='bbox 1336 5587 1425 5644; x_wconf 89' lang='lat' dir='ltr'>suae,</span> <span class='ocrx_word' id='word_1_601' title='bbox 1454 5563 1598 5629; x_wconf 91' lang='lat' dir='ltr'>videlicet</span> <span class='ocrx_word' id='word_1_602' title='bbox 1624 5562 1739 5628; x_wconf 86' lang='lat' dir='ltr'>saeculi</span> <span class='ocrx_word' id='word_1_603' title='bbox 1767 5563 1861 5640; x_wconf 85' lang='lat' dir='ltr'>sexti,</span> <span class='ocrx_word' id='word_1_604' title='bbox 1891 5561 2135 5627; x_wconf 88' lang='lat' dir='ltr'>litteratissimos</span> 
     </span>
     <span class='ocr_line' id='line_1_51' title="bbox 476 5668 860 5735; baseline 0.008 -3"><span class='ocrx_word' id='word_1_605' title='bbox 476 5668 617 5733; x_wconf 87' lang='lat' dir='ltr'>homines</span> <span class='ocrx_word' id='word_1_606' title='bbox 640 5669 860 5735; x_wconf 85' lang='lat' dir='ltr'>nrunerabitur.</span> 
     </span>
    </p>
   </div>
   <div class='ocr_carea' id='block_1_4' title="bbox 0 0 2310 6437">
    <p class='ocr_par' dir='ltr' id='par_1_5' title="bbox 0 0 2310 6437">
     <span class='ocr_line' id='line_1_52' title="bbox 0 0 2310 6437; baseline 0 0"><span class='ocrx_word' id='word_1_607' title='bbox 0 0 2310 6437; x_wconf 95' lang='lat' dir='ltr'> </span> 
     </span>
    </p>
   </div>
  </div>
 </body>
</html>
