4596 6450
395 313 454 376 198
829 307 937 364 ccum
955 305 1079 374 (EPIST.
1098 308 1123 370 b,
1141 306 1186 376 25)
1206 335 1238 345 -
1257 305 1349 361 CGLV
1368 305 1490 374 (usur.
1509 309 1534 370 5,
1552 305 1606 375 11).

392 482 531 567 primum
559 482 593 545 in
621 481 741 545 bonam
770 481 983 545 valitudinem
1014 478 1167 543 reduetus
1195 485 1259 558 est,
1297 479 1520 543 Mediolanum
1548 500 1621 543 oum
1656 500 1781 544 summa
1814 482 2046 567 properatione

360 585 598 650 3commoavit.
644 589 756 648 cetera
779 583 863 668 apud
887 604 945 647 ros
969 580 1145 667 alleganda
1168 603 1243 646 esse
1268 602 1333 645 non
1357 582 1489 654 credidi,
1514 582 1590 668 quia
1614 582 1668 666 qui
1692 582 1896 648 commendat
1917 585 2047 668 magnis

394 688 468 751 viris
491 687 658 769 iustitiam,
683 687 882 751 oblivionem
898 686 1028 750 videtur
1051 685 1228 769 aequitatis
1251 706 1430 770 opponere.
1466 684 1597 750 domine
1620 686 1675 760 mi,
1700 687 1904 751 salutationis
1921 688 2045 774 plenis-

389 791 491 856 simae
515 812 632 855 munus
656 790 798 854 exhibeo
823 796 873 868 et,
904 789 991 874 quod
1019 794 1184 874 superest,
1213 808 1337 872 quaeso
1364 795 1400 853 ut
1423 794 1528 854 status
1560 790 1647 854 circa
1676 810 1727 852 me
1752 789 1878 874 gratiae
1902 798 2043 870 vestrae,

390 894 541 978 quamvis
565 895 605 958 sit
628 894 848 980 plenissimus,
872 892 979 957 adhue
1002 899 1112 958 tamen
1136 892 1284 976 recipere
1308 899 1445 979 cogatur
1467 899 1655 977 augmenta.

1022 1149 1152 1217 ctulv
1175 1150 1286 1239 (misr.
1304 1154 1334 1230 5,
1351 1149 1418 1236 26).

972 1328 1187 1403 AGAPITO
1213 1329 1462 1403 ENNODIVS.

360 1471 372 1529 ¹
499 1461 686 1553 Resistunt
714 1495 851 1575 peccata
874 1487 1048 1552 desideriis
1079 1494 1125 1568 et,
1154 1495 1191 1552 ut
1212 1488 1403 1552 meritorum
1433 1493 1538 1550 status
1563 1484 1827 1572 delinquentibus
1850 1488 2044 1568 innotescat,

389 1593 593 1657 alabiorum
623 1594 833 1678 proximitate
867 1593 978 1678 cupita
1008 1592 1252 1656 subtrabuntur.
1299 1591 1406 1656 acrius
1435 1590 1594 1676 adfligunt
1626 1591 1752 1670 oblata,
1785 1613 1857 1656 cum
1891 1599 2043 1678 pereunt:

389 1697 494 1783 potior
517 1698 588 1761 sitis
612 1702 679 1775 est,
703 1718 800 1782 quam
823 1695 984 1760 undarum
1007 1702 1123 1780 gustus
1147 1702 1341 1780 exaggerat.
1387 1716 1451 1759 non
1475 1701 1574 1758 urunt
1598 1695 1786 1758 memoriam
1810 1695 1915 1781 prima
1937 1695 2044 1760 fronte

389 1806 510 1884 negata
532 1801 706 1864 beneficia:
736 1801 808 1884 quis
836 1800 922 1864 ferat
945 1800 1110 1883 ingestam
1139 1799 1239 1862 oculis
1273 1820 1377 1884 aequo
1407 1799 1514 1862 animo
1548 1819 1584 1861 sc
1608 1797 1788 1884 perdidisse
1813 1795 2041 1864 dulcedinem?

356 1903 446 1968 2scd
471 1911 560 1968 recte
584 1905 646 1967 ista
670 1903 711 1968 ad
735 1923 910 1988 supernam
935 1903 1142 1967 remittuntur
1167 1902 1420 1988 providentiam:
1455 1923 1539 1988 quae
1570 1901 1722 1966 caelestis
1747 1901 1948 1986 dispensatio
1971 1924 2043 1988 my-

388 2008 478 2072 sterii
510 2007 632 2072 idcirco
662 2007 813 2071 humanis
842 2005 1111 2093 dispositionibus
1141 2026 1257 2069 manus
1282 2006 1431 2092 opponit,
1461 2013 1497 2069 ut
1528 2012 1677 2069 votorum
1703 2011 1853 2092 praestet
1881 2005 2045 2074 effectum.

387 2117 517 2174 sanctus
540 2118 636 2196 pater
658 2116 768 2176 vester
790 2109 933 2174 libenter
956 2129 991 2172 se
1015 2109 1196 2194 pariturum
1219 2109 1355 2172 iussioni
1377 2108 1612 2194 magnitudinis
1630 2114 1761 2172 vestrae
1785 2107 1892 2172 fuerat
1915 2107 2046 2175 demea

388 2215 579 2279 occursione
608 2214 790 2301 pollicitus,
827 2213 885 2276 sed
914 2213 1057 2276 animum
1091 2211 1162 2276 eius
1194 2212 1227 2276 in
1256 2211 1419 2276 diversam
1448 2218 1575 2299 partem
1606 2230 1665 2298 pro
1696 2211 1853 2290 utilitate,
1887 2220 2045 2296 quantum

389 2316 483 2395 dicit,
512 2318 672 2382 eeclesiae
703 2316 971 2404 supervenientia
1002 2336 1142 2402 rapuere
1166 2315 1320 2395 consilia,
1353 2315 1439 2380 sicut
1460 2317 1601 2401 praefati
1623 2315 1745 2402 pagina
1774 2315 1816 2379 ad
1838 2335 1894 2380 vos
1919 2315 2044 2382 directa

357 2417 576 2484 3deolaravit.
622 2422 844 2507 praestulatur
873 2426 983 2484 tamen
1013 2439 1112 2506 super
1134 2419 1265 2504 negotio
1289 2419 1461 2504 designato
1484 2419 1719 2504 magnitudinis
1743 2427 1873 2484 vestrae
1898 2420 2045 2485 secunda

389 2523 569 2607 conloquia,
594 2543 657 2608 quo
672 2523 878 2588 manifestius
902 2525 935 2586 in
952 2523 1061 2587 fratris
1078 2525 1179 2587 vestri
1195 2523 1310 2587 Fausti
1335 2523 1463 2609 particii
1480 2523 1620 2587 utilitate
1644 2544 1697 2586 me
1720 2544 1795 2588 esse
1819 2524 2044 2590 necessarium

388 2633 566 2707 reseretur,
596 2627 689 2691 cuius
718 2629 844 2712 gratiae
878 2627 959 2692 nihil
983 2628 1045 2691 sibi
1076 2627 1229 2692 aestimat
1252 2628 1391 2691 liberum
1414 2626 1592 2710 denegare.
1639 2625 1725 2712 quod
1749 2631 1867 2706 restat,
1896 2626 2047 2712 obsequii

388 2732 451 2794 mei
475 2729 659 2794 humilitate
682 2738 835 2817 suscepta
862 2752 992 2818 precor,
1025 2737 1061 2794 ut
1093 2732 1176 2796 caeli
1206 2732 1334 2818 opifex,
1356 2732 1418 2818 ,qui
1446 2731 1579 2794 culmini
1609 2737 1721 2794 vestro
1749 2730 1921 2815 parvitatis
1949 2752 2046 2796 meae

388 2853 498 2897 curam
523 2840 573 2896 est
596 2834 750 2918 dignatus
774 2834 958 2912 infundere,
981 2835 1054 2920 ipse
1078 2855 1136 2920 per
1159 2855 1218 2898 vos
1242 2833 1410 2918 sequenda
1433 2833 1594 2920 disponat.

1030 3089 1138 3158 ΟΟΙΝ
1161 3091 1271 3178 (nerse.
1288 3096 1318 3168 5,
1336 3093 1401 3178 27).

963 3269 1200 3344 EVGENETI
1226 3269 1476 3344 ENNODIVS.

358 3411 369 3468 ¹
512 3399 629 3516 Supra
651 3427 783 3492 modum
806 3450 858 3492 me
883 3428 1060 3492 sollicitant
1082 3428 1249 3514 procurati
1274 3427 1382 3492 studia
1404 3427 1573 3491 indefessa
1597 3428 1730 3509 silentii,
1757 3435 1790 3492 et
1814 3429 1891 3493 licet
1916 3430 2045 3494 animus

352 3581 353 3584 η
386 3535 420 3597 in
442 3534 581 3598 statione
611 3533 652 3595 sit
678 3532 824 3617 positus,
853 3533 1025 3596 contristat
1048 3533 1208 3596 sermonis
1232 3532 1445 3610 abstinentia,
1478 3532 1532 3617 qui
1555 3533 1637 3596 vivis
1660 3533 1856 3617 imaginibus
1880 3537 2044 3596 secretum

387 3638 534 3724 pectoris
557 3638 622 3700 oris
645 3637 737 3701 clave
761 3636 960 3701 manifestat.
1001 3637 1106 3722 patior
1129 3635 1260 3722 quidem
1285 3634 1448 3700 interdum
1472 3635 1643 3699 caritatem
1668 3636 1728 3700 sub
1752 3636 1944 3721 paginarum
1968 3655 2044 3721 pro-

355 3741 587 3826 2mulgatione
612 3740 767 3819 simulari,
791 3761 965 3825 numquam
991 3747 1102 3803 tamen
1125 3740 1223 3804 credo
1246 3739 1296 3803 his
1320 3739 1439 3804 muniis
1463 3738 1631 3803 abstinere
1655 3739 1710 3824 qui
1734 3737 1883 3823 diligunt.
1917 3738 2041 3802 reserat
2096 3766 2123 3804 re

385 3844 468 3910 forte
498 3845 688 3930 magnitudo
716 3834 843 3923 vestra,
875 3843 1027 3929 publicae
1052 3849 1277 3932 occupationis
1306 3868 1417 3913 euram
1448 3847 1556 3910 locum
1590 3847 1718 3932 scriptis
1740 3845 1956 3910 familiaribus
1980 3865 2046 3908 non

386 3947 528 4014 dedisse.
574 3948 630 4014 sed
657 3948 743 4013 idem
768 3953 872 4012 status
906 3956 993 4028 erat,
1021 3971 1094 4015 oum
1121 3951 1333 4039 praecedenti
1360 3957 1509 4036 tempore
1538 3950 1712 4035 conloquia
1742 3950 1871 4013 culmen
1901 3955 2045 4012 vestrum

386 4053 501 4117 crebra
524 4051 716 4139 praestabat
739 4073 800 4116 neo
828 4053 874 4116 ita
902 4053 1017 4117 aulicis
1048 4052 1225 4140 deputatus
1253 4053 1465 4138 premebatur
1488 4052 1656 4133 excubiis,
1684 4059 1721 4114 nt
1749 4051 1901 4138 promissi
1924 4051 2045 4116 amoris

247 4219 263 4247 4
355 4156 578 4221 3mcmoriam
601 4178 664 4220 non
688 4155 835 4220 haberet.
882 4157 954 4240 quis
982 4157 1066 4222 savis
1094 4159 1220 4232 toxica,
1248 4159 1321 4243 quis
1351 4176 1488 4222 caenum
1512 4154 1656 4219 fontibus
1681 4154 1904 4219 clandestinus
1929 4176 2044 4220 susur-

386 4265 475 4323 rator
490 4258 686 4323 admiscuit?
710 4265 766 4323 aut
789 4260 883 4336 forte,
908 4259 993 4344 quod
1010 4260 1118 4324 fuerat
1140 4259 1181 4324 de
1202 4261 1375 4325 affectione
1393 4259 1595 4344 subreptum,
1619 4257 1660 4321 ad
1677 4257 1832 4323 indicium
1848 4257 2043 4322 rettulistis?
2099 4281 2125 4320 ao

385 4362 443 4426 sed
468 4383 530 4448 ego
555 4382 717 4448 occupare
742 4383 798 4426 vos
821 4365 1016 4450 paginarum
1039 4364 1301 4450 promulgatione
1325 4386 1389 4428 non
1413 4363 1540 4442 differo,
1564 4368 1600 4425 ut
1622 4360 1664 4424 ad
1686 4383 1781 4426 usum
1801 4368 1946 4426 veterem
1971 4383 2044 4426 ces-

385 4465 534 4530 santibus
558 4467 738 4551 promissae
760 4467 960 4552 dignationis
992 4469 1132 4532 stimulis
1156 4469 1207 4534 vel
1231 4469 1434 4554 garrulitatis
1458 4489 1552 4531 meae
1575 4467 1744 4552 provocati
1767 4466 1861 4551 fruge
1887 4465 2042 4530 redeatis.

354 4570 516 4636 idomine
542 4571 594 4651 mi,
620 4570 812 4657 obsequium
835 4573 1042 4636 salutationis
1065 4574 1165 4659 plena
1187 4572 1371 4637 bumilitate
1389 4572 1581 4657 persolvens
1605 4569 1713 4634 indico
1737 4591 1789 4633 me
1813 4571 1930 4634 vestris
1949 4571 2042 4656 eupi-

386 4673 463 4738 dum
487 4695 562 4738 esse
585 4674 775 4758 aspectibus
798 4677 1012 4762 praesentari,
1037 4677 1064 4740 si
1087 4683 1196 4742 tomen
1220 4674 1405 4740 faciendum
1429 4675 1601 4760 perpensis
1625 4694 1709 4758 qnae
1733 4674 1828 4738 vobis
1853 4673 1942 4737 cordi
1966 4695 2042 4737 esso

390 4798 456 4842 non
480 4777 591 4844 dubito
614 4778 814 4846 rescribatis.
2097 4798 2123 4838 ³⁵

489 5003 654 5074 2alliganda
667 5005 843 5062 BV2L2Ta
946 5005 1026 5074 timi]
1046 5006 1198 5058 mibiBVL
1301 5005 1407 5059 doetus
1422 5005 1468 5060 Be
1570 5001 1750 5072 baugmenla
1769 5002 1910 5070 explidBa

489 5105 609 5176 [COLlV]
646 5107 662 5160 6
681 5110 814 5162 Ennodius
833 5109 972 5176 Agapitcb
1076 5107 1093 5159 8
1110 5109 1323 5161 subntrabuntur
1337 5109 1363 5159 B
1432 5110 1552 5175 affligunt
1568 5106 1592 5156 V
1693 5105 1725 5157 11
1743 5104 1819 5172 quae]
1839 5107 1960 5172 quoniam
1976 5105 2045 5170 OPb,

384 5212 436 5261 qua
447 5193 544 5246 Horret
665 5193 698 5247 12
715 5197 821 5263 praestit
833 5195 859 5246 B
980 5193 1012 5246 14
1030 5193 1188 5261 occursione]
1208 5197 1368 5248 occasioned
1484 5193 1517 5246 lli
1533 5195 1675 5246 declarabit
1685 5195 1752 5260 sort
1834 5193 2006 5261 praestruatur
2024 5192 2049 5242 V

386 5276 418 5330 17
435 5281 526 5347 patrici
538 5280 564 5331 B
668 5278 701 5332 18
719 5281 812 5348 degere
830 5297 885 5346 asp.
899 5280 944 5331 lia.
962 5296 995 5330 ne
1007 5279 1040 5343 B,
1059 5281 1181 5347 derogare
1194 5279 1272 5332 Siros.
1378 5278 1411 5332 19
1428 5281 1493 5334 caeli
1511 5299 1559 5333 om.
1573 5281 1651 5332 Sirra.
1721 5287 1823 5332 uestrae
1836 5278 1914 5332 Sirra.

489 5381 598 5452 [CCLV]
629 5382 661 5436 21
681 5385 796 5452 eugeniti
814 5385 934 5436 innodius
946 5382 972 5433 B
1075 5381 1110 5434 23
1127 5385 1261 5437 contristet
1279 5393 1363 5438 nmen
1378 5386 1436 5438 0Ρὸ
1499 5386 1544 5452 qui
1556 5385 1660 5448 Emer,
1677 5399 1744 5451 ques
1757 5383 1817 5434 libri
1919 5379 1953 5434 27
1972 5401 2044 5449 prae·

385 5470 485 5521 cadenti
507 5471 607 5537 eampo,
629 5471 786 5537 praesidenti
804 5470 839 5535 B,
862 5471 1029 5539 praecedente
1053 5472 1128 5522 aaa
1232 5473 1360 5540 colloquia
1380 5473 1404 5523 V
1542 5469 1577 5522 28
1598 5471 1690 5522 aulicis
1713 5471 1850 5536 deputatus
1871 5469 1908 5520 ita
1927 5467 2048 5520 VLTC'P

384 5553 419 5606 29
439 5565 587 5609 susurratur
599 5556 624 5607 B
762 5556 797 5609 30
820 5559 944 5610 retulistis
960 5557 985 5607 V
1118 5557 1151 5609 31
1174 5560 1260 5612 desero
1276 5560 1371 5612 Vnst*
1505 5557 1540 5610 33
1561 5555 1606 5623 mi]
1626 5556 1689 5608 inihi
1701 5554 1779 5605 BVIr
1883 5555 2045 5609 salutationis

384 5643 535 5710 obsequium
549 5643 627 5696 simi.
697 5645 828 5711 cupidium
841 5641 882 5694 Β1
987 5641 1023 5694 34
1040 5646 1189 5697 faciundum
1203 5647 1281 5698 Sirm.
