4566 6532
447 289 510 352 att
1124 283 1220 340 canu
1239 281 1374 350 (eraso.
1393 282 1430 344 s).

447 461 544 525 facio.
588 458 769 543 quantisvis
801 459 965 520 actionum
1000 457 1146 522 tenebris
1173 457 1319 521 involuto
1350 456 1407 518 lux
1436 453 1569 526 sufficit,
1603 474 1701 538 quam
1728 452 1897 539 loquendo
1926 452 2119 517 contulero.

447 584 510 647 ego
533 584 605 626 sum
628 582 807 648 perquam
837 567 1014 645 expectant
1041 560 1191 625 homines
1222 567 1347 625 reatum
1377 557 1419 623 de
1446 556 1579 622 turbida
1608 563 1642 620 et
1665 558 1889 621 innocentiam
1912 555 1957 621 de
1982 577 2117 620 serena

447 687 507 750 per
529 687 581 730 me
605 665 699 728 fusca
721 662 893 750 splendore
917 664 1128 742 conscientia,
1151 685 1212 748 per
1233 683 1286 726 me
1310 663 1382 724 luce
1406 681 1466 724 sua
1490 660 1621 724 radians
1645 660 1833 725 adventicia
1855 669 1957 724 nocte
1975 660 2115 744 tegitur,

397 768 499 832 lbrel
523 769 550 831 si
574 769 616 831 sit
638 768 752 851 ignara
781 765 1007 830 tenebrarum:
1039 774 1090 830 cst
1121 765 1209 851 quod
1237 787 1299 830 nec
1329 763 1464 828 conlidit
1492 765 1617 848 puritas
1645 785 1705 828 nec
1735 766 1833 850 culpa
1863 765 2023 850 suspirat.
2072 763 2114 826 sd

448 891 558 935 meum
583 869 800 956 conpendium
823 870 1021 953 ubicumque
1052 877 1102 933 est
1123 869 1291 933 Romanus
1321 868 1479 952 invigilat.
1524 867 1632 930 fasces
1661 866 1791 930 divitias
1822 867 1969 932 bonores
1993 869 2023 932 ei
2048 889 2115 930 non
2178 889 2187 922 ⁵

447 994 610 1054 ornamus,
634 973 764 1036 abiecta
787 979 873 1037 sunt.
910 992 970 1035 nos
994 993 1095 1058 regna
1118 974 1262 1058 regimus
1286 979 1320 1036 et
1343 973 1523 1057 inperantis
1548 971 1694 1034 salubria
1713 971 1879 1037 iubemus.
1920 971 2001 1055 quid
2027 970 2115 1056 quod

448 1075 724 1141 declamationum
747 1083 934 1138 nostrarum
956 1074 1132 1140 oblectatio
1161 1077 1263 1141 vincit
1290 1075 1445 1139 universa
1474 1095 1558 1160 qnae
1583 1074 1716 1159 sapiunt
1739 1081 1772 1136 et
1796 1075 1988 1160 opinionem
2014 1095 2114 1159 quam

448 1179 661 1244 conciliamus
684 1185 820 1244 aeterna
843 1184 909 1242 est!
953 1185 1030 1242 ante
1054 1179 1217 1263 scipiones
1240 1185 1274 1242 et
1297 1178 1428 1241 trabeas
1452 1183 1503 1241 est
1525 1197 1686 1262 pomposa
1707 1177 1866 1240 recitatio.
1901 1176 1943 1241 de
1968 1177 2114 1240 virorum

448 1283 581 1347 tortium
609 1282 705 1345 lactis
737 1280 822 1366 qnod
853 1283 1002 1345 volumus
1037 1281 1197 1358 creditum
1231 1289 1340 1345 actum
1371 1302 1468 1345 nemo
1497 1283 1651 1346 aestimat
1680 1282 1767 1367 quod
1797 1283 1952 1348 silemus:
1986 1284 2113 1348 nobilia

398 1385 598 1474 l'lgermina
621 1407 664 1450 ex
687 1385 783 1448 nobis
806 1385 879 1447 susa
904 1385 1017 1450 orbem
1040 1393 1144 1449 totum
1169 1384 1237 1449 sole
1262 1385 1370 1448 clarae
1398 1385 1609 1471 perfectionis
1641 1385 1813 1449 inradiant.
1859 1388 2005 1470 poetica,
2030 1387 2113 1450 iuria
2175 1409 2186 1439 υ

448 1489 576 1576 peritia,
600 1487 783 1566 dialectica,
812 1488 1031 1568 arithmetica,
1060 1510 1134 1551 cnm
1156 1508 1209 1552 me
1232 1495 1365 1552 utantur
1395 1490 1488 1574 quasi
1512 1489 1691 1573 genetrice,
1720 1511 1772 1554 me
1795 1499 1907 1554 tamen
1932 1490 2114 1555 adserente

449 1599 526 1656 sunt
546 1592 667 1676 pretio.
714 1589 824 1655 audite
849 1599 958 1654 mmen
982 1599 1015 1655 ct
1038 1611 1181 1668 carmen,
1205 1591 1306 1654 alieni
1328 1590 1416 1675 quod
1438 1590 1533 1655 nobis
1559 1593 1708 1676 suggerit
1730 1592 1826 1657 ludus
1850 1593 1974 1658 officii'

1138 1777 1416 1843 RHETORICA.

820 1901 870 1964 Sit
891 1907 1004 1965 noster
1026 1907 1164 1978 tantum,
1188 1921 1255 1965 non
1278 1901 1443 1986 stringunt
1467 1901 1602 1964 crimina
1623 1922 1831 1987 quemquam.

862 2005 931 2068 Nos
954 2006 1042 2069 vitae
1065 2005 1211 2068 maculas
1234 2005 1393 2090 tergimus
1417 2005 1496 2068 artis
1520 2025 1593 2090 ope.

816 2109 851 2174 Si
874 2111 971 2174 niveo
995 2116 1125 2174 constet
1146 2109 1264 2173 merito
1288 2109 1359 2192 quis
1382 2115 1468 2172 teste
1492 2114 1620 2186 senatu,

869 2211 1025 2298 Cogimus
1050 2213 1136 2277 hunc
1158 2233 1273 2277 omnes
1297 2211 1406 2276 dicere
1429 2220 1525 2275 nocte
1550 2221 1668 2276 satum.

817 2316 860 2380 Et
882 2337 959 2380 rous
982 2323 1016 2381 et
1039 2323 1171 2382 sanctus
1194 2316 1235 2382 de
1259 2323 1372 2380 nostro
1395 2317 1544 2380 nascitur
1565 2337 1640 2381 ore:

863 2420 950 2485 Dum
973 2422 1144 2506 loquimur,
1168 2429 1300 2506 captum
1322 2421 1451 2485 ducitur
1472 2420 1654 2485 arbitrium.

816 2524 910 2588 Lana
931 2523 1130 2590 Tarentinae
1154 2526 1227 2589 laus
1249 2524 1351 2604 urbis,
1375 2545 1516 2608 gemma,
1540 2532 1687 2610 potestas

862 2626 949 2699 Quid
973 2634 1048 2691 sunt
1071 2627 1112 2692 ad
1135 2635 1283 2692 nostrum
1306 2625 1418 2690 iuncta
1441 2627 1676 2713 supercilium?

818 2729 884 2805 Qui
907 2733 1030 2796 nostris
1054 2733 1156 2796 servit
1179 2730 1308 2810 studiis,
1331 2751 1407 2794 mox
1429 2732 1570 2816 imperat
1592 2731 1674 2795 orbi.

865 2835 919 2900 Nil
942 2835 1077 2900 dubium
1099 2844 1251 2901 metuens
1273 2857 1326 2898 ars
1350 2834 1430 2898 mihi
1452 2856 1556 2922 regna
1578 2835 1679 2900 dedit.

400 2982 438 3044 18
558 2971 653 3036 Haec
677 2993 767 3058 ergo,
791 2972 980 3053 dulcissimi,
1007 2978 1040 3036 et
1060 2972 1196 3058 adsequi
1219 2972 1408 3037 contendite
1433 2980 1466 3037 et
1487 2973 1609 3059 adepta
1635 2973 1809 3038 custodite.
1849 2974 1909 3040 sed
1925 2976 2113 3060 replicetis:

450 3076 570 3164 quibus
599 3075 641 3139 ad
669 3078 734 3140 ista
760 3077 937 3162 magistris,
975 3075 1093 3160 quibus
1122 3083 1254 3140 utamur
1282 3075 1536 3150 institutoribus,
1571 3098 1708 3162 quorum
1740 3077 1909 3162 erigamur
1936 3079 2112 3164 exemplis,
2162 3093 2175 3133 t

449 3203 524 3246 cnm
553 3180 713 3245 Faustum
747 3185 781 3245 et
813 3179 987 3258 noenum,
1023 3180 1146 3243 saeculi
1182 3180 1284 3242 nostri
1315 3178 1553 3244 beatitudinem
1582 3186 1617 3245 et
1646 3180 1787 3245 Latiaris
1821 3182 1944 3246 flumen
1978 3183 2114 3267 eloquii,

448 3285 564 3349 aulicis
588 3283 770 3347 districtum
792 3288 907 3348 teneat
935 3282 1002 3346 fors
1030 3281 1175 3346 secunda
1202 3281 1364 3346 consiliis?
1396 3303 1476 3368 quos
1500 3283 1577 3347 dum
1600 3292 1713 3348 manet
1735 3305 1823 3364 cura,
1848 3306 1868 3348 a
1889 3287 2114 3370 generalitate

449 3389 605 3468 nescitur,
638 3409 774 3472 quorum
798 3395 959 3473 temptare
988 3387 1165 3472 praeconia
1191 3385 1278 3450 idem
1306 3392 1357 3450 est
1384 3408 1423 3452 ac
1452 3389 1479 3451 si
1508 3388 1615 3452 lucem
1642 3388 1721 3452 solis
1750 3393 1784 3451 et
1812 3389 1998 3473 potentiam
2028 3388 2112 3454 velis

401 3494 440 3555 19
452 3491 632 3557 divinitatis
647 3491 812 3556 adserere.
835 3490 975 3554 sedistis
991 3491 1024 3553 in
1040 3489 1127 3555 bono
1144 3490 1277 3575 publico
1294 3489 1531 3556 desudantibus
1547 3493 1677 3577 patricii
1694 3490 1814 3555 Festus
1831 3498 1864 3556 et
1881 3492 2111 3577 Symmachus,

450 3596 594 3659 omnium
628 3593 873 3679 disciplinamm
907 3593 1045 3657 materia
1074 3599 1107 3656 et
1135 3593 1314 3656 constantis
1344 3593 1449 3658 sorma
1479 3595 1670 3681 sapientiae,
1703 3594 1745 3659 ab
1775 3595 1858 3659 urbe
1886 3597 2112 3660 sacratissima

450 3718 516 3762 non
546 3695 715 3762 recedunt.
759 3697 793 3760 in
815 3697 895 3782 ipsis
920 3702 970 3761 eet
992 3694 1113 3759 nobilis
1143 3697 1252 3760 curiae
1282 3697 1492 3782 principatus,
1523 3718 1605 3781 quos
1632 3697 1756 3762 vidisse
1789 3698 1910 3762 emdiri
1939 3705 2002 3762 est.
2047 3721 2113 3764 non

451 3800 538 3887 apud
568 3822 626 3865 eos
657 3819 764 3864 sermo
795 3798 837 3862 de
866 3797 999 3864 ludicris
1022 3821 1091 3864 nec
1113 3802 1385 3884 pantomimomm
1418 3803 1475 3866 rix
1507 3803 1710 3888 ignoscenda
1741 3806 2019 3869 commemoratio.
2065 3805 2113 3869 illi

451 3925 564 3970 auram
587 3903 779 3990 popularem
809 3924 870 3988 per
894 3903 1026 3988 pudoris
1055 3903 1252 3968 detrimenta
1278 3925 1345 3968 non
1373 3906 1515 3990 capiunt,
1544 3907 1689 3970 contenti
1716 3909 1815 3972 rectis
1842 3909 1950 3993 magis
1976 3909 2113 3994 placere

326 4005 414 4102 iffi]
452 4029 549 4095 quam
581 4007 749 4094 plurimis,
790 4006 969 4069 sortiuntur
1002 4004 1042 4070 de
1078 4007 1243 4071 innocenti
1275 4010 1405 4072 actione
1441 4010 1672 4076 testimonium.
1723 4012 1859 4076 istorum
1893 4012 2045 4097 quamvis
2078 4011 2111 4077 in

451 4113 602 4179 omnibus
631 4112 723 4175 iussa
751 4109 919 4195 sequenda
950 4109 1023 4188 sint,
1057 4117 1108 4173 est
1140 4115 1249 4174 tamen
1277 4113 1310 4175 in
1339 4111 1405 4174 illis
1436 4118 1469 4176 et
1502 4114 1659 4196 magistra
1692 4114 1899 4178 taciturnitas
1927 4121 1962 4178 et
1991 4115 2112 4180 emditi
2172 4129 2181 4160 ³

398 4217 557 4282 20forma
586 4215 718 4279 silentii.
763 4219 815 4278 est
844 4213 942 4276 etiam
970 4211 1134 4276 Probinus
1167 4215 1335 4298 patricius,
1370 4214 1494 4278 Placidi
1528 4217 1683 4300 germinis
1718 4217 1905 4281 examinata
1938 4218 2113 4300 claritudo,

452 4341 550 4406 quem
574 4318 776 4384 eruditorum
799 4316 941 4381 familiae
964 4338 1072 4380 mores
1095 4316 1137 4380 ad
1160 4338 1304 4403 unguem
1328 4318 1418 4382 ducti
1441 4319 1660 4398 contulerunt,
1684 4321 1739 4404 qni
1762 4318 1857 4384 etde
1880 4321 1986 4406 patris
2010 4327 2046 4387 et
2069 4323 2110 4388 de

452 4423 560 4488 soceri
582 4421 693 4486 hausit
723 4419 825 4500 fonte,
856 4419 940 4504 quod
970 4420 1109 4484 mundus
1133 4426 1193 4485 est.
1239 4429 1291 4486 est
1319 4423 1475 4506 patricius
1504 4420 1682 4506 Cethegus,
1717 4422 1787 4487 eius
1821 4422 1919 4504 filins,
1955 4423 2006 4488 vir
2033 4446 2111 4490 con-

451 4526 578 4608 sularis,
610 4524 666 4609 qui
688 4543 805 4588 canam
834 4521 1042 4609 prudentiam
1070 4525 1175 4589 minor
1201 4525 1448 4610 transgrediens
1477 4526 1546 4590 sine
1575 4526 1694 4591 aetatis
1724 4525 1925 4612 praeiudicio
1952 4526 2056 4594 habet
2079 4536 2112 4592 et

397 4633 435 4694 21
451 4634 681 4715 provectorum
713 4646 863 4712 saporem
886 4633 919 4692 et
942 4626 1043 4691 mella
1068 4627 1241 4713 pueritiae.
1286 4634 1338 4692 est
1364 4627 1501 4694 Boetius
1529 4631 1696 4715 patricius,
1729 4630 1762 4694 in
1790 4650 1854 4715 quo
1879 4631 1934 4695 vix
1962 4630 2113 4697 discernli

557 4905 571 4958 1
590 4906 693 4958 mffieet
703 4903 729 4954 Β
849 4902 867 4955 2
884 4921 975 4956 serens
992 4921 1023 4955 ec
1041 4899 1148 4956 serentis
1166 4913 1194 4953 at
1210 4903 1260 4954 m'd
1273 4903 1298 4954 Β
1418 4902 1436 4955 3
1454 4904 1588 4971 splendore
1605 4905 1705 4970 scripsi,
1727 4905 1888 4972 splendorem
1907 4905 1977 4969 libri,
1994 4906 2116 4973 splendet

451 4993 548 5046 Hor-tel
668 4989 849 5044 deonfidetB
970 4989 1126 5042 bertramus
1137 4989 1171 5052 B,
1188 4990 1321 5041 ornaueris
1340 4991 1415 5041 ceteri
1505 5007 1625 5057 regemus
1636 4989 1662 5040 Β
1748 4991 1890 5057 inperantis
1902 4990 1936 5054 B,
1953 4991 2115 5058 imperantes

450 5082 527 5134 caat
621 5077 637 5130 'l
655 5080 742 5131 uincet
753 5078 779 5129 B
874 5077 891 5130 8
909 5085 1012 5129 maneas
1023 5077 1049 5128 B
1146 5075 1176 5126 11
1194 5077 1342 5128 aretnietica
1354 5075 1380 5126 Β
1436 5073 1485 5141 mel
1503 5083 1557 5128 met
1568 5073 1610 5126 B!
1666 5077 1840 5128 adserentsse
1852 5075 1878 5126 Β
1977 5072 2011 5126 13
2028 5078 2115 5129 retho-

450 5170 505 5220 rice
515 5165 594 5220 BVL
710 5163 743 5216 14
761 5161 878 5230 crimina]
896 5164 1010 5216 carmina
1023 5162 1102 5214 sam.
1225 5158 1258 5211 ll
1277 5163 1359 5213 noetis
1377 5169 1448 5213 atum
1460 5159 1486 5211 Β
1608 5159 1640 5213 18
1658 5169 1777 5214 sarnatus
1789 5160 1814 5211 Β
1936 5159 1972 5212 22
1989 5171 2081 5215 seruet
2090 5163 2116 5214 Β

451 5251 486 5306 25
503 5253 629 5306 mais
641 5250 666 5301 Β
786 5247 821 5300 27
839 5251 967 5302 districtos
979 5249 1076 5300 Hortcl
1162 5248 1213 5298 fors
1226 5245 1327 5311 B¹VL‚
1345 5249 1397 5300 tros
1409 5245 1462 5311 Β),
1483 5263 1538 5298 sors
1553 5247 1611 5298 GPt
1698 5265 1714 5299 a
1732 5265 1781 5300 om.
1796 5246 1822 5298 Β
1943 5245 1980 5298 28
1998 5249 2079 5300 uallis
2091 5248 2117 5300 Β

451 5337 486 5392 29
509 5340 605 5407 pullico
617 5337 643 5388 Β
781 5333 816 5387 30
833 5338 925 5390 meteri
939 5333 943 5401 Ι
957 5354 974 5386 a
996 5343 1022 5388 et
1043 5335 1203 5402 principatus
1227 5333 1264 5397 (et
1281 5332 1343 5398 del.)
1357 5334 1394 5398 B,
1417 5342 1443 5386 et
1466 5341 1612 5386 constantes
1629 5360 1662 5370 -
1681 5335 1768 5386 curias
1790 5333 1874 5398 suppl.
1892 5333 1922 5383 io
1938 5349 1990 5400 nep.
2009 5334 2060 5402 ins.
2073 5333 2118 5386 13²

450 5427 591 5478 conessum
608 5422 704 5476 omer
723 5421 824 5487 (onwd
844 5422 927 5473 Haut
940 5439 969 5487 p.
981 5419 1027 5484 35)
1046 5429 1070 5473 at
1082 5420 1179 5472 Hwtcl
1310 5419 1345 5471 36
1363 5421 1486 5488 propinus
1505 5418 1532 5487 (p
1551 5437 1582 5471 ec
1599 5420 1627 5482 b)
1641 5421 1667 5471 B
1763 5421 1858 5489 placidi
1873 5419 1999 5482 aditores,¹
2021 5440 2118 5476 mea

446 5505 1101 5579 propramaoaaepmpcsitmencrac.11)
1222 5504 1420 5574 3chtsgusB
1541 5503 1575 5560 39
1598 5503 1699 5578 mum]
1722 5502 1832 5560 amm
1954 5503 2118 5583 topatius

451 5615 508 5666 rap.
520 5598 565 5648 lin.
585 5597 605 5650 ti
621 5595 647 5646 Β
717 5597 822 5650 boscio
833 5595 860 5645 B
927 5593 1050 5664 patricius
1067 5609 1123 5664 usp.
1135 5591 1219 5648 ΜΒ
