4566 6532
430 382 492 443 224
787 374 957 431 cccxxxv
976 337 1097 443 (aaran.
1116 377 1141 440 s,
1160 377 1202 444 rs)
1222 405 1255 414 -
1273 372 1471 430 cccxxxvu
1490 371 1613 442 (aaran.
1630 375 1656 437 a,
1673 373 1727 442 ao).

430 559 590 618 terrarum
613 557 707 638 parta
730 549 810 615 visit
838 549 1006 630 adfinitas,
1040 571 1101 616 uec
1134 555 1327 635 separantur
1355 548 1544 634 regionibus
1575 547 1778 634 parentellae
1811 553 1928 612 catena
1958 545 2087 612 sociati.

432 656 555 721 credite
587 655 681 735 mibi,
712 653 844 719 dileetio
873 661 990 720 sancta
1018 675 1083 718 uon
1113 653 1242 738 deperit
1268 675 1329 719 uec
1357 652 1459 717 ullum
1489 650 1614 738 patitur
1642 673 1703 737 per
1724 651 1900 716 divisiones
1929 651 2087 716 itinerum

432 767 549 826 natura
572 759 791 847 dispendium.
836 779 913 824 uam
935 778 1093 844 generum
1117 765 1262 822 vestrum
1286 763 1412 822 tautum
1436 755 1516 820 mihi
1538 755 1698 819 noveritis
1722 755 1868 819 caritatis
1891 755 2087 841 inpendere,

399 865 589 949 iquautum
612 863 653 928 ad
677 861 933 928 vicissitudinem
957 861 1048 926 nulla
1071 861 1251 926 satisfactio
1274 861 1397 925 existat
1419 859 1547 925 idonea.
1586 859 1672 945 quod
1690 865 1852 945 superest,
1876 859 2007 925 domina
2030 860 2087 941 mi,

430 969 628 1054 accipientes
651 966 784 1032 debitae
808 951 1016 1030 salutationis
1039 965 1212 1045 affectum,
1243 965 1339 1028 deum
1369 985 1501 1050 precor,
1529 969 1566 1027 ut
1595 962 1627 1026 iu
1651 963 1737 1027 bono
1761 969 1894 1028 mutuae
1917 963 2088 1028 felicitatis

429 1069 562 1135 videndi
591 1092 649 1136 vos
680 1069 885 1136 occasionem
920 1069 1069 1134 conferre
1103 1068 1270 1154 dignetur,
1307 1075 1469 1154 quatenus
1503 1068 1563 1133 sub
1595 1066 1859 1133 confabulatione
1890 1068 2001 1132 votiva
2032 1069 2090 1154 pia

429 1172 594 1240 desideria
617 1174 842 1239 subleventur.

1002 1394 1238 1464 cmxxxvl
1264 1397 1373 1483 (sarar.
1394 1400 1424 1477 6,
1450 1397 1513 1482 ta).

1021 1591 1259 1666 ENNODIVS
1296 1589 1498 1665 FAVSTO.

403 1759 416 1819 Ῑ
546 1743 588 1834 Ρ
589 1776 738 1856 estquam
768 1769 941 1835 desideriis
969 1769 1051 1833 meis
1079 1767 1211 1832 videndi
1243 1788 1300 1832 vos
1330 1766 1470 1830 facultas
1499 1766 1613 1852 elapsa
1641 1774 1705 1842 est,
1737 1768 1856 1833 iterum
1884 1768 1925 1833 ad
1957 1768 2088 1834 litteras

432 1894 525 1939 mens
548 1875 697 1939 revertit:
728 1875 856 1960 cogitur
884 1872 1068 1938 abiuratum
1091 1893 1228 1958 poscere
1251 1872 1404 1956 paginale
1428 1870 1610 1935 subsidium
1635 1876 1668 1936 et
1690 1872 1872 1936 institutam
1895 1873 2088 1937 melioribus
2145 1904 2171 1942 rc

433 1977 537 2063 copiis
561 1978 701 2042 animam
725 1978 818 2063 quasi
841 1977 966 2042 vilioris
996 1976 1060 2041 cibi
1087 1976 1177 2041 alere
1205 1984 1261 2040 aut
1285 1982 1473 2040 sustentare
1497 1975 1693 2040 conmercio.
1739 1996 1757 2039 o
1781 1996 1880 2061 quam
1902 1996 2002 2060 grave
2027 1983 2089 2054 est,

433 2081 582 2166 quotiens
601 2081 700 2146 variis
717 2079 972 2146 necessitatibus
996 2080 1232 2164 obsequentem
1255 2079 1394 2163 fugitiva
1410 2078 1546 2143 libertas
1568 2077 1610 2142 ad
1631 2098 1714 2142 nova
1730 2078 1878 2143 instituta
1893 2077 2089 2144 transducit!

435 2204 519 2268 quae
550 2183 631 2249 dura
661 2190 737 2249 sunt
770 2184 1014 2248 continuatione
1046 2183 1253 2267 franguntur:
1287 2183 1422 2246 multum
1454 2181 1495 2247 dc
1524 2182 1686 2267 gravitate
1716 2182 1825 2247 oneris
1856 2203 1934 2248 usus
1964 2182 2090 2247 incidit.

437 2287 557 2352 flebilis
588 2288 735 2353 condicio
767 2286 808 2351 ad
838 2293 966 2372 optata,
997 2307 1081 2372 quae
1113 2308 1179 2351 non
1203 2292 1278 2350 sunt
1301 2306 1470 2366 mansura,
1496 2279 1661 2371 perducit.
1708 2287 1810 2352 levior
1833 2307 1902 2350 sors
1925 2293 1977 2351 est
2001 2287 2088 2351 curis

433 2390 565 2474 iugibus
583 2391 743 2476 occupati.
778 2390 840 2454 boc
858 2411 930 2454 sum
946 2389 1106 2454 infelicior
1122 2395 1331 2476 peecatorum
1354 2389 1455 2466 fasec,
1479 2388 1565 2473 quod
1588 2388 1629 2453 de
1652 2389 1811 2454 bonarum
1836 2410 1945 2454 rerum
1969 2409 2089 2475 sapore
2147 2419 2172 2456 rs

400 2494 572 2580 2gustavi.
607 2494 866 2610 sedes.
900 2492 962 2557 deo
978 2492 1193 2578 relinquenda
1209 2499 1294 2573 sunt,
1318 2513 1402 2577 quae
1421 2491 1564 2557 humano
1584 2493 1763 2558 remedium
1789 2493 1938 2558 nesciunt
1960 2492 2087 2558 habere

434 2599 578 2664 consilio.
623 2597 716 2663 vobis
745 2598 874 2662 interim
905 2597 1122 2661 reverentiam
1156 2596 1365 2661 salutationis
1395 2596 1577 2682 inpendens
1600 2596 1724 2663 reditus
1746 2598 1810 2662 mei
1834 2597 1944 2662 facere
1968 2597 2092 2662 iudicia

434 2724 498 2767 nou
524 2702 630 2782 omisi,
655 2703 789 2788 cupiens
812 2701 882 2787 pari
906 2701 1089 2787 scriptionis
1112 2707 1242 2766 vestrae
1265 2700 1429 2766 hilaritate
1454 2701 1608 2765 relevari.

1001 3008 1259 3078 ccuxxvll
1282 3011 1392 3098 (aaran.
1409 3015 1439 3093 6,
1457 3012 1524 3098 20).

1027 3205 1268 3280 ENNODIVS
1296 3206 1497 3282 FAVSTO.

407 3365 419 3424 ¹
539 3349 722 3463 ignoratur
743 3379 902 3476 bonorum
927 3402 1023 3466 sapor
1046 3381 1078 3444 in
1103 3381 1285 3466 prosperis:
1316 3381 1371 3445 vix
1398 3380 1580 3446 dinoscitur
1604 3383 1735 3468 superni
1760 3384 1900 3469 qualitas
1924 3384 2092 3466 beneficii,
2148 3405 2175 3445 ao

435 3481 511 3546 dum
540 3487 686 3556 tenesne
717 3490 793 3568 post
819 3483 1050 3569 migrationem
1081 3485 1191 3570 cupita
1219 3484 1425 3550 dulcescunt.
1470 3485 1627 3550 desiderii
1650 3487 1757 3570 pretia
1779 3488 1812 3552 in
1837 3487 1988 3553 manibus
2012 3510 2094 3552 con-

393 3591 394 3594 ’
434 3584 548 3649 stituta
569 3585 746 3650 nescimus.
791 3606 869 3650 vere
897 3587 1019 3665 fateor,
1050 3585 1205 3672 quamdiu
1228 3585 1388 3652 Ravenna
1412 3607 1470 3652 vos
1494 3587 1623 3668 habuit,
1657 3589 1825 3654 sinistrum
1848 3611 1942 3656 omen
1966 3591 2096 3656 credidi

435 3687 578 3772 cogitare
602 3709 687 3772 quas
710 3688 833 3775 patior,
865 3710 926 3754 uec
948 3691 1034 3755 iuter
1056 3710 1110 3754 res
1134 3689 1292 3754 secundas
1316 3691 1410 3775 quasi
1434 3692 1596 3777 malignus
1619 3693 1772 3779 propriae
1795 3693 1961 3759 felicitatis
1982 3695 2088 3760 intar-

434 3813 520 3878 pres,
543 3812 628 3876 quae
651 3813 710 3877 per
732 3791 915 3858 absentiam
932 3798 1076 3857 vestram
1101 3793 1233 3858 evenire
1256 3798 1417 3879 poterant,
1442 3795 1616 3881 suspiravi.
1651 3818 1717 3861 nou
1741 3795 1839 3862 debui
1863 3799 1980 3863 merita
2004 3820 2091 3880 mea,

436 3895 463 3960 si
486 3895 528 3960 ab
552 3895 682 3960 homine
705 3917 770 3960 non
793 3916 980 3980 separarer,
1012 3917 1191 3981 agnoscere
1214 3917 1275 3961 nee
1297 3897 1492 3982 intellegere
1514 3899 1688 3984 fugitivum
1712 3921 1804 3980 esse,
1838 3903 1925 3986 quod
1949 3904 2092 3968 sectanti
2146 3921 2173 3960 aa

404 4004 574 4086 2peocata
607 3999 781 4065 blanditur.
843 3998 902 4062 sed
935 3999 1013 4084 quid
1048 4000 1233 4086 epistolaris
1269 4001 1475 4066 concinnatio
1511 4003 1694 4088 castigatae
1730 4006 1904 4070 terminum
1938 4004 2094 4072 dictionis

436 4101 582 4169 excedit!
623 4104 708 4168 ferat
737 4104 788 4168 his
816 4101 914 4168 rebus
943 4103 1134 4182 medellam,
1167 4105 1260 4169 cuius
1289 4105 1425 4191 imperio
1450 4106 1602 4172 universa
1625 4107 1833 4172 famulantur.
1880 4131 1941 4194 ego
1966 4117 2090 4191 tamen,

437 4212 571 4293 propter
594 4205 680 4293 quod
703 4206 888 4271 adtributae
912 4213 987 4272 sunt
1008 4207 1166 4294 paginae,
1197 4207 1290 4272 valeo
1319 4207 1505 4273 substantia
1535 4209 1695 4296 corporali
1725 4215 1758 4275 et
1787 4232 1846 4296 per
1874 4211 1958 4278 haec
1981 4213 2095 4278 munia

437 4310 497 4376 sub
521 4309 576 4375 dei
605 4331 682 4397 ops,
716 4317 752 4374 ut
782 4311 984 4397 prosperitas
1008 4319 1117 4377 vestra
1140 4311 1324 4391 nuntietur,
1357 4317 1508 4398 expecto.
1555 4313 1695 4398 accipite
1720 4335 1799 4398 ergo
1824 4314 1983 4401 obsequia
2005 4338 2091 4396 mee,

437 4421 471 4479 ct
493 4414 519 4477 si
542 4411 618 4498 quid
642 4413 728 4478 inter
750 4414 843 4496 haec,
867 4436 952 4501 quac
975 4437 1102 4480 mecum
1123 4415 1193 4500 geri
1211 4413 1380 4498 didicistis,
1405 4423 1543 4482 eventus
1566 4415 1685 4482 dexter
1707 4417 1874 4499 adtulerit,
1898 4419 1967 4485 sine
1992 4419 2092 4486 dissi·
2148 4437 2175 4475 ³⁰

437 4517 627 4583 mulationis
649 4519 819 4584 obstaculo
842 4520 1002 4586 nuntiate.

542 4793 558 4847 1
575 4796 694 4848 adfinitas
712 4795 754 4860 (ad
772 4796 800 4866 ia
813 4795 860 4861 tu.)
873 4795 906 4860 B,
927 4796 1040 4847 affinitas
1059 4794 1081 4844 V
1165 4796 1315 4862 parentillae
1327 4796 1361 4860 B,
1384 4797 1531 4864 parentelae
1547 4796 1572 4846 V
1693 4797 1710 4848 ‘2
1728 4796 1835 4866 deperit]
1855 4799 1959 4852 deberet
1971 4798 2005 4862 B,
2028 4801 2096 4866 perit

437 4884 503 4950 (cup.
517 4883 561 4933 lira
581 4881 623 4942 del
641 4881 665 4932 V
747 4883 887 4935 diuisionss
899 4882 1004 4947 Harrei,
1021 4882 1155 4934 diuisionis
1173 4883 1233 4934 libri
1317 4883 1443 4936 itenerum
1456 4882 1517 4947 BV,
1534 4884 1627 4936 itinera
1639 4884 1718 4936 Siras.
1840 4882 1857 4936 4
1876 4882 1921 4952 mi]
1939 4885 2003 4936 mibi
2016 4883 2097 4938 BVL

437 4969 454 5022 5
470 4971 621 5038 accipientis
633 4969 710 5020 BVL
778 4968 933 5020 fslicicitatis
946 4967 970 5018 B

542 5069 740 5140 [CCLXXXVI]
770 5071 803 5124 10
820 5072 984 5124 reuertiturb
1084 5069 1115 5122 11
1133 5073 1216 5138 cupiis
1228 5072 1253 5124 B
1351 5071 1384 5124 lb
1402 5074 1528 5126 bonarum
1546 5071 1571 5138 (a
1582 5091 1613 5125 ac
1625 5072 1650 5139 ο)
1663 5073 1688 5125 Β
1786 5071 1818 5125 17
1835 5071 1948 5144 iuterim]
1961 5077 2058 5128 iterum
2070 5077 2098 5128 B

438 5158 471 5211 18
488 5160 633 5212 scribtionis
646 5159 671 5210 B

542 5261 750 5331 [CCLXXXVII]
775 5261 811 5314 ‘20
828 5261 1013 5329 dignosciturb
1109 5257 1143 5311 24
1161 5267 1281 5327 potarunt
1298 5261 1394 5312 canale
1488 5259 1522 5312 27
1540 5262 1683 5316 excedctB
1744 5264 1910 5317 medelamV
2001 5263 2038 5316 29
2056 5263 2098 5333 ut]

436 5347 524 5414 atB1,
545 5348 649 5402 acht
718 5357 839 5419 exspecto
855 5348 890 5398 V·
979 5345 1014 5398 30
1031 5347 1198 5401 dedicistisB
1266 5347 1421 5402 attudcritl'
