4596 6450
433 324 496 385 ιιι
1088 313 1221 369 consur
1240 311 1374 382 (opusc.
1394 313 1428 374 1).

433 491 548 557 credas
584 509 683 578 posse
717 487 889 570 diligentia
922 507 1019 572 quam
1052 487 1179 552 timore.
1235 485 1434 550 excellentia
1467 483 1553 548 bona
1587 489 1662 548 sunt
1696 485 1820 568 gloriae
1854 491 1930 549 tuae
1963 486 2091 549 inserta

432 594 668 670 monumentis,
697 598 734 655 ut
763 611 836 654 cum
864 596 897 656 te
921 611 1016 675 reges
1040 597 1200 668 metuant,
1234 595 1345 654 ament
1366 587 1489 653 famuli.
1534 607 1610 650 nam
1633 607 1856 673 quaecumque
1879 588 1939 653 tibi
1964 587 2090 651 irretitis

434 697 655 763 subiectorum
680 693 801 758 viribus
825 692 894 757 dari
918 695 1072 778 imperas,
1096 692 1202 758 credis
1225 713 1323 779 posse
1346 691 1515 776 denegari.
1561 713 1579 755 o
1604 683 1716 776 regem
1742 692 1828 755 omni
1852 691 2090 777 tranquillitate

436 799 653 886 conpositum,
676 798 730 882 qui
753 797 920 862 devotioni
944 802 1077 861 nostrae
1100 797 1240 882 imputat
1262 795 1348 881 quod
1371 793 1580 881 inpendimus
1604 794 1766 859 servituti!

380 905 420 966 72
540 893 615 966 XV.
650 900 735 975 Quid
749 899 850 986 qnod!
881 908 948 965 ate
962 899 1177 964 Alamanniae
1194 899 1393 984 generalitas
1409 898 1620 963 intraltaliae
1637 899 1792 964 terminos
1805 899 1875 963 sine
1890 898 2089 964 detrimento
2158 918 2171 955 ι

431 1007 600 1072 Romanae
616 1005 836 1092 possessionis
853 1005 980 1068 inclusa
995 1010 1056 1080 est,
1080 1003 1132 1067 cui
1148 1003 1258 1068 evenit
1273 1001 1397 1066 habere
1413 1022 1535 1086 regem,
1558 1007 1731 1087 postquam
1752 1003 1870 1067 meruit
1891 1002 2089 1089 perdidisse.

432 1111 522 1175 facta
544 1116 596 1174 est
618 1107 759 1173 Latiaris
782 1114 893 1172 custos
917 1107 1046 1193 imperii
1071 1127 1201 1192 semper
1221 1111 1408 1170 nostrorum
1430 1105 1643 1191 populatione
1666 1111 1833 1190 grassata,
1865 1105 1917 1170 cui
1945 1105 2091 1170 feliciter
2104 1131 2126 1174 n·
2142 1123 2185 1163 ara

381 1213 421 1275 73
433 1214 534 1278 cessit
561 1213 687 1297 fugisse
715 1212 854 1297 patriam
881 1231 988 1275 suam:
1021 1231 1096 1274 nam
1127 1210 1175 1274 sio
1202 1209 1323 1294 adepta
1351 1215 1402 1274 est
1431 1209 1493 1273 soli
1519 1209 1622 1272 nostri
1646 1209 1855 1294 opulentiam.
1900 1207 2091 1294 adquisistis

433 1337 516 1403 quae
539 1315 668 1380 noverit
690 1315 856 1399 ligonibus
879 1314 978 1379 tellus
1001 1313 1226 1399 adquiescere,
1250 1313 1398 1404 quamvis
1421 1334 1481 1377 nos
1505 1309 1678 1398 contigerit
1701 1312 1819 1378 damna
1842 1314 1979 1377 nescire.
2026 1311 2089 1376 sub

432 1426 466 1484 tc
499 1418 640 1484 vidimus
674 1425 812 1483 eventus
850 1417 990 1503 optimos
1025 1416 1065 1481 de
1103 1416 1301 1481 adversitate
1341 1417 1492 1501 generari
1526 1423 1560 1480 et
1592 1416 1663 1481 fieri
1700 1417 1916 1481 secundorum
1950 1422 2089 1480 matrem

433 1521 638 1587 occasionem
668 1520 816 1606 periculi.
860 1521 947 1584 ulvis
976 1519 1116 1584 liberata
1143 1519 1328 1604 gratulatur
1357 1525 1477 1584 terram
1506 1519 1667 1601 incolens,
1700 1540 1784 1604 qnae
1815 1520 1973 1585 haetenus
1996 1520 2090 1584 dehi-

432 1624 601 1690 scentibus
625 1624 799 1689 domiciliis
822 1623 983 1688 solidioris
1008 1624 1102 1688 caeni
1125 1621 1317 1708 emergebat
1339 1622 1510 1689 beneficio.

279 1727 435 1822 ,sont-„lgm
542 1727 636 1792 XVI.
671 1727 735 1792 Par
756 1726 819 1792 fuit
841 1728 955 1807 eham,
982 1732 1018 1790 ιιι
1041 1726 1262 1811 eloquentiam
1284 1725 1390 1790 laudis
1413 1726 1569 1811 praemiis
1592 1727 1760 1805 incitares,
1789 1748 1830 1792 ne
1854 1727 1992 1792 adoreas
2015 1731 2090 1790 tuas

380 1835 421 1896 74
431 1831 562 1896 silentio
575 1830 800 1916 perderemus.
834 1831 997 1894 nullarum
1009 1828 1128 1894 artium
1145 1835 1255 1894 cessat
1270 1828 1444 1894 industria:
1468 1829 1585 1893 sollers
1600 1828 1795 1914 ubicumque
1811 1831 1893 1896 latet
1908 1830 2090 1915 inquiritur.

433 1935 669 2019 magistratum,
693 1934 824 1998 etiamsi
847 1935 945 2018 longe
969 1933 1130 2018 deguerit,
1161 1933 1265 2018 exigit
1288 1932 1343 2018 qui
1365 1938 1519 1998 meretur.
1561 1953 1737 2018 numquam
1760 1933 1971 1999 absconditur
1991 1954 2090 2019 quem

382 2041 421 2102 75
434 2038 616 2124 prodiderit
637 2037 841 2118 innocentia,
866 2036 957 2116 dum,
982 2036 1112 2101 subtilis
1135 2035 1267 2118 arbiter,
1296 2056 1361 2101 non
1385 2037 1525 2122 placaris
1548 2057 1627 2102 voce
1652 2035 1711 2103 sed
1734 2037 1872 2102 actibus.
1916 2044 2091 2123 parentum

432 2147 617 2206 nostrorum
640 2139 695 2225 qui
719 2140 945 2206 occubuerunt
968 2139 1055 2226 apud
1078 2147 1111 2205 te
1135 2140 1220 2206 bene
1245 2145 1320 2205 acta
1335 2148 1521 2206 servantur:
1546 2141 1640 2206 onius
1656 2141 1897 2206 mansuetudini
1914 2147 1991 2206 tuae
2007 2140 2090 2206 fides

432 2229 640 2326 innotuerit,
659 2243 853 2309 hereditatis
881 2244 951 2307 iure
976 2241 1062 2328 quod
1085 2244 1211 2308 auctori
1233 2243 1397 2309 debueras
1422 2245 1530 2310 suboli
1551 2266 1629 2309 mox
1651 2244 1817 2310 refundes.
1862 2243 2024 2309 habemus
2049 2244 2090 2309 de

433 2347 592 2411 maiorum
621 2346 788 2433 obsequiis
817 2346 976 2426 fructum,
1007 2352 1041 2410 et
1068 2353 1178 2412 tamen
1207 2346 1248 2411 de
1280 2348 1473 2412 excessibus
1503 2348 1662 2435 supplicia
1684 2369 1750 2413 non
1773 2347 1933 2414 timemus.
1979 2348 2091 2412 finitur

432 2449 613 2534 indignatio
641 2450 811 2515 moderata
839 2469 913 2514 cum
943 2449 1086 2530 homine,
1120 2471 1193 2516 cum
1221 2456 1356 2537 propter
1378 2450 1626 2516 retributionem
1649 2457 1786 2537 quaerat
1807 2457 1863 2515 tua
1885 2453 1991 2537 pietas
2015 2472 2090 2515 suc·

381 2556 611 2618 lbeessorem.
640 2591 682 2600 -
713 2553 851 2618 Restant
882 2551 989 2616 adhuc
1018 2555 1122 2617 multa
1149 2574 1232 2638 qnae
1266 2552 1426 2630 dicerem,
1461 2554 1519 2618 sed
1547 2554 1632 2618 inter
1660 2555 1771 2640 plures
1800 2561 1931 2619 actuum
1961 2561 2092 2620 tuorum

305 2656 402 2752 ,¹833
436 2675 617 2741 praecones
648 2657 801 2720 convenit
833 2655 1004 2720 inlibatum
1036 2656 1158 2741 aliquid
1188 2657 1362 2721 reservari.
1407 2654 1530 2722 debent
1558 2657 1618 2722 tibi
1647 2657 1835 2723 veneranda
1865 2658 1973 2723 studia
2003 2658 2093 2744 quod

434 2759 620 2843 loquuntur.
666 2765 858 2824 amaverunt
880 2780 1109 2845 praecessores
1137 2761 1183 2823 tui
1212 2760 1387 2838 inscitiam,
1419 2760 1494 2845 quia
1521 2781 1696 2846 numquam
1720 2760 1883 2826 laudanda
1905 2768 2091 2846 gesserunt.

432 2862 587 2928 sordebat
608 2864 695 2928 inter
717 2868 825 2927 aratra
847 2863 1100 2928 facundissimus
1117 2871 1160 2944 ct,
1184 2863 1270 2949 qnod
1287 2864 1407 2949 peritia
1422 2863 1569 2946 dederat,
1593 2865 1641 2928 vis
1663 2864 1817 2950 negabat.
1856 2872 1946 2928 muto
1962 2885 2091 2928 maere·
2106 2892 2128 2934 n·
2142 2887 2181 2926 ιιι

381 2968 420 3028 77
434 2965 515 3030 bant
547 2971 658 3030 actore
697 2965 873 3031 tribunalia
912 2987 972 3030 nec
1006 2966 1074 3030 ulla
1106 2965 1348 3057 concedebatur
1381 2967 1490 3052 palma
1523 2965 1654 3030 dicenti.
1706 2967 1739 3031 in
1773 2987 1849 3031 casu
1883 2967 2091 3052 negotiorum
2145 2993 2172 3030 ss

433 3068 572 3133 nutabat
601 3073 753 3146 eventus,
791 3068 919 3153 qnando
947 3069 1065 3134 litteris
1094 3069 1210 3154 genius
1241 3090 1307 3133 non
1336 3067 1486 3133 dabatur.
1537 3090 1620 3133 unus
1649 3068 1770 3155 ubique
1799 3069 1931 3154 ingenia
1962 3089 2092 3132 maeror

434 3178 658 3258 oppresserat,
697 3172 774 3257 quia
807 3170 1000 3236 adterebant
1038 3172 1105 3236 otia
1140 3171 1361 3257 eloquentium
1395 3172 1586 3246 facultates;
1621 3171 1774 3258 pompam
1805 3173 1968 3236 seniorum
2005 3171 2093 3236 edax

433 3275 645 3361 neglegentia
678 3275 868 3360 possidebat
901 3297 962 3340 neo
996 3275 1238 3340 accendebatur
1277 3277 1340 3340 tiro
1375 3275 1596 3340 aemulatione
1630 3275 1794 3340 sectanda.
1853 3275 1928 3340 vide
1963 3275 2093 3339 divitias

435 3379 559 3443 sacculi
581 3379 646 3442 tui:
669 3386 747 3443 tnnc
770 3379 827 3443 vix
850 3379 921 3442 fora
944 3377 1089 3444 habuere
1114 3378 1288 3466 perfectos,
1311 3401 1398 3444 nunc
1421 3379 1563 3444 ecclesia
1585 3378 1693 3464 dirigit
1715 3378 1928 3444 laudatorem.

381 3485 421 3546 78
542 3481 652 3547 XVII.
685 3481 749 3548 Eat
768 3489 903 3546 nuncet
921 3483 1101 3547 coturnatis
1117 3483 1330 3548 relationibus
1346 3481 1572 3547 Alexandrum
1587 3484 1689 3547 iactet
1703 3483 1890 3568 antiquitas,
1914 3483 1965 3546 cui
1983 3482 2091 3546 famae

305 3569 402 3665 ,Silla
435 3585 635 3671 opulentiam
666 3586 796 3670 peperit
824 3583 882 3648 dos
912 3585 1132 3671 loquentium,
1167 3591 1203 3649 ut
1231 3607 1290 3672 per
1319 3585 1511 3650 adiutricem
1543 3585 1730 3650 facundiam
1759 3584 1908 3650 videatur
1939 3605 2091 3649 cresccre

434 3689 532 3754 rebus
556 3688 707 3753 mendica
729 3687 883 3754 laudatio.
920 3689 1008 3774 regis
1031 3689 1134 3752 nostri
1155 3690 1273 3753 merita
1295 3690 1451 3754 solacium
1474 3711 1539 3754 non
1555 3690 1725 3776 postulant
1741 3687 1940 3754 adserentis:
1965 3689 2092 3753 minora

435 3798 511 3857 sunt
534 3793 606 3856 eius
620 3793 708 3856 veris
730 3791 868 3870 actibus,
892 3792 1037 3876 quamvis
1054 3796 1152 3856 aucta
1168 3793 1233 3856 sint
1248 3800 1395 3858 veterum
1411 3801 1507 3880 gesta
1522 3792 1710 3858 mendaciis.
1749 3792 1938 3872 simulastis,
1960 3799 2091 3878 poetae,

384 3900 423 3961 79
437 3895 584 3981 grandia,
608 3894 666 3959 sed
689 3895 786 3960 fateri
802 3915 861 3958 vos
886 3895 1038 3960 convenit
1060 3902 1270 3982 praesentem
1293 3895 1460 3962 dominnm
1484 3897 1629 3982 gessisse
1653 3896 1789 3982 potiora.
1827 3895 1960 3960 Pellens
1977 3896 2093 3960 ductor

432 3999 680 4084 praeconiorum
709 4018 842 4062 suornm
875 4018 1034 4062 summam
1059 3996 1203 4062 Choerili
1226 4001 1329 4063 voluit
1359 4007 1508 4066 constare
1538 3999 1715 4081 beneficio,
1747 4019 1789 4064 ne
1818 3997 1953 4063 fallendi
1976 4005 2089 4062 uotum
2160 4055 2164 4064 .

433 4100 607 4166 multitudo
631 4099 895 4187 deprehenderet
918 4107 952 4166 et
973 4101 1069 4166 fieret
1091 4101 1185 4165 testis
1207 4101 1430 4187 inpudentiae,
1455 4104 1509 4188 qui
1528 4101 1773 4169 adsciscebatur
1789 4101 1821 4166 in
1838 4102 2091 4188 adstipulatione

434 4204 600 4269 victoriae.
646 4204 725 4268 nihil
749 4203 887 4269 detraho
912 4204 1113 4284 senioribus,
1136 4227 1217 4291 quos
1240 4207 1434 4292 praecipuos
1459 4206 1629 4273 habuisset
1652 4207 1842 4291 antiquitas,
1865 4207 1928 4295 pisi
1951 4205 2093 4270 Romani

381 4313 421 4373 80
434 4307 574 4371 nominis
611 4307 733 4372 erectio
763 4315 796 4372 te
829 4305 984 4372 dedisset.
1033 4308 1124 4372 illum
1152 4329 1251 4374 verae
1282 4309 1451 4394 religionis
1482 4312 1631 4396 ignarum
1664 4310 1806 4375 obtinuit
1835 4310 1952 4373 erroris
1985 4316 2093 4375 mater

436 4439 569 4446 ---.--—-
782 4439 847 4445 -..—

536 4511 554 4564 2
571 4522 657 4564 ament
675 4513 764 4564 famuli
776 4512 810 4578 B,
833 4515 923 4566 famuli
940 4522 1028 4566 amant
1045 4517 1120 4568 ceteri
1241 4514 1258 4568 3
1276 4518 1364 4570 credes
1376 4517 1410 4582 B,
1433 4515 1495 4571 cred
1512 4517 1565 4583 Vn,
1585 4519 1666 4571 crodit
1677 4517 1789 4570 MUFD
1909 4516 2054 4586 iimperat
2066 4519 2092 4569 Β

434 4596 552 4652 leuatus
565 4598 590 4650 B
641 4607 754 4652 crassata
766 4599 863 4652 codices
952 4600 1111 4668 Sadqnisita
1128 4609 1166 4654 ast
1179 4603 1211 4654 iis
1217 4621 1239 4669 p
1326 4602 1402 4655 dnos
1414 4603 1448 4668 B,
1465 4622 1517 4656 non
1529 4606 1605 4657 atari
1656 4605 1765 4672 dampna
1782 4605 1806 4656 V
1888 4603 2045 4658 rueramus
2057 4605 2092 4670 B,

433 4687 552 4738 uidemus
569 4685 653 4749 missi,
668 4695 735 4738 recte
746 4689 808 4753 fort.
880 4688 991 4754 optimus
1003 4687 1028 4737 Β
1134 4687 1164 4738 ll
1183 4689 1318 4741 liberatam
1336 4689 1425 4756 Fartip
1493 4689 1597 4759 terram]
1614 4699 1708 4744 treram
1720 4691 1746 4742 B
1815 4689 1948 4758 hactenus]
1968 4693 2091 4744 tlsrctibns

434 4773 522 4838 Fartiq
656 4770 689 4822 12
709 4774 836 4826 solidioris
859 4776 933 4826 coeni
956 4776 1102 4842 emergebat
1115 4775 1213 4840 Sabou,
1236 4776 1479 4830 solidiorischoniem
1503 4779 1528 4842 (e
1544 4779 1573 4830 ia
1591 4778 1627 4830 lit.
1644 4777 1679 4844 V)
1701 4779 1831 4845 mergebat
1844 4777 1943 4844 BVLd,
1965 4779 2092 4830 solidioris

433 4859 555 4910 siccinem
574 4855 672 4924 (sicima
689 4857 724 4924 T)
748 4861 881 4927 mergebat
898 4861 980 4924 TUF,
1002 4862 1103 4912 sarcina
1120 4862 1245 4914 solidioris
1264 4865 1396 4930 mergebat
1409 4863 1443 4928 D,
1466 4865 1592 4918 solidioris
1608 4866 1713 4918 schoeni
1731 4867 1878 4933 emergebat
1894 4865 1998 4930 Μαιιεο,
2022 4867 2092 4932 quod

432 4946 486 5012 ipsa
504 4953 597 5012 postea
613 4946 707 5010 reiecit,
729 4946 817 5014 Fertiq
835 4955 858 4998 at
876 4946 972 4999 Hartcl
990 4948 1165 5013 probauerunt
1287 4947 1321 5000 14
1341 4951 1498 5018 perderimns
1514 4951 1539 5001 B
1625 4951 1683 5003 latit
1698 4951 1724 5001 B
1845 4950 1879 5003 15
1902 4954 1982 5018 exigit
1999 4953 2092 5018 scripsi

433 5048 490 5082 cum
508 5031 600 5095 Hert,
624 5033 711 5098 exiget
733 5033 793 5083 libri
934 5031 966 5083 16
988 5034 1091 5100 suptilis
1106 5033 1132 5083 Β
1235 5035 1351 5103 placares
1367 5036 1393 5088 Β
1495 5039 1617 5090 ιιοιίιιιιιι
1635 5038 1661 5088 Β
1800 5035 1833 5088 17
1851 5039 2048 5090 mansuetudine
2066 5037 2092 5088 B

435 5115 468 5168 18
490 5118 611 5169 debueris
630 5117 670 5168 Bb
775 5119 858 5171 soboli
883 5117 908 5169 V
1006 5119 1156 5186 refundisp
1178 5121 1247 5186 quod
1268 5123 1358 5173 malim
1496 5119 1528 5173 21
1553 5124 1658 5176 dicerint
1675 5122 1701 5174 Β
1837 5121 1873 5174 22
1899 5125 1993 5176 debent
2014 5125 2049 5177 ibi
2066 5123 2093 5174 Β

433 5199 468 5254 23
489 5204 611 5256 locuntur
627 5202 653 5254 V
667 5203 701 5269 (et
719 5203 816 5271 Symm.
835 5206 852 5255 l.
866 5203 899 5268 c.)
961 5202 1143 5272 praecessores]
1162 5222 1265 5272 praeces
1283 5225 1382 5260 sorores
1394 5207 1420 5258 B
1479 5209 1633 5261 laudandam
1644 5209 1670 5260 Β
1773 5208 1808 5260 24
1825 5218 1881 5262 atra
1893 5227 1948 5276 usp.
1962 5211 2008 5261 lin.
2027 5227 2055 5262 ra
2072 5209 2098 5260 V

433 5286 468 5338 25
490 5299 594 5342 auctore
614 5288 653 5340 T?
676 5299 699 5342 st
722 5290 801 5342 Sirra.
910 5291 1092 5342 concidebatur
1110 5291 1136 5342 Β
1242 5309 1330 5345 casum
1348 5293 1372 5343 J.
1389 5301 1412 5345 et
1430 5279 1508 5345 Sir-m.
1534 5295 1578 5360 (cf.
1595 5313 1621 5361 p.
1634 5297 1690 5358 231,
1707 5295 1752 5360 25)
1897 5295 1931 5347 26
1955 5297 2047 5363 gennis
2068 5297 2094 5347 B

433 5371 467 5424 27
485 5375 666 5427 atterebantV
793 5372 828 5426 28
844 5378 1002 5444 negligentia
1015 5377 1040 5427 Β
1135 5376 1192 5444 ιιοιι]
1212 5396 1244 5430 ne
1260 5380 1285 5429 Β
1415 5377 1449 5430 29
1467 5382 1595 5448 perfectus
1607 5381 1632 5431 Β
1728 5382 1835 5434 ccclesia
1852 5379 1920 5448 Tfp,
1937 5383 2046 5434 eclesias
2059 5381 2093 5446 B,

434 5461 557 5514 ecclosias
574 5463 650 5514 ceteri
787 5461 820 5516 31
839 5465 991 5530 loquentum
1002 5466 1026 5528 b,
1043 5466 1241 5532 eloquentnmp
1379 5463 1414 5516 32
1431 5467 1569 5517 asserentis
1585 5466 1610 5516 V
1743 5466 1778 5519 33
1796 5476 1872 5520 ancta
1884 5470 1907 5531 h,
1925 5477 1981 5520 acta
1992 5459 2093 5520 codices

433 5553 495 5597 sunt
510 5545 556 5596 Vn
637 5549 781 5624 simulantes
793 5550 818 5599 Β
933 5549 966 5600 34
984 5550 1077 5616 pallius
1094 5551 1192 5601 rodmar
1307 5550 1342 5602 35
1359 5551 1472 5602 Choerili
1478 5570 1509 5618 p,
1531 5553 1615 5618 cyrilli
1633 5555 1731 5604 codices
1847 5553 1879 5605 37
1900 5557 2054 5622 praecipuus
2067 5557 2094 5608 B

433 5629 468 5683 38
486 5633 603 5684 obtenuit
614 5633 640 5683 B
