4612 6442
741 406 761 461 Ι.
789 405 836 460 DE
857 404 943 461 VITA
962 404 1008 460 ET
1027 404 1189 461 SORIP'I'IS
1207 405 1357 462 1111110111.
1856 405 1880 460 V

225 580 401 646 contulisse.
438 589 513 645 1333
536 580 597 661 1113,
619 580 672 666 331
696 580 797 645 simile
811 579 930 666 aliquid
946 589 1077 666 optaret,
1098 590 1238 668 tempore
1253 581 1394 648 invento:
1416 604 1479 647 non
1494 603 1601 660 unum,
1623 581 1734 669 inquit,
1757 580 1882 647 domine

225 687 381 772 Auguste,
409 684 465 749 sed
486 684 632 770 primum.
677 706 800 750 summo
822 683 960 769 fragore,
990 693 1025 748 ut
1047 707 1104 749 333
1125 686 1263 771 Augusti
1286 686 1459 751 reverentia
1480 685 1659 765 obsisteret,
1685 695 1814 772 excepta
1835 694 1884 750 est

225 789 394 855 sententia‘.
418 829 459 838 -·
482 789 564 854 idem
588 790 706 856 dictum
726 790 893 856 Ennodius
916 791 949 854 in
963 791 1123 856 Avienum
1145 789 1395 856 accommodavit
1415 815 1446 878 p.
1463 792 1512 867 13,
1525 792 1580 858 36:
1603 791 1729 870 ,Avieni
1743 790 1803 855 mei
1819 813 1882 855 non

224 917 304 958 unus
331 892 387 958 sed
414 894 533 979 primus
562 903 612 959 est
637 895 836 960 consulatus‘.
887 894 961 959 huic
990 895 1157 960 imitationi
1185 894 1256 961 ideo
1285 895 1357 983 plus
1384 895 1502 974 tribuo,
1536 893 1621 981 quod
1649 895 1701 960 hic
1726 916 1807 958 unus
1836 902 1882 958 331

224 997 324 1078 locus,
346 1020 438 1083 quem
461 997 628 1064 Ennodius
650 1022 689 1064 ex
712 999 855 1087 epistulis
879 997 991 1064 Sidoni
1013 1008 1173 1066 mutuatus
1196 1009 1252 1066 est
1285 1009 1444 1088 praeterea
1465 1023 1556 1066 nemo
1578 1024 1641 1066 non
1664 999 1760 1080 videt,
1782 1001 1808 1064 31
1831 999 1883 1064 hic

225 1101 377 1168 Camillus
406 1101 448 1166 ad
479 1102 631 1168 familiam
660 1101 788 1182 Ennodi
815 1111 845 1168 et
872 1103 987 1168 Avieni
1022 1104 1183 1189 pertinuit,
1220 1104 1304 1170 illam
1333 1127 1442 1170 vocem
1471 1127 1491 1169 a
1517 1105 1694 1192 propinquo
1723 1104 1882 1170 inventam

224 1206 339 1270 maiore
365 1206 536 1272 festivitate
562 1205 601 1272 de
628 1208 805 1294 propinquo
819 1215 1015 1293 ‚usurpatam
1046 1229 1123 1272 esse.
1167 1229 1267 1294 33333
1292 1205 1499 1272 omittendum
1524 1217 1585 1287 est,
1613 1208 1693 1273 sicut
1720 1206 1883 1294 Camillus,

224 1333 316 1396 quem
338 1309 489 1376 Sidonius
511 1308 598 1389 dicit,
619 1311 812 1376 Arelatensis
834 1310 903 1390 suit,
925 1310 969 1375 ita
991 1309 1167 1391 Camillam,
1189 1310 1317 1377 Ennodi
1340 1312 1616 1397 consanguineam,
1637 1311 1764 1376 Arelate
1785 1311 1882 1377 131333

224 1414 381 1480 versimile
402 1436 484 1478 esse:
507 1414 589 1479 intra
612 1413 734 1480 Gallias
756 1437 824 1479 earn
847 1413 1006 1479 habitasse
1028 1413 1192 1480 Ennodius
1216 1416 1283 1502 ipse
1305 1423 1437 1524 13313131
1458 1440 1489 1503 p.
1504 1418 1577 1495 318,
1589 1417 1618 1480 3.

328 1551 458 1618 Sorores
481 1575 519 1616 ex
542 1553 643 1638 ipsius
666 1552 813 1639 operibus
836 1553 983 1618 norimus
1005 1562 1081 1619 tres:
1111 1577 1206 1619 unam
1228 1553 1323 1621 modo
1346 1555 1530 1620 vocavimus
1552 1553 1763 1640 Euprepiam,
1785 1553 1882 1618 altera
1896 1567 1986 1610 Sorores

225 1667 272 1722 est
292 1656 443 1722 Partheni
465 1665 564 1720 mater
585 1680 615 1743 p.
633 1658 705 1735 179,
714 1659 765 1721 27.
790 1659 861 1736 180,
873 1660 902 1724 0.
914 1660 965 1723 23.
989 1660 1060 1736 181,
1073 1660 1101 1724 9.
1125 1661 1198 1737 266,
1214 1661 1251 1738 3;
1273 1681 1346 1723 nam
1368 1659 1462 1722 etiam
1484 1657 1688 1722 Parthenium
1705 1656 1883 1744 Euprepiao

224 1783 293 1826 esse
314 1760 413 1825 filium
440 1761 516 1847 quin
539 1761 753 1826 existimemus
775 1760 807 1824 id
837 1761 971 1826 maxime
995 1762 1112 1842 obstat,
1145 1762 1230 1848 quod
1258 1763 1433 1850 Lupicinus
1463 1763 1574 1827 331333
1596 1762 1774 1850 Errprepiae
1799 1761 1881 1825 lilius

225 1863 339 1929 dieitur
360 1889 391 1952 p.
408 1867 479 1947 112,
491 1868 520 1930 9.
565 1873 600 1929 31
622 1865 796 1951 Lupicinus
820 1873 921 1950 patre,
953 1865 996 1929 ita
1018 1865 1205 1931 Parthenius
1234 1876 1333 1932 matre
1354 1875 1548 1952 praemature
1573 1865 1701 1931 orbatus
1724 1873 1780 1929 est.
1824 1864 1882 1930 hac

225 1991 330 2033 sorore
352 1977 475 2033 mortua
496 1966 662 2033 Rnuodius
681 1968 885 2033 Parthenium
906 1967 1101 2034 educandum
1125 1969 1246 2034 curavit
1268 1973 1308 2056 (p.
1323 1973 1396 2048 200,
1409 1973 1459 2036 10.
1474 1972 1548 2049 267,
1559 1971 1620 2049 201.
1654 1991 1766 2033 331333
1789 1967 1883 2046 illius,

225 2094 304 2157 quae
326 2072 395 2137 viro
416 2071 548 2158 ignobili
571 2080 669 2159 nupta
690 2071 789 2137 fixisse
810 2070 936 2137 videtur
958 2075 1165 2159 (3110101,
1188 2073 1352 2138 nescimus.
1395 2073 1486 2137 tertia
1507 2071 1641 2158 denique
1663 2093 1752 2136 soror
1776 2070 1882 2136 liberis

225 2176 335 2241 orbata
356 2185 547 2241 memoratur
569 2175 760 2240 CDXXIII
782 2179 929 2244 22-25.
974 2199 1081 2242 omnes
1105 2199 1225 2242 sorores
1248 2178 1381 2242 maiores
1404 2187 1479 2241 natu
1501 2176 1599 2241 fuisse
1620 2175 1768 2240 videntur
1788 2196 1882 2260 quam

224 2279 399 2344 Ennodius.
442 2279 568 2344 fratrem
590 2280 618 2344 ei
641 2279 739 2345 lirisse
760 2280 848 2345 nrrllo
871 2281 968 2345 verbo
990 2280 1141 2368 proditur.
1886 2280 1888 2286 ’

329 2417 500 2481 Pueritiam
523 2439 612 2482 suam
635 2417 800 2483 Ennodius
823 2441 886 2483 333
909 2419 939 2483 13
960 2419 1066 2485 Gallia
1087 2419 1203 2506 exegit,
1230 2443 1417 2507 3331333313
1444 2442 1515 2483 3331
1537 2418 1665 2483 Arelate
1686 2427 1794 2482 natum
1815 2421 1997 2482 essenorum

225 2519 482 2607 supradiximus.
514 2544 588 2586 nam
610 2544 647 2586 33
661 2521 732 2608 1333
745 2522 1119 2610 1313331333131111313
1142 2524 1326 2590 mobilitatis
1342 2525 1495 2609 Ligurum
1518 2524 1549 2587 iu
1572 2544 1620 2600 se,
1643 2521 1695 2607 qui
1719 2522 1883 2608 aLiguria

227 2623 376 2690 oriundus
404 2647 467 2690 non
495 2633 590 2704 esset,
625 2625 734 2690 eadere
762 2626 911 2690 refutavit
938 2631 978 2713 (p.
999 2630 1071 2705 233,
1091 2630 1157 2710 23),
1190 2627 1351 2693 evidenter
1381 2626 1554 2692 ostenditur
1581 2649 1653 2691 eum
1680 2647 1738 2713 pro
1766 2625 1883 2711 Ligure

225 2729 368 2794 habitum
389 2751 466 2809 esse,
489 2728 574 2816 quod
596 2730 661 2794 fieri
684 2753 746 2795 non
762 2730 923 2817 potuisset,
946 2731 1005 2795 nisi
1029 2755 1048 2795 3
1069 2753 1166 2818 33313
1189 2732 1221 2795 13
1243 2732 1374 2816 Liguria
1393 2739 1534 2796 versatus
1557 2737 1648 2794 esset
1683 2727 1759 2814 quin
1780 2727 1883 2792 Roma

226 2832 441 2898 Mediolanum
474 2855 617 2898 reversus
644 2833 805 2919 Liguriam
837 2842 872 2897 ut
904 2834 1005 2899 solum
1034 2835 1169 2920 genitale
1197 2835 1312 2899 salutat
1338 2840 1378 2921 (p.
1401 2838 1431 2914 4,
1447 2837 1499 2918 27)
1527 2841 1621 2920 atque
1648 2833 1716 2920 ipse
1744 2854 1777 2898 33
1803 2832 1884 2896 inter·

224 2936 322 3002 Italos
345 2946 497 3017 numerat,
519 2959 589 3002 cum
613 2935 655 3002 ad
670 2936 799 3002 Gallum
822 2937 977 3024 quendam
1000 2939 1108 3004 scribit
1129 2943 1169 3026 (p.
1185 2942 1258 3019 317,
1270 2941 1314 3021 3):
1336 2938 1458 3019 ,Italica
1480 2938 1679 3024 simplicitate
1701 2937 1883 3002 manifesto‘.

224 3039 258 3104 id
280 3039 407 3127 quidem
429 3064 486 3127 pro
509 3050 592 3106 certo
613 3040 778 3122 habemus,
806 3043 947 3121 amitam,
975 3064 1054 3128 quae
1077 3041 1257 3107 Ennodium
1284 3051 1359 3130 post
1379 3051 1542 3130 parentum
1564 3051 1696 3106 mortem
1720 3080 1760 3088 -
1783 3061 1883 3105 annus

225 3143 345 3209 definiri
373 3146 482 3231 nequit
505 3186 546 3193 —
568 3155 656 3210 tanta
684 3169 755 3210 cum
783 3169 857 3211 cura
885 3148 1016 3227 aluerat,
1043 3155 1078 3210 nt
1111 3146 1260 3211 damnum
1287 3155 1450 3233 parentum
1473 3147 1527 3211 vix
1555 3147 1695 3225 sentiret,
1723 3146 1755 3209 in
1778 3144 1884 3210 Gallia

226 3247 389 3336 Cisalpina
420 3249 525 3314 sedem
554 3249 710 3314 habuisse.
764 3250 867 3316 verbis
895 3251 978 3314 enim
1007 3251 1083 3330 illis,
1121 3274 1200 3337 quae
1232 3274 1328 3338 supra
1360 3251 1547 3338 protulimus
1576 3255 1616 3338 (p.
1632 3252 1760 3330 303,5):
1797 3257 1885 3329 ,tem-

226 3375 302 3438 pore
324 3375 387 3439 quo
410 3352 536 3418 Italiam
559 3354 773 3441 optatissimus
796 3353 980 3419 Theoderici
1009 3356 1090 3441 regis
1117 3355 1317 3420 resuscitavit
1338 3356 1510 3441 ingressus,
1538 3377 1610 3419 cum
1636 3354 1742 3419 omnia
1764 3352 1804 3418 ab
1826 3352 1884 3416 131-

225 3457 315 3521 micis
337 3457 404 3520 3133
427 3457 639 3544 inexplicabili
663 3456 752 3522 clade
774 3467 972 3522 vastarentur
993 3467 1040 3538 31,
1067 3458 1151 3545 quod
1179 3467 1355 3546 3333133331
1376 3457 1505 3544 gladiis,
1529 3458 1628 3523 fames
1650 3467 1787 3538 necaret,
1813 3479 1883 3521 curn

225 3561 347 3626 excelsa
369 3562 521 3627 montium
545 3571 780 3648 castrorumque
802 3585 888 3626 aroes
917 3563 1048 3649 penuria
1075 3572 1287 3651 perrumperet
1316 3573 1347 3627 et
1375 3564 1407 3626 in
1430 3561 1618 3628 culminibus
1646 3565 1766 3629 locatos
1789 3563 1883 3628 armis

225 3666 348 3730 saevior
369 3675 489 3752 egestas
513 3667 682 3748 obsideret,
711 3692 769 3755 ego
792 3693 943 3734 annorum
970 3670 1065 3734 ferme
1088 3669 1223 3734 sedecim
1250 3671 1378 3748 amitae,
1407 3693 1486 3757 quae
1509 3670 1713 3747 maduerat,
1743 3689 1780 3732 ea
1807 3676 1884 3732 tem-

225 3777 347 3856 pestate
370 3770 488 3836 solncio
511 3773 653 3859 privatus
678 3779 757 3838 sum‘
780 3813 820 3821 -
844 3774 893 3838 his
916 3774 1044 3860 inquam
1059 3775 1164 3840 verbis
1186 3797 1250 3839 nou
1272 3783 1394 3839 tantum
1414 3783 1537 3862 tempus
1559 3773 1668 3838 mortis
1692 3773 1805 3837 3131133
1827 3769 1884 3838 sed

225 3873 321 3938 etiam
343 3896 439 3940 causa
460 3873 651 3962 designatur.
694 3899 768 3942 nam
798 3879 858 3943 3131
880 3876 1066 3943 contendere
1095 3901 1159 3943 333
1187 3879 1288 3943 ausim
1311 3879 1407 3944 verba
1434 3901 1480 3958 ,ea
1502 3882 1695 3966 tempestate‘
1717 3876 1768 3940 hic
1790 3875 1884 3939 13131-

225 3977 378 4064 pretanda
399 4001 468 4044 esse
490 3980 558 4060 ,hac
580 3981 734 4046 bellorum
749 3990 943 4069 tempestate,
966 4005 1028 4069 qua
1049 3982 1144 4047 Italia
1164 3991 1288 4048 vastata
1309 3991 1365 4062 est,
1387 3983 1483 4047 amita
1504 3981 1581 4046 mihi
1596 3989 1702 4066 erepta
1723 3984 1788 4058 est‘,
1811 3977 1885 4065 quia

225 4081 281 4146 illa
308 4083 405 4148 verba
432 4085 525 4176 etiam
554 4085 595 4150 ad
623 4087 725 4174 prima
751 4088 904 4151 enuntiati
927 4087 1022 4152 verba
1051 4087 1154 4152 referri
1183 4097 1276 4174 atque
1310 4086 1449 4152 eiusdem
1476 4086 1646 4151 sententiae
1674 4107 1710 4148 33
1735 4092 1885 4169 ,tempore

226 4191 298 4271 quo‘
312 4209 380 4252 esse
395 4197 541 4274 possunt:
564 4188 597 4253 id
613 4198 751 4276 apparet,
772 4190 833 4254 nisi
849 4191 945 4255 amita
960 4189 1087 4255 Ennodi
1102 4191 1135 4255 13
1150 4191 1195 4255 313
1211 4191 1399 4276 regionibus,
1422 4213 1500 4276 quae
1515 4187 1699 4253 Theoderici
1714 4185 1884 4272 irruptione

225 4291 367 4356 turbatae
389 4301 420 4357 et
441 4301 573 4358 vexatae
596 4302 681 4373 sunt,
711 4294 730 4357 i.
750 4316 775 4358 e.
799 4293 830 4357 13
854 4293 962 4359 Gallia
990 4293 1155 4382 Cisalpina
1180 4305 1249 4359 tum
1276 4294 1496 4375 habitavisset,
1517 4303 1646 4379 ‚tempus
1673 4313 1736 4377 qno
1762 4299 1885 4354 mortua

226 4403 274 4458 est
301 4394 483 4462 Ennodium
511 4397 566 4462 vix
597 4395 655 4460 hoc
684 4396 778 4482 modo
806 4396 1004 4462 definiturum
1032 4408 1087 4463 aut
1117 4407 1199 4463 certe
1228 4398 1312 4463 illius
1340 4398 1414 4462 belli
1441 4398 1569 4462 iniurias
1596 4418 1659 4460 non
1686 4403 1750 4458 tam
1776 4391 1883 4456 multis

226 4498 330 4563 verbis
351 4498 579 4587 descripturum
595 4500 700 4565 fuisse.
737 4500 879 4588 denique,
901 4512 937 4567 ut
957 4501 1138 4567 Ennodium
1163 4525 1226 4566 non
1248 4503 1281 4566 in
1304 4501 1409 4567 Gallia
1431 4501 1606 4566 adolevisse
1628 4498 1885 4575 demonstremus,

226 4613 400 4668 memoratu
429 4604 514 4669 haud
537 4604 700 4691 indignum
723 4615 783 4685 331,
813 4604 898 4693 quod
920 4606 1155 4672 Archotamiam
1177 4607 1399 4693 propinquam,
1426 4627 1505 4692 quae
1533 4606 1564 4668 13
1593 4603 1700 4669 Gallia
1720 4599 1884 4678 habitavit,

226 4730 386 4793 nimquam
409 4731 428 4773 a
450 4731 483 4773 33
505 4709 606 4776 visam
629 4734 698 4775 esse
720 4709 798 4775 dicit
819 4715 860 4797 (p.
875 4715 948 4790 237,
960 4713 1021 4790 35).

330 4846 381 4912 De
397 4848 482 4928 urbe,
498 4849 552 4913 ubi
568 4848 718 4914 educatus
734 4850 784 4930 311,
800 4848 921 4929 dubito,
936 4872 1125 4936 quamquam
1141 4849 1220 4915 duae
1236 4859 1358 4914 tantum
1373 4849 1466 4914 urbes
1482 4847 1609 4913 omnino
1625 4847 1657 4911 in
1672 4844 1884 4932 quaestionem

226 4950 332 5016 vocari
354 4961 496 5038 possunt
541 4951 727 5017 Simrondus
756 4952 882 5039 quidem
913 4955 1047 5019 affirmat
1074 4953 1258 5033 ,Mediolani
1286 4964 1367 5018 certe
1394 4977 1413 5018 a
1441 4975 1538 5041 puero
1559 4953 1655 5018 larem
1674 4948 1802 5029 habuit‘,
1827 4946 1884 5013 sed

226 5063 262 5118 ut
282 5054 334 5119 ille
349 5057 520 5121 sententiae
542 5079 616 5122 suae
639 5066 822 5143 argumenta
842 5081 904 5122 non
921 5059 1086 5145 suggessit,
1107 5059 1151 5123 ita
1172 5059 1240 5145 ipse
1253 5059 1442 5144 investigare
1463 5057 1599 5144 nequivi.
1632 5057 1728 5119 immo
1750 5053 1884 5117 maxime

227 5167 469 5226 consentaneum
491 5169 541 5226 est
554 5161 657 5226 Ticini
673 5162 856 5228 Ennodium
878 5163 1043 5249 pueritiam
1065 5164 1175 5248 egisse.
1208 5163 1311 5227 Ticini
1326 5163 1409 5228 enim
1424 5164 1585 5249 aliquanto
1607 5169 1677 5226 ante
1692 5159 1883 5224 annum495

226 5262 267 5327 ab
289 5262 470 5350 Epiphanio
492 5266 640 5352 episcopo
662 5267 831 5354 ,religionis
860 5267 959 5332 titulis
986 5268 1153 5353 insignitus
1176 5273 1233 5332 est‘
1254 5270 1464 5354 (p.109,18);
1492 5291 1564 5332 3331
1593 5274 1695 5332 autem
1717 5259 1884 5327 Ennodius

225 5366 295 5452 ipse
316 5367 560 5436 adulescentiam
581 5370 760 5437 describens
783 5370 823 5436 de
845 5371 928 5438 sedis
944 5372 1115 5437 mutatione
1137 5372 1229 5459 plane
1251 5373 1350 5452 sileat,
1372 5395 1435 5436 333
1457 5370 1614 5456 intellego,
1637 5391 1692 5434 cur
1710 5365 1884 5431 Mediolani

225 5469 352 5556 quidem
375 5495 446 5538 eum
461 5473 636 5554 educatum,
658 5476 760 5540 Ticini
781 5498 855 5541 vero
878 5485 1092 5541 consecratum
1113 5499 1182 5541 esse
1204 5485 1386 5542 statuamus.
1417 5475 1523 5540 Etiam
1547 5473 1580 5538 id
1601 5481 1710 5538 333113
1725 5468 1885 5536 Sirmondi

226 5574 404 5662 opinionem
427 5577 532 5643 afferri
554 5586 671 5666 potest,
694 5578 778 5666 quod
802 5579 948 5659 Servilio,
971 5602 1034 5666 quo
1056 5581 1088 5644 in
1110 5580 1203 5646 rebus
1226 5579 1443 5644 ecclesiasticis
1465 5579 1616 5665 magistro
1638 5598 1713 5640 usus
1736 5583 1799 5655 331,
1821 5596 1884 5638 333

227 5675 401 5745 Mediolani
423 5681 483 5747 fuit
504 5689 544 5770 (p.
563 5685 756 5767 183,18se.).
