4596 6450
437 424 594 482 oonxxrv
613 425 735 497 (aaran
754 425 779 493 o,
796 429 824 498 a)
843 459 873 469 -
894 425 1052 486 octxnvr
1070 425 1193 500 (aaran.
1211 429 1236 495 a,
1255 431 1308 494 ιιι,
1326 427 1497 487 ccoxxvu
1517 423 1621 500 <oica
1638 434 1676 500 s).
1820 417 1883 500 ma

227 600 309 666 dous
333 621 386 666 me
410 601 514 666 sancti
537 602 682 688 episcopi
705 603 873 689 portitoris
897 607 1119 692 praesentium
1136 604 1271 669 iussioni
1288 611 1439 671 exactum
1455 599 1646 692 inpendisse
1664 607 1882 693 conloquium.

227 704 283 769 diu
306 704 391 769 enim
408 705 534 769 renisus
550 726 631 786 sunt,
653 725 695 796 ne
711 727 868 792 arrogans
883 707 1060 789 videretur,
1083 708 1110 770 si
1127 707 1276 772 minister
1292 711 1470 775 antistitem
1488 715 1521 775 et
1538 708 1625 795 apud
1642 711 1881 776 sanctissimam

229 807 463 872 conscientiam
484 808 689 893 potissimum
707 809 761 874 vix
778 809 950 876 mediocris
968 810 1147 876 adsereret.
1182 811 1239 876 sed
1255 813 1401 897 perlecta
1417 813 1626 878 oboedientia
1642 821 1703 894 est,
1727 815 1915 901 quicquidl

228 931 373 975 summus
396 910 514 996 exigit,
543 933 608 976 non
632 913 756 997 nega-ri.
801 920 834 978 et
856 912 931 980 ideo
953 914 1102 1000 praelato
1126 914 1257 978 debitae
1281 915 1488 980 salutationis
1511 916 1670 1003 obsequio
1693 938 1818 1004 precor,
1847 926 1884 984 ut

163 1065 168 1078 .
228 1013 269 1078 ad
300 1014 557 1079 consolationem
587 1016 699 1080 multis
730 1016 1018 1101 inpugnationibus
1047 1019 1253 1103 praegravati
1283 1018 1464 1083 subsidium
1493 1020 1684 1100 conferatis,
1721 1030 1883 1107 quatenus

229 1117 403 1203 singularis
425 1117 502 1182 boni
526 1139 594 1182 rem
618 1119 777 1184 iacientes
802 1141 863 1184 uon
886 1121 1056 1207 patiamini
1079 1120 1264 1184 inmeritum
1288 1121 1494 1187 sacerdotem
1518 1123 1692 1188 diuturnae
1713 1125 1884 1190 subiacere

228 1221 422 1286 maestitiae.

836 1424 1016 1494 CCLXXV
1039 1428 1147 1512 (aaran.
1165 1432 1195 1508 6,
1217 1431 1279 1512 10).

823 1604 1060 1680 ENNODIVS
1087 1605 1288 1680 FAVSTO.

337 1749 459 1859 Deus,
491 1781 546 1866 qui
577 1782 735 1846 bonorum
763 1802 899 1867 operum
929 1783 1037 1847 animo
1062 1789 1170 1848 vestro
1199 1783 1337 1849 inseruit
1360 1783 1528 1865 allectum,
1557 1784 1626 1870 ipse
1649 1783 1914 1871 obsequentemt

231 1885 292 1948 sibi
309 1883 407 1968 longa
422 1882 648 1948 felicissimum
664 1891 773 1950 aetate
790 1891 932 1967 tueatur,
956 1887 1032 1972 quis
1048 1889 1197 1972 quamvis
1213 1887 1399 1952 innocentia
1416 1909 1513 1972 quam
1529 1887 1646 1953 fovetis
1663 1887 1886 1953 indesinentes

228 2009 286 2074 pro
311 1987 404 2051 vobis
427 1986 526 2052 ducat
550 1988 717 2068 excubias,
741 1987 878 2074 obligati
902 1996 1012 2055 tamen
1035 1988 1194 2055 benificiis
1218 1991 1334 2056 vestris
1359 2013 1423 2056 non
1447 1997 1585 2077 possunt
1608 2012 1692 2076 quae
1715 2012 1773 2076 pro
1794 1990 1887 2055 vobis

227 2089 290 2154 deo
319 2089 441 2155 debent
464 2097 541 2156 vota
571 2093 793 2178 conprimere,
826 2093 902 2178 quia
931 2115 990 2179 pro
1019 2093 1165 2180 inpensis
1188 2094 1312 2180 gratias
1336 2115 1401 2158 non
1426 2095 1549 2159 referre
1573 2101 1607 2158 et
1629 2094 1709 2158 deus
1732 2095 1766 2158 in
1789 2115 1887 2159 carne

228 2194 426 2258 constitutus
447 2195 625 2260 exhorruit.
670 2195 795 2264 utinam
820 2202 947 2287 tantum
970 2199 1114 2262 valerem
1137 2218 1196 2283 pro
1220 2198 1319 2262 rebus
1343 2196 1518 2262 verborum
1542 2197 1699 2278 tribuere,
1729 2203 1885 2284 quantum

228 2297 335 2362 sentio
358 2319 410 2362 me
434 2297 570 2364 debere!
616 2299 667 2363 bis
690 2305 811 2379 tamen,
834 2299 919 2384 quod
943 2299 984 2364 ad
1008 2299 1105 2364 aliam
1129 2300 1314 2366 mercedem
1340 2307 1481 2366 vestram
1505 2301 1680 2386 pertineat,
1704 2299 1917 2386 suggerere2

164 2433 175 2470 a
228 2421 293 2465 non
316 2401 443 2482 omitto,
475 2407 512 2466 ut
535 2409 673 2482 cartam,
705 2423 801 2486 quam
827 2402 858 2466 in
883 2423 984 2468 causa
1005 2402 1162 2468 Laurenti
1185 2403 1337 2469 tabularii
1362 2402 1533 2469 Comensis
1556 2403 1698 2484 lecistis,
1727 2405 1885 2490 inpletam

227 2505 306 2570 mihi
330 2506 505 2570 transmitti
529 2505 667 2570 lubeatis
692 2513 726 2570 et
749 2527 807 2592 pro
832 2505 888 2570 illa
911 2527 1010 2571 caeca
1034 2505 1180 2585 muliere,
1205 2528 1302 2592 quam
1319 2507 1480 2572 Martinus
1497 2505 1674 2572 conductor
1689 2506 1729 2571 de
1744 2504 1885 2571 Modicia

228 2608 393 2698 obprimit,
417 2607 543 2672 comitis
566 2609 751 2694 patrimonii
775 2609 902 2673 litteras
925 2609 1059 2690 tollatis,
1083 2609 1200 2694 quibus
1218 2609 1371 2676 iubeatur
1389 2609 1473 2696 quod
1491 2611 1520 2674 ei
1537 2610 1672 2674 abstulit
1686 2609 1886 2696 mancipium

227 2715 295 2776 sino
318 2712 474 2778 dilatione
491 2713 681 2796 reformare,
705 2715 781 2801 quia
798 2710 883 2800 quod
901 2713 933 2776 in
956 2711 1125 2797 praesenti
1148 2713 1180 2777 in
1204 2712 1366 2778 mandatis
1389 2714 1527 2799 accepit,
1550 2713 1660 2778 facere
1682 2733 1740 2798 pro
1764 2712 1886 2776 rustica

228 2817 413 2882 temeritate
438 2819 625 2882 contemnit.

826 3020 1028 3090 cccxxvl
1050 3021 1162 3106 (aaran.
1179 3025 1210 3102 6,
1230 3023 1293 3106 ll).

830 3217 1067 3293 ENNODIVS
1100 3216 1291 3292 AVIENO.

338 3365 512 3480 Digresso
536 3395 576 3460 de
592 3395 831 3463 Mediolanensi
853 3398 935 3462 urbe
959 3397 1121 3462 communi
1138 3396 1270 3461 domino
1284 3394 1355 3458 sola
1369 3394 1402 3458 in
1419 3393 1642 3458 consolatione
1660 3397 1915 3458 remansemntl

231 3498 354 3562 solacia
375 3499 568 3574 litteramm,
591 3500 667 3584 quia
684 3499 761 3564 dum
779 3523 886 3567 sermo
903 3501 944 3566 ad
960 3522 1018 3565 vos
1036 3500 1195 3586 dirigitur,
1218 3499 1329 3584 aliqua
1343 3498 1551 3583 praesentiae
1567 3502 1699 3561 vestrae
1717 3494 1889 3560 desideriis

231 3603 312 3666 meis
342 3603 450 3686 imago
481 3600 654 3667 blanditur.
705 3603 792 3688 quod
820 3612 855 3669 et
881 3627 901 3670 a
929 3604 1021 3670 nobis
1051 3603 1179 3668 domnis
1208 3603 1307 3682 meis,
1337 3607 1375 3666 ut
1404 3599 1519 3665 crebro
1554 3599 1698 3677 iacietis,
1734 3618 1888 3684 exposco,

231 3705 414 3789 cogitantes
437 3705 619 3770 absentiam
644 3713 786 3770 vestram
810 3708 871 3772 hac
895 3709 966 3773 sola
989 3729 1085 3793 posse
1108 3704 1307 3772 adsiduitate
1331 3703 1494 3769 sustineri.
1540 3701 1684 3767 habeant
1707 3700 1889 3765 felicissimi

164 3837 176 3874 a
229 3809 371 3873 votivam
395 3807 625 3894 praesentiam,
648 3808 728 3873 mihi
753 3808 873 3875 delicta
895 3831 971 3876 mea
994 3810 1152 3894 cogitanti
1176 3808 1361 3894 epistularis
1386 3827 1463 3871 cura
1485 3805 1637 3870 sufficiet.
1675 3804 1806 3869 domine
1829 3803 1919 3882 mi,2

227 3913 368 3977 salutem
402 3912 600 3978 uberrimam
632 3911 746 3977 dicens
777 3933 904 4001 precor,
943 3919 979 3978 ut
1010 3920 1044 3978 et
1076 3933 1135 4000 per
1171 3915 1301 3977 sanctos
1336 3909 1389 3976 dei
1421 3931 1480 3996 pro
1516 3930 1567 3974 me
1603 3929 1717 3995 preces
1750 3905 1888 3972 fundere

228 4017 358 4081 minimo
387 4015 555 4082 desistatis
578 4003 612 4082 et
642 4017 762 4082 domno
791 4019 914 4104 gratias
943 4018 1080 4097 referre,
1112 4017 1203 4082 cuius
1227 4017 1315 4082 cirea
1337 4036 1389 4081 me
1413 4013 1576 4080 beneficia
1599 4012 1698 4079 etiam
1722 4012 1889 4097 insperata

227 4122 423 4189 tribuuntur.

858 4325 1082 4396 cccxxvll
1106 4327 1200 4414 (utcu.
1219 4325 1266 4412 4).
1737 4423 1746 4440 Ι

433 4522 593 4597 DICTIO
621 4523 669 4597 ΙΝ
696 4523 1019 4599 DEDICATIONE
1045 4522 1187 4598 MISSA
1215 4520 1408 4596 MAXIMO
1435 4519 1682 4594 EPISCOPO.

338 4668 538 4786 Numquam
565 4721 691 4788 pauper
713 4722 796 4766 aena
826 4703 983 4767 timeatur
1009 4701 1147 4788 ingenii,
1177 4698 1232 4763 ubi
1263 4695 1355 4762 dives
1386 4700 1438 4761 est
1461 4716 1561 4770 causa
1583 4692 1723 4760 dicendi.
1768 4692 1915 4758 transitt

229 4804 405 4885 hominem,
428 4805 578 4890 quotiens
601 4805 802 4871 caelestibus
824 4805 944 4871 militat
966 4825 1059 4870 mens
1082 4811 1194 4869 nostra
1217 4801 1362 4881 culturis,
1390 4820 1451 4865 nec
1474 4800 1507 4864 in
1531 4803 1707 4886 angustum
1730 4795 1890 4882 redigitur

334 5013 408 5066 lma
426 5031 474 5066 aaa
487 5014 513 5066 Β
587 5014 743 5083 portiorisB
857 5014 916 5068 tsi
933 5015 1050 5068 mihistar
1067 5011 1250 5066 antestitemB
1365 5007 1524 5078 4exigatB
1641 5005 1850 5074 5praegranstis
1863 5004 1888 5054 B

229 5101 351 5167 quatinus
367 5100 392 5150 V

333 5200 493 5271 [OCLXXV]
531 5202 561 5256 11
580 5205 753 5258 beneflciisV
872 5203 905 5256 12
922 5205 970 5258 dac
988 5221 1045 5272 asp.
1064 5205 1109 5255 lin.
1125 5202 1151 5251 V
1270 5198 1433 5252 recautari
1451 5197 1549 5250 codices
1671 5194 1704 5246 16
1722 5195 1828 5246 moditia
1841 5193 1895 5245 tu

230 5287 262 5341 17
280 5290 469 5358 obpraemitB,
487 5291 607 5359 opprimit
622 5291 648 5341 V
713 5293 824 5345 iubeatis
840 5290 914 5343 Μ’
1014 5289 1047 5342 19
1064 5287 1264 5358 contempnitl'

334 5391 506 5462 [ccnxxvl]
541 5393 575 5446 21
594 5396 773 5448 consulatione
785 5395 830 5446 Β(1
940 5391 975 5446 23
993 5395 1093 5445 domnis
1105 5392 1138 5458 B,
1155 5393 1266 5444 dominis
1284 5390 1359 5443 ceteri
1468 5384 1503 5439 24
1521 5386 1570 5438 hac
1583 5385 1616 5451 B,
1634 5385 1683 5436 hoe
1700 5385 1776 5436 ceteri
1844 5383 1888 5436 ad-

228 5481 354 5533 siduatate
367 5479 400 5543 Β,
416 5481 565 5534 assiduitate
580 5481 606 5530 V
692 5483 819 5534 sustinere
834 5480 879 5530 V⁰
970 5479 1066 5532 habent
1084 5495 1139 5545 sup.
1153 5478 1199 5530 lin.
1217 5495 1234 5529 a
1245 5477 1270 5527 B
1397 5473 1432 5526 25
1450 5474 1545 5526 dilecta
1558 5471 1584 5522 Β
1675 5470 1719 5538 mi]
1738 5471 1800 5522 milri
1813 5469 1891 5522 BVL

228 5563 262 5616 26
280 5574 307 5619 et
324 5567 401 5620 υπὸ
499 5565 549 5634 dail
567 5567 691 5619 dominil
830 5565 864 5618 21
882 5567 976 5619 domno
989 5565 1015 5616 Β
1033 5563 1061 5630 ᾗ.
1079 5581 1100 5616 e.
1118 5563 1226 5626 Fausto,
1245 5563 1281 5630 cs.
1298 5579 1321 5612 o.
1341 5559 1394 5624 13),
1411 5561 1513 5610 domino
1531 5557 1607 5608 reteri
1703 5559 1796 5610 referta
1810 5557 1889 5608 Siras.

229 5652 354 5719 inspirata
366 5652 392 5704 Β

335 5755 520 5830 [CCLXXVH]
557 5757 591 5810 31
610 5757 777 5826 redigeturB
1629 5839 1684 5896 28·
