<?xml version="1.0" encoding="UTF-8"?>
<!DOCTYPE html PUBLIC "-//W3C//DTD XHTML 1.0 Transitional//EN"
    "http://www.w3.org/TR/xhtml1/DTD/xhtml1-transitional.dtd">
<html xmlns="http://www.w3.org/1999/xhtml" xml:lang="en" lang="en">
 <head>
  <title>
</title>
<meta http-equiv="Content-Type" content="text/html;charset=utf-8" />
  <meta name='ocr-system' content='tesseract 3.04.00' />
  <meta name='ocr-capabilities' content='ocr_page ocr_carea ocr_par ocr_line ocrx_word'/>
</head>
<body>
  <div class='ocr_page' id='page_1' title='image "./monumentagerman06mittgoog_0031.png"; bbox 0 0 4612 6442; ppageno 0'>
   <div class='ocr_carea' id='block_1_1' title="bbox 445 366 1580 428">
    <p class='ocr_par' dir='ltr' id='par_1_1' title="bbox 445 366 1580 428">
     <span class='ocr_line' id='line_1_1' title="bbox 445 366 1580 428; baseline -0.001 -2"><span class='ocrx_word' id='word_1_1' title='bbox 445 367 523 426; x_wconf 83' lang='lat' dir='ltr'>xxn</span> <span class='ocrx_word' id='word_1_2' title='bbox 961 367 980 424; x_wconf 93' lang='grc'>1.</span> <span class='ocrx_word' id='word_1_3' title='bbox 1009 366 1056 423; x_wconf 78' lang='lat' dir='ltr'>ult</span> <span class='ocrx_word' id='word_1_4' title='bbox 1078 366 1164 423; x_wconf 80' lang='lat' dir='ltr'>vrm</span> <span class='ocrx_word' id='word_1_5' title='bbox 1184 367 1229 422; x_wconf 72' lang='lat' dir='ltr'>sl</span> <span class='ocrx_word' id='word_1_6' title='bbox 1248 367 1410 424; x_wconf 70' lang='lat' dir='ltr'>scalpris</span> <span class='ocrx_word' id='word_1_7' title='bbox 1429 366 1580 428; x_wconf 77' lang='lat' dir='ltr'>aunum.</span> 
     </span>
    </p>
   </div>
   <div class='ocr_carea' id='block_1_2' title="bbox 369 541 2197 5723">
    <p class='ocr_par' dir='ltr' id='par_1_2' title="bbox 444 541 2146 3636">
     <span class='ocr_line' id='line_1_2' title="bbox 444 541 2103 632; baseline 0.001 -23"><span class='ocrx_word' id='word_1_8' title='bbox 444 549 517 626; x_wconf 84' lang='lat' dir='ltr'>(uon</span> <span class='ocrx_word' id='word_1_9' title='bbox 540 541 680 623; x_wconf 85' lang='lat' dir='ltr'>duxerat,</span> <span class='ocrx_word' id='word_1_10' title='bbox 702 551 737 607; x_wconf 93' lang='lat' dir='ltr'>ut</span> <span class='ocrx_word' id='word_1_11' title='bbox 753 566 783 629; x_wconf 89' lang='lat' dir='ltr'>p.</span> <span class='ocrx_word' id='word_1_12' title='bbox 802 542 854 608; x_wconf 92' lang='lat' dir='ltr'>VI</span> <span class='ocrx_word' id='word_1_13' title='bbox 871 541 1084 624; x_wconf 76' lang='lat' dir='ltr'><strong>ostendimus),</strong></span> <span class='ocrx_word' id='word_1_14' title='bbox 1107 553 1295 608; x_wconf 87' lang='lat' dir='ltr'>commotam</span> <span class='ocrx_word' id='word_1_15' title='bbox 1309 565 1386 622; x_wconf 89' lang='lat' dir='ltr'>esse,</span> <span class='ocrx_word' id='word_1_16' title='bbox 1408 553 1443 608; x_wconf 90' lang='grc' dir='ltr'>ιιι</span> <span class='ocrx_word' id='word_1_17' title='bbox 1462 545 1680 632; x_wconf 89' lang='lat' dir='ltr'>sempiternam</span> <span class='ocrx_word' id='word_1_18' title='bbox 1698 545 1910 630; x_wconf 85' lang='lat' dir='ltr'>virginitatem</span> <span class='ocrx_word' id='word_1_19' title='bbox 1925 543 2103 632; x_wconf 70' lang='lat' dir='ltr'>sponderet.</span> 
     </span>
     <span class='ocr_line' id='line_1_3' title="bbox 446 647 2103 735; baseline 0 -23"><span class='ocrx_word' id='word_1_20' title='bbox 446 650 549 734; x_wconf 86' lang='lat' dir='ltr'>itaque</span> <span class='ocrx_word' id='word_1_21' title='bbox 572 648 615 713; x_wconf 93' lang='lat' dir='ltr'>ibi</span> <span class='ocrx_word' id='word_1_22' title='bbox 639 669 787 734; x_wconf 78' lang='lat' dir='ltr'>sponsam</span> <span class='ocrx_word' id='word_1_23' title='bbox 816 669 904 711; x_wconf 91' lang='lat' dir='ltr'>suam</span> <span class='ocrx_word' id='word_1_24' title='bbox 926 648 1088 733; x_wconf 83' lang='lat' dir='ltr'>parvulam</span> <span class='ocrx_word' id='word_1_25' title='bbox 1112 648 1240 713; x_wconf 87' lang='lat' dir='ltr'>filiolam</span> <span class='ocrx_word' id='word_1_26' title='bbox 1269 647 1351 712; x_wconf 82' lang='lat' dir='ltr'>dixit</span> <span class='ocrx_word' id='word_1_27' title='bbox 1378 657 1409 711; x_wconf 91' lang='lat' dir='ltr'>et</span> <span class='ocrx_word' id='word_1_28' title='bbox 1439 671 1473 712; x_wconf 89' lang='lat' dir='ltr'>se</span> <span class='ocrx_word' id='word_1_29' title='bbox 1495 649 1599 735; x_wconf 91' lang='lat' dir='ltr'>ipsum</span> <span class='ocrx_word' id='word_1_30' title='bbox 1628 658 1776 734; x_wconf 81' lang='lat' dir='ltr'><strong>tanquam</strong></span> <span class='ocrx_word' id='word_1_31' title='bbox 1803 647 2033 713; x_wconf 73' lang='lat' dir='ltr'>adulescentem</span> <span class='ocrx_word' id='word_1_32' title='bbox 2055 649 2103 712; x_wconf 93' lang='lat' dir='ltr'>in-</span> 
     </span>
     <span class='ocr_line' id='line_1_4' title="bbox 444 750 2104 840; baseline 0.001 -26"><span class='ocrx_word' id='word_1_33' title='bbox 444 750 549 830; x_wconf 82' lang='lat' dir='ltr'>duxit,</span> <span class='ocrx_word' id='word_1_34' title='bbox 582 761 615 816; x_wconf 90' lang='lat' dir='ltr'>at</span> <span class='ocrx_word' id='word_1_35' title='bbox 644 774 811 816; x_wconf 86' lang='lat' dir='ltr'>secanam</span> <span class='ocrx_word' id='word_1_36' title='bbox 838 757 885 838; x_wconf 83' lang='lat' dir='ltr'>(p.</span> <span class='ocrx_word' id='word_1_37' title='bbox 901 755 974 832; x_wconf 84' lang='lat'>283,</span> <span class='ocrx_word' id='word_1_38' title='bbox 988 755 1024 830; x_wconf 79' lang='lat'>8)</span> <span class='ocrx_word' id='word_1_39' title='bbox 1051 752 1222 839; x_wconf 90' lang='lat' dir='ltr'>appellavit</span> <span class='ocrx_word' id='word_1_40' title='bbox 1247 775 1284 815; x_wconf 88' lang='lat' dir='ltr'>eo</span> <span class='ocrx_word' id='word_1_41' title='bbox 1312 759 1465 838; x_wconf 88' lang='lat' dir='ltr'>tempore,</span> <span class='ocrx_word' id='word_1_42' title='bbox 1499 775 1561 838; x_wconf 93' lang='lat' dir='ltr'>quo</span> <span class='ocrx_word' id='word_1_43' title='bbox 1588 753 1698 816; x_wconf 92' lang='lat' dir='ltr'>morbo</span> <span class='ocrx_word' id='word_1_44' title='bbox 1725 775 1892 840; x_wconf 89' lang='lat' dir='ltr'>oppressus</span> <span class='ocrx_word' id='word_1_45' title='bbox 1923 761 1979 817; x_wconf 90' lang='lat' dir='ltr'>est.</span> <span class='ocrx_word' id='word_1_46' title='bbox 2023 754 2104 817; x_wconf 89' lang='lat' dir='ltr'>inter</span> 
     </span>
     <span class='ocr_line' id='line_1_5' title="bbox 446 853 2104 942; baseline 0.001 -24"><span class='ocrx_word' id='word_1_47' title='bbox 446 853 606 942; x_wconf 79' lang='lat' dir='ltr'>sponsalia</span> <span class='ocrx_word' id='word_1_48' title='bbox 628 864 659 919; x_wconf 90' lang='lat' dir='ltr'>et</span> <span class='ocrx_word' id='word_1_49' title='bbox 681 856 823 920; x_wconf 85' lang='lat' dir='ltr'><strong>morbum</strong></span> <span class='ocrx_word' id='word_1_50' title='bbox 846 857 984 942; x_wconf 91' lang='lat' dir='ltr'>spatium</span> <span class='ocrx_word' id='word_1_51' title='bbox 1007 856 1119 940; x_wconf 88' lang='lat' dir='ltr'>viginti</span> <span class='ocrx_word' id='word_1_52' title='bbox 1141 856 1204 920; x_wconf 86' lang='lat' dir='ltr'>fere</span> <span class='ocrx_word' id='word_1_53' title='bbox 1226 878 1377 920; x_wconf 90' lang='lat' dir='ltr'>annorum</span> <span class='ocrx_word' id='word_1_54' title='bbox 1402 856 1620 942; x_wconf 90' lang='lat' dir='ltr'>interpositum</span> <span class='ocrx_word' id='word_1_55' title='bbox 1643 865 1699 920; x_wconf 89' lang='lat' dir='ltr'>est.</span> <span class='ocrx_word' id='word_1_56' title='bbox 1737 880 1811 920; x_wconf 90' lang='lat' dir='ltr'>num</span> <span class='ocrx_word' id='word_1_57' title='bbox 1833 855 1954 921; x_wconf 87' lang='lat' dir='ltr'>tamdiu</span> <span class='ocrx_word' id='word_1_58' title='bbox 1976 857 2104 942; x_wconf 90' lang='lat' dir='ltr'>nuptiae</span> 
     </span>
     <span class='ocr_line' id='line_1_6' title="bbox 446 957 2104 1046; baseline 0.002 -25"><span class='ocrx_word' id='word_1_59' title='bbox 446 957 675 1023; x_wconf 79' lang='lat' dir='ltr'>dilatassent?</span> <span class='ocrx_word' id='word_1_60' title='bbox 708 981 748 1023; x_wconf 91' lang='lat' dir='ltr'>an</span> <span class='ocrx_word' id='word_1_61' title='bbox 770 959 935 1024; x_wconf 88' lang='lat' dir='ltr'>Ennodius</span> <span class='ocrx_word' id='word_1_62' title='bbox 963 960 1012 1024; x_wconf 92' lang='lat' dir='ltr'>his</span> <span class='ocrx_word' id='word_1_63' title='bbox 1035 958 1144 1023; x_wconf 90' lang='lat' dir='ltr'>eodem</span> <span class='ocrx_word' id='word_1_64' title='bbox 1167 959 1276 1022; x_wconf 91' lang='lat' dir='ltr'>morbo</span> <span class='ocrx_word' id='word_1_65' title='bbox 1303 957 1477 1023; x_wconf 80' lang='lat' dir='ltr'>laboravit?</span> <span class='ocrx_word' id='word_1_66' title='bbox 1510 958 1565 1023; x_wconf 90' lang='lat' dir='ltr'>sed</span> <span class='ocrx_word' id='word_1_67' title='bbox 1588 981 1649 1024; x_wconf 94' lang='lat' dir='ltr'>non</span> <span class='ocrx_word' id='word_1_68' title='bbox 1679 961 1779 1025; x_wconf 87' lang='lat' dir='ltr'>solum</span> <span class='ocrx_word' id='word_1_69' title='bbox 1803 961 1936 1046; x_wconf 90' lang='lat' dir='ltr'>quaein</span> <span class='ocrx_word' id='word_1_70' title='bbox 1959 960 2104 1046; x_wconf 78' lang='lat' dir='ltr'>epistulis</span> 
     </span>
     <span class='ocr_line' id='line_1_7' title="bbox 447 1059 2105 1148; baseline 0.001 -23"><span class='ocrx_word' id='word_1_71' title='bbox 447 1083 587 1148; x_wconf 74' lang='lat' dir='ltr'>(luceque</span> <span class='ocrx_word' id='word_1_72' title='bbox 609 1061 641 1124; x_wconf 94' lang='lat' dir='ltr'>in</span> <span class='ocrx_word' id='word_1_73' title='bbox 664 1061 858 1126; x_wconf 85' lang='lat' dir='ltr'>confessione</span> <span class='ocrx_word' id='word_1_74' title='bbox 879 1060 994 1127; x_wconf 86' lang='lat' dir='ltr'>tradita</span> <span class='ocrx_word' id='word_1_75' title='bbox 1016 1071 1104 1141; x_wconf 90' lang='lat' dir='ltr'>sunt,</span> <span class='ocrx_word' id='word_1_76' title='bbox 1134 1059 1366 1148; x_wconf 84' lang='lat' dir='ltr'>quodammodo</span> <span class='ocrx_word' id='word_1_77' title='bbox 1388 1062 1469 1125; x_wconf 90' lang='lat' dir='ltr'>inter</span> <span class='ocrx_word' id='word_1_78' title='bbox 1491 1084 1525 1126; x_wconf 89' lang='lat' dir='ltr'>se</span> <span class='ocrx_word' id='word_1_79' title='bbox 1546 1071 1701 1148; x_wconf 84' lang='lat' dir='ltr'>pugnant,</span> <span class='ocrx_word' id='word_1_80' title='bbox 1723 1064 1755 1127; x_wconf 90' lang='lat' dir='ltr'>in</span> <span class='ocrx_word' id='word_1_81' title='bbox 1778 1062 1886 1128; x_wconf 86' lang='lat' dir='ltr'>eadem</span> <span class='ocrx_word' id='word_1_82' title='bbox 1908 1062 2105 1128; x_wconf 85' lang='lat' dir='ltr'>consessione</span> 
     </span>
     <span class='ocr_line' id='line_1_8' title="bbox 445 1163 2105 1253; baseline 0.001 -24"><span class='ocrx_word' id='word_1_83' title='bbox 445 1163 598 1250; x_wconf 88' lang='lat' dir='ltr'>quaedam</span> <span class='ocrx_word' id='word_1_84' title='bbox 622 1165 832 1246; x_wconf 90' lang='lat' dir='ltr'>inveniuntur,</span> <span class='ocrx_word' id='word_1_85' title='bbox 855 1187 934 1252; x_wconf 89' lang='lat' dir='ltr'>quae</span> <span class='ocrx_word' id='word_1_86' title='bbox 956 1167 1082 1230; x_wconf 90' lang='lat' dir='ltr'>minime</span> <span class='ocrx_word' id='word_1_87' title='bbox 1105 1175 1289 1251; x_wconf 86' lang='lat' dir='ltr'>congrmmt.</span> <span class='ocrx_word' id='word_1_88' title='bbox 1326 1188 1396 1229; x_wconf 90' lang='lat' dir='ltr'>cnm</span> <span class='ocrx_word' id='word_1_89' title='bbox 1420 1166 1502 1229; x_wconf 90' lang='lat' dir='ltr'>enim</span> <span class='ocrx_word' id='word_1_90' title='bbox 1523 1189 1572 1230; x_wconf 85' lang='lat' dir='ltr'>res</span> <span class='ocrx_word' id='word_1_91' title='bbox 1595 1167 1640 1230; x_wconf 91' lang='lat' dir='ltr'>ita</span> <span class='ocrx_word' id='word_1_92' title='bbox 1661 1167 1851 1253; x_wconf 90' lang='lat' dir='ltr'>compositae</span> <span class='ocrx_word' id='word_1_93' title='bbox 1873 1166 1946 1246; x_wconf 92' lang='lat' dir='ltr'>sint,</span> <span class='ocrx_word' id='word_1_94' title='bbox 1966 1176 2002 1231; x_wconf 92' lang='grc' dir='ltr'>ιιι</span> <span class='ocrx_word' id='word_1_95' title='bbox 2023 1169 2105 1232; x_wconf 88' lang='lat' dir='ltr'>inter</span> 
     </span>
     <span class='ocr_line' id='line_1_9' title="bbox 446 1269 2103 1356; baseline 0.002 -24"><span class='ocrx_word' id='word_1_96' title='bbox 446 1269 606 1355; x_wconf 87' lang='lat' dir='ltr'>sponsalia</span> <span class='ocrx_word' id='word_1_97' title='bbox 627 1269 755 1335; x_wconf 86' lang='lat' dir='ltr'>Enuodi</span> <span class='ocrx_word' id='word_1_98' title='bbox 784 1281 815 1334; x_wconf 90' lang='lat' dir='ltr'>et</span> <span class='ocrx_word' id='word_1_99' title='bbox 836 1270 979 1335; x_wconf 82' lang='lat' dir='ltr'>morbrun</span> <span class='ocrx_word' id='word_1_100' title='bbox 1003 1270 1148 1356; x_wconf 87' lang='lat' dir='ltr'>perpauci</span> <span class='ocrx_word' id='word_1_101' title='bbox 1174 1271 1246 1334; x_wconf 89' lang='lat' dir='ltr'>anni</span> <span class='ocrx_word' id='word_1_102' title='bbox 1270 1269 1481 1334; x_wconf 89' lang='lat' dir='ltr'>intercessisse</span> <span class='ocrx_word' id='word_1_103' title='bbox 1504 1269 1684 1350; x_wconf 89' lang='lat' dir='ltr'>videantur,</span> <span class='ocrx_word' id='word_1_104' title='bbox 1714 1280 1744 1334; x_wconf 91' lang='lat' dir='ltr'>et</span> <span class='ocrx_word' id='word_1_105' title='bbox 1768 1270 1993 1334; x_wconf 88' lang='lat' dir='ltr'>confessionem</span> <span class='ocrx_word' id='word_1_106' title='bbox 2017 1271 2103 1335; x_wconf 91' lang='lat' dir='ltr'>illam</span> 
     </span>
     <span class='ocr_line' id='line_1_10' title="bbox 446 1370 2104 1460; baseline 0.001 -24"><span class='ocrx_word' id='word_1_107' title='bbox 446 1373 553 1436; x_wconf 90' lang='lat' dir='ltr'>statim</span> <span class='ocrx_word' id='word_1_108' title='bbox 574 1383 648 1459; x_wconf 89' lang='lat' dir='ltr'>post</span> <span class='ocrx_word' id='word_1_109' title='bbox 672 1373 882 1438; x_wconf 90' lang='lat' dir='ltr'>valetudinem</span> <span class='ocrx_word' id='word_1_110' title='bbox 905 1383 1117 1460; x_wconf 80' lang='lat' dir='ltr'>recuperatam</span> <span class='ocrx_word' id='word_1_111' title='bbox 1149 1374 1297 1460; x_wconf 85' lang='lat' dir='ltr'>scriptam</span> <span class='ocrx_word' id='word_1_112' title='bbox 1319 1394 1387 1436; x_wconf 88' lang='lat' dir='ltr'>csse</span> <span class='ocrx_word' id='word_1_113' title='bbox 1410 1370 1526 1437; x_wconf 89' lang='lat' dir='ltr'>indicet</span> <span class='ocrx_word' id='word_1_114' title='bbox 1548 1378 1588 1458; x_wconf 81' lang='lat' dir='ltr'>(p.</span> <span class='ocrx_word' id='word_1_115' title='bbox 1601 1375 1751 1454; x_wconf 81' lang='grc'><strong>302,32),</strong></span> <span class='ocrx_word' id='word_1_116' title='bbox 1780 1382 1883 1439; x_wconf 86' lang='lat' dir='ltr'>tamen</span> <span class='ocrx_word' id='word_1_117' title='bbox 1906 1396 1986 1459; x_wconf 90' lang='lat' dir='ltr'>quae</span> <span class='ocrx_word' id='word_1_118' title='bbox 2008 1395 2104 1459; x_wconf 92' lang='lat' dir='ltr'>spon-</span> 
     </span>
     <span class='ocr_line' id='line_1_11' title="bbox 446 1475 2104 1563; baseline 0.001 -23"><span class='ocrx_word' id='word_1_119' title='bbox 446 1475 559 1540; x_wconf 89' lang='lat' dir='ltr'>salium</span> <span class='ocrx_word' id='word_1_120' title='bbox 582 1476 775 1563; x_wconf 89' lang='lat' dir='ltr'>temporibus</span> <span class='ocrx_word' id='word_1_121' title='bbox 799 1479 932 1562; x_wconf 88' lang='lat' dir='ltr'>parvula</span> <span class='ocrx_word' id='word_1_122' title='bbox 952 1477 1049 1542; x_wconf 89' lang='lat' dir='ltr'>filiola</span> <span class='ocrx_word' id='word_1_123' title='bbox 1071 1479 1233 1541; x_wconf 86' lang='lat' dir='ltr'>etiamtum</span> <span class='ocrx_word' id='word_1_124' title='bbox 1256 1477 1365 1554; x_wconf 75' lang='lat' dir='ltr'>tuerat,</span> <span class='ocrx_word' id='word_1_125' title='bbox 1387 1475 1495 1541; x_wconf 90' lang='lat' dir='ltr'>eadem</span> <span class='ocrx_word' id='word_1_126' title='bbox 1518 1486 1590 1562; x_wconf 90' lang='lat' dir='ltr'>post</span> <span class='ocrx_word' id='word_1_127' title='bbox 1612 1477 1755 1542; x_wconf 88' lang='lat' dir='ltr'>morbum</span> <span class='ocrx_word' id='word_1_128' title='bbox 1778 1478 1957 1542; x_wconf 90' lang='lat' dir='ltr'>nominatur</span> <span class='ocrx_word' id='word_1_129' title='bbox 1979 1478 2104 1556; x_wconf 86' lang='lat' dir='ltr'>,femina</span> 
     </span>
     <span class='ocr_line' id='line_1_12' title="bbox 447 1578 2104 1668; baseline 0.002 -26"><span class='ocrx_word' id='word_1_130' title='bbox 447 1578 511 1642; x_wconf 86' lang='lat' dir='ltr'>dux</span> <span class='ocrx_word' id='word_1_131' title='bbox 535 1581 682 1666; x_wconf 91' lang='lat' dir='ltr'>praeclari</span> <span class='ocrx_word' id='word_1_132' title='bbox 707 1581 804 1660; x_wconf 90' lang='lat' dir='ltr'>tituli,</span> <span class='ocrx_word' id='word_1_133' title='bbox 832 1603 911 1666; x_wconf 90' lang='lat' dir='ltr'>quae</span> <span class='ocrx_word' id='word_1_134' title='bbox 934 1581 1041 1666; x_wconf 90' lang='lat' dir='ltr'>vigore</span> <span class='ocrx_word' id='word_1_135' title='bbox 1064 1581 1256 1644; x_wconf 85' lang='lat' dir='ltr'>constantiae</span> <span class='ocrx_word' id='word_1_136' title='bbox 1279 1582 1380 1644; x_wconf 88' lang='lat' dir='ltr'>carnis</span> <span class='ocrx_word' id='word_1_137' title='bbox 1404 1591 1478 1645; x_wconf 92' lang='lat' dir='ltr'>vota</span> <span class='ocrx_word' id='word_1_138' title='bbox 1500 1579 1676 1667; x_wconf 88' lang='lat' dir='ltr'>perdomuit</span> <span class='ocrx_word' id='word_1_139' title='bbox 1699 1591 1730 1644; x_wconf 89' lang='lat' dir='ltr'>et</span> <span class='ocrx_word' id='word_1_140' title='bbox 1752 1581 1889 1645; x_wconf 89' lang='lat' dir='ltr'>servavit</span> <span class='ocrx_word' id='word_1_141' title='bbox 1911 1579 2104 1668; x_wconf 91' lang='lat' dir='ltr'>pudicitiam‘</span> 
     </span>
     <span class='ocr_line' id='line_1_13' title="bbox 446 1682 2105 1771; baseline 0.001 -23"><span class='ocrx_word' id='word_1_142' title='bbox 446 1689 486 1769; x_wconf 80' lang='lat' dir='ltr'>(p.</span> <span class='ocrx_word' id='word_1_143' title='bbox 502 1685 575 1762; x_wconf 86' lang='grc'><strong>304,</strong></span> <span class='ocrx_word' id='word_1_144' title='bbox 587 1687 626 1764; x_wconf 86' lang='grc'>3).</span> <span class='ocrx_word' id='word_1_145' title='bbox 670 1705 769 1769; x_wconf 89' lang='lat' dir='ltr'>neque</span> <span class='ocrx_word' id='word_1_146' title='bbox 797 1686 899 1748; x_wconf 89' lang='lat' dir='ltr'>minus</span> <span class='ocrx_word' id='word_1_147' title='bbox 928 1685 1041 1748; x_wconf 73' lang='lat' dir='ltr'>minim</span> <span class='ocrx_word' id='word_1_148' title='bbox 1072 1695 1132 1762; x_wconf 87' lang='lat' dir='ltr'>est,</span> <span class='ocrx_word' id='word_1_149' title='bbox 1154 1682 1239 1770; x_wconf 94' lang='lat' dir='ltr'>quod</span> <span class='ocrx_word' id='word_1_150' title='bbox 1261 1707 1298 1748; x_wconf 92' lang='lat' dir='ltr'>eo</span> <span class='ocrx_word' id='word_1_151' title='bbox 1320 1685 1443 1762; x_wconf 92' lang='lat' dir='ltr'>morbo,</span> <span class='ocrx_word' id='word_1_152' title='bbox 1471 1695 1545 1770; x_wconf 91' lang='lat' dir='ltr'>post</span> <span class='ocrx_word' id='word_1_153' title='bbox 1570 1707 1663 1770; x_wconf 90' lang='lat' dir='ltr'>quem</span> <span class='ocrx_word' id='word_1_154' title='bbox 1691 1686 1871 1749; x_wconf 88' lang='lat' dir='ltr'>societatem</span> <span class='ocrx_word' id='word_1_155' title='bbox 1894 1707 1965 1749; x_wconf 90' lang='lat' dir='ltr'>cum</span> <span class='ocrx_word' id='word_1_156' title='bbox 1987 1707 2105 1771; x_wconf 89' lang='lat' dir='ltr'>sponsa</span> 
     </span>
     <span class='ocr_line' id='line_1_14' title="bbox 447 1787 2103 1875; baseline 0.002 -25"><span class='ocrx_word' id='word_1_157' title='bbox 447 1810 505 1851; x_wconf 91' lang='lat' dir='ltr'>sna</span> <span class='ocrx_word' id='word_1_158' title='bbox 526 1787 667 1864; x_wconf 87' lang='lat' dir='ltr'>resolvit,</span> <span class='ocrx_word' id='word_1_159' title='bbox 699 1796 796 1852; x_wconf 88' lang='lat' dir='ltr'>totam</span> <span class='ocrx_word' id='word_1_160' title='bbox 819 1789 978 1854; x_wconf 89' lang='lat' dir='ltr'>civitatem</span> <span class='ocrx_word' id='word_1_161' title='bbox 1002 1789 1072 1853; x_wconf 89' lang='lat' dir='ltr'>aliis</span> <span class='ocrx_word' id='word_1_162' title='bbox 1095 1798 1226 1852; x_wconf 87' lang='lat' dir='ltr'>mortem</span> <span class='ocrx_word' id='word_1_163' title='bbox 1257 1811 1346 1852; x_wconf 87' lang='lat' dir='ltr'>suam</span> <span class='ocrx_word' id='word_1_164' title='bbox 1376 1788 1557 1874; x_wconf 86' lang='lat' dir='ltr'>optantibus</span> <span class='ocrx_word' id='word_1_165' title='bbox 1584 1787 1654 1852; x_wconf 86' lang='lat' dir='ltr'>aliis</span> <span class='ocrx_word' id='word_1_166' title='bbox 1678 1788 1860 1852; x_wconf 88' lang='lat' dir='ltr'>timentibus</span> <span class='ocrx_word' id='word_1_167' title='bbox 1889 1789 2103 1875; x_wconf 80' lang='lat' dir='ltr'>perturbatam</span> 
     </span>
     <span class='ocr_line' id='line_1_15' title="bbox 447 1890 2104 1978; baseline 0.002 -24"><span class='ocrx_word' id='word_1_168' title='bbox 447 1912 515 1954; x_wconf 89' lang='lat' dir='ltr'>esse</span> <span class='ocrx_word' id='word_1_169' title='bbox 537 1890 615 1955; x_wconf 91' lang='lat' dir='ltr'>dicit</span> <span class='ocrx_word' id='word_1_170' title='bbox 636 1895 675 1976; x_wconf 81' lang='lat' dir='ltr'>(p.</span> <span class='ocrx_word' id='word_1_171' title='bbox 691 1894 765 1970; x_wconf 86' lang='grc'><strong>301,</strong></span> <span class='ocrx_word' id='word_1_172' title='bbox 776 1894 837 1971; x_wconf 82' lang='grc'><strong>37),</strong></span> <span class='ocrx_word' id='word_1_173' title='bbox 860 1915 931 1956; x_wconf 91' lang='lat' dir='ltr'>cum</span> <span class='ocrx_word' id='word_1_174' title='bbox 955 1901 1027 1956; x_wconf 92' lang='lat' dir='ltr'>ante</span> <span class='ocrx_word' id='word_1_175' title='bbox 1044 1892 1205 1978; x_wconf 86' lang='lat' dir='ltr'>sponsalia</span> <span class='ocrx_word' id='word_1_176' title='bbox 1227 1901 1313 1955; x_wconf 81' lang='lat' dir='ltr'>tanta</span> <span class='ocrx_word' id='word_1_177' title='bbox 1335 1899 1471 1976; x_wconf 81' lang='lat' dir='ltr'>egestate</span> <span class='ocrx_word' id='word_1_178' title='bbox 1494 1898 1625 1956; x_wconf 88' lang='lat' dir='ltr'>vexatus</span> <span class='ocrx_word' id='word_1_179' title='bbox 1647 1900 1738 1970; x_wconf 86' lang='lat' dir='ltr'>esset,</span> <span class='ocrx_word' id='word_1_180' title='bbox 1760 1900 1796 1955; x_wconf 89' lang='lat' dir='ltr'>ut</span> <span class='ocrx_word' id='word_1_181' title='bbox 1811 1890 1939 1956; x_wconf 88' lang='lat' dir='ltr'>vivendi</span> <span class='ocrx_word' id='word_1_182' title='bbox 1963 1891 2104 1957; x_wconf 86' lang='lat' dir='ltr'>subsidia</span> 
     </span>
     <span class='ocr_line' id='line_1_16' title="bbox 448 1992 2105 2081; baseline 0.002 -24"><span class='ocrx_word' id='word_1_183' title='bbox 448 2003 589 2079; x_wconf 87' lang='lat' dir='ltr'>posceret</span> <span class='ocrx_word' id='word_1_184' title='bbox 610 1997 812 2080; x_wconf 80' lang='lat' dir='ltr'>(p.303,11).</span> <span class='ocrx_word' id='word_1_185' title='bbox 845 1994 923 2059; x_wconf 93' lang='lat' dir='ltr'>illud</span> <span class='ocrx_word' id='word_1_186' title='bbox 944 1996 1010 2059; x_wconf 89' lang='lat' dir='ltr'>lieri</span> <span class='ocrx_word' id='word_1_187' title='bbox 1033 2017 1094 2058; x_wconf 95' lang='lat' dir='ltr'>non</span> <span class='ocrx_word' id='word_1_188' title='bbox 1118 1996 1229 2081; x_wconf 76' lang='lat' dir='ltr'>pmtuit,</span> <span class='ocrx_word' id='word_1_189' title='bbox 1251 2003 1417 2079; x_wconf 81' lang='lat' dir='ltr'>antequam</span> <span class='ocrx_word' id='word_1_190' title='bbox 1440 1992 1605 2058; x_wconf 85' lang='lat' dir='ltr'>Ennodius</span> <span class='ocrx_word' id='word_1_191' title='bbox 1624 1993 1804 2078; x_wconf 85' lang='lat' dir='ltr'>Symmachi</span> <span class='ocrx_word' id='word_1_192' title='bbox 1827 2017 1927 2080; x_wconf 89' lang='lat' dir='ltr'>papae</span> <span class='ocrx_word' id='word_1_193' title='bbox 1949 2005 1981 2059; x_wconf 90' lang='lat' dir='ltr'>et</span> <span class='ocrx_word' id='word_1_194' title='bbox 2001 1995 2105 2060; x_wconf 89' lang='lat' dir='ltr'>Theo-</span> 
     </span>
     <span class='ocr_line' id='line_1_17' title="bbox 448 2095 2104 2184; baseline 0.002 -24"><span class='ocrx_word' id='word_1_195' title='bbox 448 2095 542 2161; x_wconf 93' lang='lat' dir='ltr'>derici</span> <span class='ocrx_word' id='word_1_196' title='bbox 565 2097 646 2182; x_wconf 86' lang='lat' dir='ltr'>regis</span> <span class='ocrx_word' id='word_1_197' title='bbox 661 2107 764 2183; x_wconf 88' lang='lat' dir='ltr'>partes</span> <span class='ocrx_word' id='word_1_198' title='bbox 788 2107 875 2163; x_wconf 85' lang='lat' dir='ltr'>tanta</span> <span class='ocrx_word' id='word_1_199' title='bbox 890 2099 985 2162; x_wconf 90' lang='lat' dir='ltr'>animi</span> <span class='ocrx_word' id='word_1_200' title='bbox 1003 2099 1162 2163; x_wconf 89' lang='lat' dir='ltr'>voluntate</span> <span class='ocrx_word' id='word_1_201' title='bbox 1185 2098 1346 2184; x_wconf 86' lang='lat' dir='ltr'>amplexus</span> <span class='ocrx_word' id='word_1_202' title='bbox 1363 2106 1511 2183; x_wconf 85' lang='lat' dir='ltr'>tantaque</span> <span class='ocrx_word' id='word_1_203' title='bbox 1527 2098 1674 2162; x_wconf 89' lang='lat' dir='ltr'>orationis</span> <span class='ocrx_word' id='word_1_204' title='bbox 1691 2099 1806 2162; x_wconf 91' lang='lat' dir='ltr'>virtute</span> <span class='ocrx_word' id='word_1_205' title='bbox 1821 2106 1941 2162; x_wconf 89' lang='lat' dir='ltr'>tutatus</span> <span class='ocrx_word' id='word_1_206' title='bbox 1964 2100 2104 2164; x_wconf 91' lang='lat' dir='ltr'>omnium</span> 
     </span>
     <span class='ocr_line' id='line_1_18' title="bbox 448 2201 2103 2288; baseline 0.002 -24"><span class='ocrx_word' id='word_1_207' title='bbox 448 2201 556 2264; x_wconf 89' lang='lat' dir='ltr'>oeulos</span> <span class='ocrx_word' id='word_1_208' title='bbox 578 2201 610 2264; x_wconf 93' lang='lat' dir='ltr'>in</span> <span class='ocrx_word' id='word_1_209' title='bbox 634 2224 667 2264; x_wconf 90' lang='lat' dir='ltr'>se</span> <span class='ocrx_word' id='word_1_210' title='bbox 689 2203 850 2266; x_wconf 88' lang='lat' dir='ltr'>convertit.</span> <span class='ocrx_word' id='word_1_211' title='bbox 895 2212 1054 2288; x_wconf 73' lang='lat' dir='ltr'>tantrpcre</span> <span class='ocrx_word' id='word_1_212' title='bbox 1083 2203 1178 2267; x_wconf 90' lang='lat' dir='ltr'>animi</span> <span class='ocrx_word' id='word_1_213' title='bbox 1206 2201 1322 2265; x_wconf 91' lang='lat' dir='ltr'>civium</span> <span class='ocrx_word' id='word_1_214' title='bbox 1350 2223 1431 2264; x_wconf 91' lang='lat' dir='ltr'>anno</span> <span class='ocrx_word' id='word_1_215' title='bbox 1455 2203 1515 2268; x_wconf 97' lang='grc'><strong>511</strong></span> <span class='ocrx_word' id='word_1_216' title='bbox 1540 2202 1715 2287; x_wconf 82' lang='lat' dir='ltr'>permoveri</span> <span class='ocrx_word' id='word_1_217' title='bbox 1738 2211 1919 2287; x_wconf 88' lang='lat' dir='ltr'>potuenmt,</span> <span class='ocrx_word' id='word_1_218' title='bbox 1941 2211 2007 2266; x_wconf 93' lang='lat' dir='ltr'>tum</span> <span class='ocrx_word' id='word_1_219' title='bbox 2032 2225 2103 2267; x_wconf 92' lang='lat' dir='ltr'>oum</span> 
     </span>
     <span class='ocr_line' id='line_1_19' title="bbox 449 2303 2103 2392; baseline 0.002 -26"><span class='ocrx_word' id='word_1_220' title='bbox 449 2303 659 2369; x_wconf 87' lang='lat' dir='ltr'>Theodericus</span> <span class='ocrx_word' id='word_1_221' title='bbox 683 2306 750 2391; x_wconf 88' lang='lat' dir='ltr'>ipse</span> <span class='ocrx_word' id='word_1_222' title='bbox 772 2304 811 2368; x_wconf 90' lang='lat' dir='ltr'>dc</span> <span class='ocrx_word' id='word_1_223' title='bbox 841 2305 967 2370; x_wconf 85' lang='lat' dir='ltr'>Ennodi</span> <span class='ocrx_word' id='word_1_224' title='bbox 995 2303 1173 2370; x_wconf 87' lang='lat' dir='ltr'>valetudiue</span> <span class='ocrx_word' id='word_1_225' title='bbox 1196 2305 1348 2370; x_wconf 86' lang='lat' dir='ltr'>sollicitus</span> <span class='ocrx_word' id='word_1_226' title='bbox 1375 2305 1435 2369; x_wconf 89' lang='lat' dir='ltr'>fnit</span> <span class='ocrx_word' id='word_1_227' title='bbox 1457 2310 1497 2392; x_wconf 79' lang='lat' dir='ltr'>(p.</span> <span class='ocrx_word' id='word_1_228' title='bbox 1513 2308 1649 2384; x_wconf 76' lang='grc'><strong>30017)</strong></span> <span class='ocrx_word' id='word_1_229' title='bbox 1678 2314 1771 2390; x_wconf 84' lang='lat' dir='ltr'>atque</span> <span class='ocrx_word' id='word_1_230' title='bbox 1793 2305 1820 2368; x_wconf 93' lang='lat' dir='ltr'>ei</span> <span class='ocrx_word' id='word_1_231' title='bbox 1844 2304 1980 2389; x_wconf 85' lang='lat' dir='ltr'>dignitas</span> <span class='ocrx_word' id='word_1_232' title='bbox 2009 2305 2103 2391; x_wconf 86' lang='lat' dir='ltr'>legati</span> 
     </span>
     <span class='ocr_line' id='line_1_20' title="bbox 447 2407 2105 2495; baseline 0.001 -23"><span class='ocrx_word' id='word_1_233' title='bbox 447 2409 648 2493; x_wconf 85' lang='lat' dir='ltr'>provincialis</span> <span class='ocrx_word' id='word_1_234' title='bbox 671 2408 775 2473; x_wconf 87' lang='lat' dir='ltr'>oblata</span> <span class='ocrx_word' id='word_1_235' title='bbox 790 2419 838 2472; x_wconf 87' lang='lat' dir='ltr'>est</span> <span class='ocrx_word' id='word_1_236' title='bbox 857 2415 896 2495; x_wconf 89' lang='lat' dir='ltr'>(p.</span> <span class='ocrx_word' id='word_1_237' title='bbox 913 2413 985 2488; x_wconf 87' lang='grc'><strong>298,</strong></span> <span class='ocrx_word' id='word_1_238' title='bbox 997 2414 1057 2490; x_wconf 80' lang='grc'>27).</span> <span class='ocrx_word' id='word_1_239' title='bbox 1087 2409 1220 2495; x_wconf 90' lang='lat' dir='ltr'>denique</span> <span class='ocrx_word' id='word_1_240' title='bbox 1245 2420 1279 2473; x_wconf 91' lang='grc' dir='ltr'>ιιι</span> <span class='ocrx_word' id='word_1_241' title='bbox 1300 2411 1366 2473; x_wconf 88' lang='lat' dir='ltr'>sine</span> <span class='ocrx_word' id='word_1_242' title='bbox 1381 2409 1566 2494; x_wconf 86' lang='lat' dir='ltr'>amhagibus</span> <span class='ocrx_word' id='word_1_243' title='bbox 1581 2407 1682 2474; x_wconf 87' lang='lat' dir='ltr'>dicam</span> <span class='ocrx_word' id='word_1_244' title='bbox 1697 2409 1783 2495; x_wconf 94' lang='lat' dir='ltr'>quod</span> <span class='ocrx_word' id='word_1_245' title='bbox 1799 2410 1914 2473; x_wconf 88' lang='lat' dir='ltr'>sentio:</span> <span class='ocrx_word' id='word_1_246' title='bbox 1938 2409 2105 2474; x_wconf 85' lang='lat' dir='ltr'>Ennodius</span> 
     </span>
     <span class='ocr_line' id='line_1_21' title="bbox 447 2511 2105 2600; baseline 0.002 -26"><span class='ocrx_word' id='word_1_247' title='bbox 447 2511 555 2576; x_wconf 92' lang='lat' dir='ltr'>ordine</span> <span class='ocrx_word' id='word_1_248' title='bbox 569 2522 743 2598; x_wconf 90' lang='lat' dir='ltr'>temporum</span> <span class='ocrx_word' id='word_1_249' title='bbox 766 2511 805 2575; x_wconf 90' lang='lat' dir='ltr'>de</span> <span class='ocrx_word' id='word_1_250' title='bbox 821 2511 973 2578; x_wconf 89' lang='lat' dir='ltr'>industria</span> <span class='ocrx_word' id='word_1_251' title='bbox 996 2513 1176 2598; x_wconf 78' lang='lat' dir='ltr'>pertrubato</span> <span class='ocrx_word' id='word_1_252' title='bbox 1198 2537 1234 2578; x_wconf 85' lang='lat' dir='ltr'>en</span> <span class='ocrx_word' id='word_1_253' title='bbox 1257 2537 1336 2600; x_wconf 88' lang='lat' dir='ltr'>quae</span> <span class='ocrx_word' id='word_1_254' title='bbox 1358 2522 1448 2578; x_wconf 89' lang='lat' dir='ltr'>antea</span> <span class='ocrx_word' id='word_1_255' title='bbox 1470 2524 1502 2577; x_wconf 92' lang='lat' dir='ltr'>et</span> <span class='ocrx_word' id='word_1_256' title='bbox 1522 2522 1633 2599; x_wconf 87' lang='lat' dir='ltr'>postea</span> <span class='ocrx_word' id='word_1_257' title='bbox 1654 2521 1742 2598; x_wconf 83' lang='lat' dir='ltr'>gesta</span> <span class='ocrx_word' id='word_1_258' title='bbox 1764 2522 1837 2576; x_wconf 89' lang='lat' dir='ltr'>sunt</span> <span class='ocrx_word' id='word_1_259' title='bbox 1858 2513 2050 2598; x_wconf 85' lang='lat' dir='ltr'>pemriseuit,</span> <span class='ocrx_word' id='word_1_260' title='bbox 2071 2523 2105 2577; x_wconf 90' lang='lat' dir='ltr'>nt</span> 
     </span>
     <span class='ocr_line' id='line_1_22' title="bbox 446 2615 2106 2703; baseline 0.001 -24"><span class='ocrx_word' id='word_1_261' title='bbox 446 2616 534 2698; x_wconf 86' lang='lat' dir='ltr'>gravi</span> <span class='ocrx_word' id='word_1_262' title='bbox 563 2617 671 2680; x_wconf 92' lang='lat' dir='ltr'>morbo</span> <span class='ocrx_word' id='word_1_263' title='bbox 697 2617 715 2680; x_wconf 92' lang='lat' dir='ltr'>i.</span> <span class='ocrx_word' id='word_1_264' title='bbox 731 2639 756 2680; x_wconf 87' lang='lat' dir='ltr'>e.</span> <span class='ocrx_word' id='word_1_265' title='bbox 785 2615 893 2680; x_wconf 90' lang='lat' dir='ltr'>divino</span> <span class='ocrx_word' id='word_1_266' title='bbox 923 2617 1072 2680; x_wconf 90' lang='lat' dir='ltr'>instinctu</span> <span class='ocrx_word' id='word_1_267' title='bbox 1104 2616 1144 2680; x_wconf 88' lang='lat' dir='ltr'>ad</span> <span class='ocrx_word' id='word_1_268' title='bbox 1172 2617 1308 2681; x_wconf 89' lang='lat' dir='ltr'>officium</span> <span class='ocrx_word' id='word_1_269' title='bbox 1330 2617 1571 2681; x_wconf 89' lang='lat' dir='ltr'>ecclesiasticum</span> <span class='ocrx_word' id='word_1_270' title='bbox 1603 2615 1836 2703; x_wconf 89' lang='lat' dir='ltr'>suscipiendum</span> <span class='ocrx_word' id='word_1_271' title='bbox 1864 2616 2011 2680; x_wconf 90' lang='lat' dir='ltr'>incitatus</span> <span class='ocrx_word' id='word_1_272' title='bbox 2038 2639 2106 2680; x_wconf 89' lang='lat' dir='ltr'>esse</span> 
     </span>
     <span class='ocr_line' id='line_1_23' title="bbox 448 2717 2104 2804; baseline 0.001 -22"><span class='ocrx_word' id='word_1_273' title='bbox 448 2717 613 2798; x_wconf 87' lang='lat' dir='ltr'>videretur,</span> <span class='ocrx_word' id='word_1_274' title='bbox 636 2729 671 2784; x_wconf 92' lang='grc' dir='ltr'>ιιι</span> <span class='ocrx_word' id='word_1_275' title='bbox 691 2720 823 2804; x_wconf 86' lang='lat' dir='ltr'>gloriam</span> <span class='ocrx_word' id='word_1_276' title='bbox 846 2720 976 2784; x_wconf 88' lang='lat' dir='ltr'>aliorum</span> <span class='ocrx_word' id='word_1_277' title='bbox 994 2721 1154 2784; x_wconf 92' lang='lat' dir='ltr'>hominum</span> <span class='ocrx_word' id='word_1_278' title='bbox 1177 2721 1271 2784; x_wconf 85' lang='lat' dir='ltr'>simili</span> <span class='ocrx_word' id='word_1_279' title='bbox 1289 2721 1382 2784; x_wconf 89' lang='lat' dir='ltr'>nmdo</span> <span class='ocrx_word' id='word_1_280' title='bbox 1404 2745 1442 2784; x_wconf 87' lang='lat' dir='ltr'>ex</span> <span class='ocrx_word' id='word_1_281' title='bbox 1458 2721 1604 2784; x_wconf 86' lang='lat' dir='ltr'>vitiorum</span> <span class='ocrx_word' id='word_1_282' title='bbox 1628 2720 1773 2785; x_wconf 83' lang='lat' dir='ltr'>sordibus</span> <span class='ocrx_word' id='word_1_283' title='bbox 1797 2719 1949 2784; x_wconf 88' lang='lat' dir='ltr'>advitam</span> <span class='ocrx_word' id='word_1_284' title='bbox 1965 2727 2104 2784; x_wconf 88' lang='lat' dir='ltr'>sanctam</span> 
     </span>
     <span class='ocr_line' id='line_1_24' title="bbox 448 2821 2105 2911; baseline 0.001 -27"><span class='ocrx_word' id='word_1_285' title='bbox 448 2830 479 2884; x_wconf 93' lang='lat' dir='ltr'>et</span> <span class='ocrx_word' id='word_1_286' title='bbox 501 2822 648 2887; x_wconf 89' lang='lat' dir='ltr'>ecclesiae</span> <span class='ocrx_word' id='word_1_287' title='bbox 670 2824 842 2887; x_wconf 87' lang='lat' dir='ltr'>ministerio</span> <span class='ocrx_word' id='word_1_288' title='bbox 865 2822 1001 2888; x_wconf 88' lang='lat' dir='ltr'>deditam</span> <span class='ocrx_word' id='word_1_289' title='bbox 1026 2823 1244 2910; x_wconf 88' lang='lat' dir='ltr'>perductorum</span> <span class='ocrx_word' id='word_1_290' title='bbox 1268 2823 1498 2911; x_wconf 82' lang='lat' dir='ltr'>adipisceretur.</span> <span class='ocrx_word' id='word_1_291' title='bbox 1537 2823 1778 2887; x_wconf 88' lang='lat' dir='ltr'>adulescentiam</span> <span class='ocrx_word' id='word_1_292' title='bbox 1802 2845 1890 2886; x_wconf 91' lang='lat' dir='ltr'>suam</span> <span class='ocrx_word' id='word_1_293' title='bbox 1913 2821 2013 2886; x_wconf 88' lang='lat' dir='ltr'>foedis</span> <span class='ocrx_word' id='word_1_294' title='bbox 2036 2823 2105 2909; x_wconf 87' lang='lat' dir='ltr'>pig-</span> 
     </span>
     <span class='ocr_line' id='line_1_25' title="bbox 448 2924 2105 3013; baseline 0.002 -26"><span class='ocrx_word' id='word_1_295' title='bbox 448 2925 560 2988; x_wconf 91' lang='lat' dir='ltr'>mentis</span> <span class='ocrx_word' id='word_1_296' title='bbox 575 2925 748 3012; x_wconf 82' lang='lat' dir='ltr'>descripsit,</span> <span class='ocrx_word' id='word_1_297' title='bbox 772 2937 805 2990; x_wconf 89' lang='lat' dir='ltr'>nt</span> <span class='ocrx_word' id='word_1_298' title='bbox 826 2927 978 3013; x_wconf 85' lang='lat' dir='ltr'>posterior</span> <span class='ocrx_word' id='word_1_299' title='bbox 999 2937 1084 2991; x_wconf 87' lang='lat' dir='ltr'>aetas</span> <span class='ocrx_word' id='word_1_300' title='bbox 1107 2949 1144 2990; x_wconf 92' lang='lat' dir='ltr'>eo</span> <span class='ocrx_word' id='word_1_301' title='bbox 1167 2927 1350 2991; x_wconf 91' lang='lat' dir='ltr'>clarioribus</span> <span class='ocrx_word' id='word_1_302' title='bbox 1374 2926 1530 2990; x_wconf 88' lang='lat' dir='ltr'>coloribus</span> <span class='ocrx_word' id='word_1_303' title='bbox 1553 2924 1737 3011; x_wconf 89' lang='lat' dir='ltr'>splenderet.</span> <span class='ocrx_word' id='word_1_304' title='bbox 1770 2948 1828 3010; x_wconf 91' lang='lat' dir='ltr'>pro</span> <span class='ocrx_word' id='word_1_305' title='bbox 1843 2926 1986 3012; x_wconf 81' lang='lat' dir='ltr'>exemplo</span> <span class='ocrx_word' id='word_1_306' title='bbox 2001 2935 2105 2992; x_wconf 89' lang='lat' dir='ltr'>autem</span> 
     </span>
     <span class='ocr_line' id='line_1_26' title="bbox 448 3027 2146 3115; baseline 0.002 -25"><span class='ocrx_word' id='word_1_307' title='bbox 448 3027 508 3090; x_wconf 89' lang='lat' dir='ltr'>sibi</span> <span class='ocrx_word' id='word_1_308' title='bbox 530 3038 735 3115; x_wconf 85' lang='lat' dir='ltr'>proposuerat</span> <span class='ocrx_word' id='word_1_309' title='bbox 758 3030 928 3115; x_wconf 83' lang='lat' dir='ltr'>Augustini</span> <span class='ocrx_word' id='word_1_310' title='bbox 952 3030 1179 3109; x_wconf 86' lang='lat' dir='ltr'>confessiones,</span> <span class='ocrx_word' id='word_1_311' title='bbox 1206 3053 1269 3093; x_wconf 89' lang='lat' dir='ltr'>non</span> <span class='ocrx_word' id='word_1_312' title='bbox 1292 3031 1417 3094; x_wconf 90' lang='lat' dir='ltr'>Paulini</span> <span class='ocrx_word' id='word_1_313' title='bbox 1440 3029 1681 3115; x_wconf 85' lang='lat' dir='ltr'>Burdegalensis</span> <span class='ocrx_word' id='word_1_314' title='bbox 1704 3029 1957 3109; x_wconf 88' lang='lat' dir='ltr'>eucharisticum,</span> <span class='ocrx_word' id='word_1_315' title='bbox 1980 3038 2015 3093; x_wconf 92' lang='lat' dir='ltr'>ut</span> <span class='ocrx_word' id='word_1_316' title='bbox 2036 3030 2106 3094; x_wconf 91' lang='lat' dir='ltr'>vult</span> <span class='ocrx_word' id='word_1_317' title='bbox 2143 3055 2146 3062; x_wconf 61' lang='lat'><strong><em>⁴</em></strong></span> 
     </span>
     <span class='ocr_line' id='line_1_27' title="bbox 449 3129 2105 3220; baseline 0.002 -26"><span class='ocrx_word' id='word_1_318' title='bbox 449 3129 643 3197; x_wconf 85' lang='lat' dir='ltr'>Sirmondns.</span> <span class='ocrx_word' id='word_1_319' title='bbox 687 3157 760 3198; x_wconf 90' lang='lat' dir='ltr'>nam</span> <span class='ocrx_word' id='word_1_320' title='bbox 787 3133 952 3199; x_wconf 89' lang='lat' dir='ltr'>Enuodius</span> <span class='ocrx_word' id='word_1_321' title='bbox 975 3133 1043 3220; x_wconf 90' lang='lat' dir='ltr'>ipse</span> <span class='ocrx_word' id='word_1_322' title='bbox 1065 3134 1151 3198; x_wconf 90' lang='lat' dir='ltr'>illam</span> <span class='ocrx_word' id='word_1_323' title='bbox 1179 3134 1262 3198; x_wconf 89' lang='lat' dir='ltr'>vitae</span> <span class='ocrx_word' id='word_1_324' title='bbox 1291 3157 1365 3199; x_wconf 89' lang='lat' dir='ltr'>snae</span> <span class='ocrx_word' id='word_1_325' title='bbox 1394 3133 1632 3219; x_wconf 85' lang='lat' dir='ltr'>descriptionem</span> <span class='ocrx_word' id='word_1_326' title='bbox 1660 3134 1835 3198; x_wconf 90' lang='lat' dir='ltr'>nominavit</span> <span class='ocrx_word' id='word_1_327' title='bbox 1860 3132 2105 3212; x_wconf 87' lang='lat' dir='ltr'>,confessionem‘</span> 
     </span>
     <span class='ocr_line' id='line_1_28' title="bbox 448 3236 2107 3326; baseline 0 -24"><span class='ocrx_word' id='word_1_328' title='bbox 448 3243 489 3323; x_wconf 79' lang='lat' dir='ltr'>(p.</span> <span class='ocrx_word' id='word_1_329' title='bbox 503 3240 576 3315; x_wconf 85' lang='grc'><strong>302,</strong></span> <span class='ocrx_word' id='word_1_330' title='bbox 588 3241 656 3322; x_wconf 82' lang='grc'>32);</span> <span class='ocrx_word' id='word_1_331' title='bbox 679 3261 774 3326; x_wconf 89' lang='lat' dir='ltr'>qnare</span> <span class='ocrx_word' id='word_1_332' title='bbox 796 3239 847 3304; x_wconf 90' lang='lat' dir='ltr'>hic</span> <span class='ocrx_word' id='word_1_333' title='bbox 869 3239 978 3304; x_wconf 89' lang='lat' dir='ltr'>titulus</span> <span class='ocrx_word' id='word_1_334' title='bbox 998 3237 1218 3325; x_wconf 89' lang='lat' dir='ltr'>praeferendus</span> <span class='ocrx_word' id='word_1_335' title='bbox 1241 3249 1290 3302; x_wconf 92' lang='lat' dir='ltr'>est</span> <span class='ocrx_word' id='word_1_336' title='bbox 1310 3238 1356 3302; x_wconf 94' lang='lat' dir='ltr'>illi</span> <span class='ocrx_word' id='word_1_337' title='bbox 1378 3236 1627 3316; x_wconf 88' lang='lat' dir='ltr'>,eucharisticum</span> <span class='ocrx_word' id='word_1_338' title='bbox 1642 3236 1681 3301; x_wconf 91' lang='lat' dir='ltr'>de</span> <span class='ocrx_word' id='word_1_339' title='bbox 1697 3237 1765 3302; x_wconf 89' lang='lat' dir='ltr'>vita</span> <span class='ocrx_word' id='word_1_340' title='bbox 1779 3243 1854 3317; x_wconf 87' lang='lat' dir='ltr'>sua‘,</span> <span class='ocrx_word' id='word_1_341' title='bbox 1876 3259 1968 3323; x_wconf 91' lang='lat' dir='ltr'>quem</span> <span class='ocrx_word' id='word_1_342' title='bbox 1991 3236 2107 3302; x_wconf 91' lang='lat' dir='ltr'>indidit</span> 
     </span>
     <span class='ocr_line' id='line_1_29' title="bbox 449 3340 2105 3428; baseline 0.001 -23"><span class='ocrx_word' id='word_1_343' title='bbox 449 3340 643 3408; x_wconf 83' lang='lat' dir='ltr'>Sirmondus.</span> <span class='ocrx_word' id='word_1_344' title='bbox 678 3344 783 3428; x_wconf 75' lang='lat' dir='ltr'>itaque</span> <span class='ocrx_word' id='word_1_345' title='bbox 805 3342 864 3406; x_wconf 95' lang='lat' dir='ltr'>hoc</span> <span class='ocrx_word' id='word_1_346' title='bbox 886 3341 971 3427; x_wconf 92' lang='lat' dir='ltr'>quod</span> <span class='ocrx_word' id='word_1_347' title='bbox 994 3341 1119 3406; x_wconf 91' lang='lat' dir='ltr'>videtur</span> <span class='ocrx_word' id='word_1_348' title='bbox 1139 3365 1208 3407; x_wconf 89' lang='lat' dir='ltr'>esse</span> <span class='ocrx_word' id='word_1_349' title='bbox 1224 3341 1402 3407; x_wconf 90' lang='lat' dir='ltr'>discrimine</span> <span class='ocrx_word' id='word_1_350' title='bbox 1424 3342 1504 3406; x_wconf 90' lang='lat' dir='ltr'>iuter</span> <span class='ocrx_word' id='word_1_351' title='bbox 1525 3341 1675 3426; x_wconf 86' lang='lat' dir='ltr'>epistulas</span> <span class='ocrx_word' id='word_1_352' title='bbox 1698 3352 1729 3406; x_wconf 90' lang='lat' dir='ltr'>et</span> <span class='ocrx_word' id='word_1_353' title='bbox 1742 3341 1968 3406; x_wconf 83' lang='lat' dir='ltr'>confessionem</span> <span class='ocrx_word' id='word_1_354' title='bbox 1991 3340 2105 3406; x_wconf 83' lang='lat' dir='ltr'>adduci</span> 
     </span>
     <span class='ocr_line' id='line_1_30' title="bbox 448 3443 2107 3532; baseline 0.001 -23"><span class='ocrx_word' id='word_1_355' title='bbox 448 3467 511 3510; x_wconf 89' lang='lat' dir='ltr'>non</span> <span class='ocrx_word' id='word_1_356' title='bbox 534 3445 698 3526; x_wconf 91' lang='lat' dir='ltr'>debemus,</span> <span class='ocrx_word' id='word_1_357' title='bbox 738 3455 773 3510; x_wconf 92' lang='lat' dir='ltr'>ut</span> <span class='ocrx_word' id='word_1_358' title='bbox 800 3469 879 3532; x_wconf 90' lang='lat' dir='ltr'>quae</span> <span class='ocrx_word' id='word_1_359' title='bbox 909 3445 948 3510; x_wconf 92' lang='lat' dir='ltr'>de</span> <span class='ocrx_word' id='word_1_360' title='bbox 981 3445 1106 3510; x_wconf 89' lang='lat' dir='ltr'>Enncdi</span> <span class='ocrx_word' id='word_1_361' title='bbox 1135 3445 1245 3511; x_wconf 92' lang='lat' dir='ltr'>morbo</span> <span class='ocrx_word' id='word_1_362' title='bbox 1273 3447 1440 3510; x_wconf 91' lang='lat' dir='ltr'>statuimus</span> <span class='ocrx_word' id='word_1_363' title='bbox 1474 3443 1700 3509; x_wconf 82' lang='lat' dir='ltr'>rescindamus:</span> <span class='ocrx_word' id='word_1_364' title='bbox 1733 3445 1764 3508; x_wconf 93' lang='lat' dir='ltr'>in</span> <span class='ocrx_word' id='word_1_365' title='bbox 1795 3444 1990 3509; x_wconf 88' lang='lat' dir='ltr'>confessione</span> <span class='ocrx_word' id='word_1_366' title='bbox 2022 3447 2107 3510; x_wconf 85' lang='lat' dir='ltr'>faeta</span> 
     </span>
     <span class='ocr_line' id='line_1_31' title="bbox 448 3549 1995 3636; baseline 0.001 -24"><span class='ocrx_word' id='word_1_367' title='bbox 448 3557 479 3612; x_wconf 92' lang='lat' dir='ltr'>et</span> <span class='ocrx_word' id='word_1_368' title='bbox 506 3551 579 3614; x_wconf 88' lang='lat' dir='ltr'>ficta</span> <span class='ocrx_word' id='word_1_369' title='bbox 600 3550 824 3636; x_wconf 88' lang='lat' dir='ltr'>permiscentur</span> <span class='ocrx_word' id='word_1_370' title='bbox 845 3560 877 3613; x_wconf 92' lang='lat' dir='ltr'>et</span> <span class='ocrx_word' id='word_1_371' title='bbox 897 3561 1044 3636; x_wconf 85' lang='lat' dir='ltr'>tanquam</span> <span class='ocrx_word' id='word_1_372' title='bbox 1068 3550 1100 3612; x_wconf 93' lang='lat' dir='ltr'>in</span> <span class='ocrx_word' id='word_1_373' title='bbox 1126 3550 1233 3614; x_wconf 88' lang='lat' dir='ltr'>tabula</span> <span class='ocrx_word' id='word_1_374' title='bbox 1261 3572 1310 3614; x_wconf 90' lang='lat' dir='ltr'>res</span> <span class='ocrx_word' id='word_1_375' title='bbox 1341 3549 1432 3634; x_wconf 88' lang='lat' dir='ltr'>longe</span> <span class='ocrx_word' id='word_1_376' title='bbox 1462 3549 1614 3614; x_wconf 81' lang='lat' dir='ltr'>distantes</span> <span class='ocrx_word' id='word_1_377' title='bbox 1642 3550 1739 3614; x_wconf 88' lang='lat' dir='ltr'>artius</span> <span class='ocrx_word' id='word_1_378' title='bbox 1762 3549 1995 3614; x_wconf 81' lang='lat' dir='ltr'>contrahuntur.</span> 
     </span>
    </p>

    <p class='ocr_par' dir='ltr' id='par_1_3' title="bbox 369 3651 2197 5723">
     <span class='ocr_line' id='line_1_32' title="bbox 552 3651 2106 3740; baseline -0.001 -22"><span class='ocrx_word' id='word_1_379' title='bbox 552 3653 631 3718; x_wconf 90' lang='lat' dir='ltr'>Plus</span> <span class='ocrx_word' id='word_1_380' title='bbox 657 3653 751 3718; x_wconf 89' lang='lat' dir='ltr'>etiam</span> <span class='ocrx_word' id='word_1_381' title='bbox 773 3677 866 3740; x_wconf 90' lang='lat' dir='ltr'>quam</span> <span class='ocrx_word' id='word_1_382' title='bbox 895 3653 936 3718; x_wconf 89' lang='lat' dir='ltr'>ad</span> <span class='ocrx_word' id='word_1_383' title='bbox 965 3653 1193 3718; x_wconf 86' lang='lat' dir='ltr'>confessionem</span> <span class='ocrx_word' id='word_1_384' title='bbox 1214 3653 1342 3718; x_wconf 85' lang='lat' dir='ltr'>Ennodi</span> <span class='ocrx_word' id='word_1_385' title='bbox 1370 3653 1606 3739; x_wconf 86' lang='lat' dir='ltr'>intellegendam</span> <span class='ocrx_word' id='word_1_386' title='bbox 1638 3655 1765 3718; x_wconf 85' lang='lat' dir='ltr'>interest</span> <span class='ocrx_word' id='word_1_387' title='bbox 1794 3653 1834 3718; x_wconf 88' lang='lat' dir='ltr'>ad</span> <span class='ocrx_word' id='word_1_388' title='bbox 1861 3653 2028 3740; x_wconf 89' lang='lat' dir='ltr'>epistulam</span> <span class='ocrx_word' id='word_1_389' title='bbox 2050 3651 2106 3716; x_wconf 91' lang='lat' dir='ltr'>ad-</span> 
     </span>
     <span class='ocr_line' id='line_1_33' title="bbox 450 3754 2106 3845; baseline -0.001 -23"><span class='ocrx_word' id='word_1_390' title='bbox 450 3758 630 3824; x_wconf 88' lang='lat' dir='ltr'>monitionis</span> <span class='ocrx_word' id='word_1_391' title='bbox 654 3758 824 3822; x_wconf 87' lang='lat' dir='ltr'>Ambrosio</span> <span class='ocrx_word' id='word_1_392' title='bbox 846 3766 876 3821; x_wconf 90' lang='lat' dir='ltr'>et</span> <span class='ocrx_word' id='word_1_393' title='bbox 898 3758 998 3822; x_wconf 90' lang='lat' dir='ltr'>Beato</span> <span class='ocrx_word' id='word_1_394' title='bbox 1025 3759 1154 3822; x_wconf 89' lang='lat' dir='ltr'>missam</span> <span class='ocrx_word' id='word_1_395' title='bbox 1176 3762 1238 3845; x_wconf 89' lang='lat' dir='ltr'>(op.</span> <span class='ocrx_word' id='word_1_396' title='bbox 1261 3757 1413 3837; x_wconf 83' lang='lat' dir='ltr'>CDLII),</span> <span class='ocrx_word' id='word_1_397' title='bbox 1442 3768 1477 3822; x_wconf 89' lang='grc' dir='ltr'>ιιι</span> <span class='ocrx_word' id='word_1_398' title='bbox 1503 3768 1642 3845; x_wconf 90' lang='lat' dir='ltr'>tempus,</span> <span class='ocrx_word' id='word_1_399' title='bbox 1669 3781 1732 3844; x_wconf 90' lang='lat' dir='ltr'>quo</span> <span class='ocrx_word' id='word_1_400' title='bbox 1759 3759 1791 3822; x_wconf 93' lang='lat' dir='ltr'>in</span> <span class='ocrx_word' id='word_1_401' title='bbox 1815 3757 1958 3822; x_wconf 92' lang='lat' dir='ltr'>morbum</span> <span class='ocrx_word' id='word_1_402' title='bbox 1986 3754 2106 3836; x_wconf 90' lang='lat' dir='ltr'>incidit,</span> 
     </span>
     <span class='ocr_line' id='line_1_34' title="bbox 449 3860 2197 3949; baseline 0 -24"><span class='ocrx_word' id='word_1_403' title='bbox 449 3862 645 3949; x_wconf 81' lang='lat' dir='ltr'>exploratum</span> <span class='ocrx_word' id='word_1_404' title='bbox 667 3863 718 3926; x_wconf 89' lang='lat' dir='ltr'>sit.</span> <span class='ocrx_word' id='word_1_405' title='bbox 762 3861 897 3940; x_wconf 87' lang='lat' dir='ltr'>Usener,</span> <span class='ocrx_word' id='word_1_406' title='bbox 926 3861 979 3947; x_wconf 92' lang='lat' dir='ltr'>qui</span> <span class='ocrx_word' id='word_1_407' title='bbox 1002 3861 1078 3946; x_wconf 91' lang='lat' dir='ltr'>quid</span> <span class='ocrx_word' id='word_1_408' title='bbox 1101 3861 1248 3948; x_wconf 91' lang='lat' dir='ltr'>ponderis</span> <span class='ocrx_word' id='word_1_409' title='bbox 1271 3862 1317 3926; x_wconf 93' lang='lat' dir='ltr'>illi</span> <span class='ocrx_word' id='word_1_410' title='bbox 1340 3861 1492 3948; x_wconf 90' lang='lat' dir='ltr'>epistulae</span> <span class='ocrx_word' id='word_1_411' title='bbox 1513 3861 1641 3942; x_wconf 88' lang='lat' dir='ltr'>inesset,</span> <span class='ocrx_word' id='word_1_412' title='bbox 1662 3872 1745 3926; x_wconf 89' lang='lat' dir='ltr'>recte</span> <span class='ocrx_word' id='word_1_413' title='bbox 1766 3861 1934 3947; x_wconf 83' lang='lat' dir='ltr'>perspexit,</span> <span class='ocrx_word' id='word_1_414' title='bbox 1957 3860 2107 3948; x_wconf 87' lang='lat' dir='ltr'>scriptam</span> <span class='ocrx_word' id='word_1_415' title='bbox 2195 3863 2197 3866; x_wconf 75' lang='grc'><strong>’</strong></span> 
     </span>
     <span class='ocr_line' id='line_1_35' title="bbox 449 3962 2106 4051; baseline 0 -21"><span class='ocrx_word' id='word_1_416' title='bbox 449 3989 518 4031; x_wconf 89' lang='lat' dir='ltr'>eam</span> <span class='ocrx_word' id='word_1_417' title='bbox 540 3967 621 4031; x_wconf 89' lang='lat' dir='ltr'>inter</span> <span class='ocrx_word' id='word_1_418' title='bbox 642 3987 741 4031; x_wconf 86' lang='lat' dir='ltr'>annos</span> <span class='ocrx_word' id='word_1_419' title='bbox 764 3969 827 4033; x_wconf 89' lang='grc'>505</span> <span class='ocrx_word' id='word_1_420' title='bbox 850 3973 881 4030; x_wconf 89' lang='lat' dir='ltr'>et</span> <span class='ocrx_word' id='word_1_421' title='bbox 903 3969 966 4033; x_wconf 84' lang='lat'>509</span> <span class='ocrx_word' id='word_1_422' title='bbox 988 3987 1057 4030; x_wconf 89' lang='lat' dir='ltr'>esse</span> <span class='ocrx_word' id='word_1_423' title='bbox 1079 3964 1241 4030; x_wconf 83' lang='lat' dir='ltr'>contendit</span> <span class='ocrx_word' id='word_1_424' title='bbox 1263 3963 1392 4046; x_wconf 86' lang='lat' dir='ltr'>(Anecd.</span> <span class='ocrx_word' id='word_1_425' title='bbox 1408 3963 1541 4029; x_wconf 90' lang='lat' dir='ltr'>Holderi</span> <span class='ocrx_word' id='word_1_426' title='bbox 1564 3971 1671 4051; x_wconf 79' lang='lat' dir='ltr'>phet</span> <span class='ocrx_word' id='word_1_427' title='bbox 1688 3969 1747 4045; x_wconf 81' lang='grc'><strong>10).</strong></span> <span class='ocrx_word' id='word_1_428' title='bbox 1782 3962 1837 4028; x_wconf 88' lang='lat' dir='ltr'>sed</span> <span class='ocrx_word' id='word_1_429' title='bbox 1861 3972 1896 4027; x_wconf 91' lang='lat' dir='ltr'>ut</span> <span class='ocrx_word' id='word_1_430' title='bbox 1916 3963 1998 4044; x_wconf 91' lang='lat' dir='ltr'>inde,</span> <span class='ocrx_word' id='word_1_431' title='bbox 2019 3963 2106 4051; x_wconf 93' lang='lat' dir='ltr'>quod</span> 
     </span>
     <span class='ocr_line' id='line_1_36' title="bbox 449 4067 2107 4156; baseline 0 -23"><span class='ocrx_word' id='word_1_432' title='bbox 449 4069 563 4134; x_wconf 88' lang='lat' dir='ltr'>Festus</span> <span class='ocrx_word' id='word_1_433' title='bbox 590 4080 622 4135; x_wconf 91' lang='lat' dir='ltr'>et</span> <span class='ocrx_word' id='word_1_434' title='bbox 651 4070 825 4148; x_wconf 92' lang='lat' dir='ltr'>Probinus,</span> <span class='ocrx_word' id='word_1_435' title='bbox 851 4070 905 4156; x_wconf 90' lang='lat' dir='ltr'>qui</span> <span class='ocrx_word' id='word_1_436' title='bbox 928 4091 1026 4155; x_wconf 89' lang='lat' dir='ltr'>usque</span> <span class='ocrx_word' id='word_1_437' title='bbox 1054 4068 1094 4134; x_wconf 87' lang='lat' dir='ltr'>ad</span> <span class='ocrx_word' id='word_1_438' title='bbox 1116 4091 1232 4134; x_wconf 91' lang='lat' dir='ltr'>annum</span> <span class='ocrx_word' id='word_1_439' title='bbox 1263 4075 1326 4138; x_wconf 84' lang='grc'><strong>500</strong></span> <span class='ocrx_word' id='word_1_440' title='bbox 1350 4069 1400 4134; x_wconf 91' lang='lat' dir='ltr'>vel</span> <span class='ocrx_word' id='word_1_441' title='bbox 1423 4072 1485 4135; x_wconf 83' lang='grc'><strong>507</strong></span> <span class='ocrx_word' id='word_1_442' title='bbox 1516 4069 1655 4133; x_wconf 72' lang='lat' dir='ltr'>ater-rimi</span> <span class='ocrx_word' id='word_1_443' title='bbox 1684 4067 1863 4155; x_wconf 86' lang='lat' dir='ltr'>Symmachi</span> <span class='ocrx_word' id='word_1_444' title='bbox 1885 4089 1986 4154; x_wconf 86' lang='lat' dir='ltr'>papae</span> <span class='ocrx_word' id='word_1_445' title='bbox 2012 4077 2107 4154; x_wconf 88' lang='lat' dir='ltr'>atque</span> 
     </span>
     <span class='ocr_line' id='line_1_37' title="bbox 450 4170 2106 4260; baseline -0.001 -22"><span class='ocrx_word' id='word_1_446' title='bbox 450 4172 520 4238; x_wconf 92' lang='lat' dir='ltr'>idco</span> <span class='ocrx_word' id='word_1_447' title='bbox 542 4175 635 4239; x_wconf 90' lang='lat' dir='ltr'>etiam</span> <span class='ocrx_word' id='word_1_448' title='bbox 658 4172 785 4238; x_wconf 85' lang='lat' dir='ltr'>Euuodi</span> <span class='ocrx_word' id='word_1_449' title='bbox 808 4170 979 4238; x_wconf 90' lang='lat' dir='ltr'>adversarii</span> <span class='ocrx_word' id='word_1_450' title='bbox 1001 4172 1134 4252; x_wconf 87' lang='lat' dir='ltr'>fuerunt,</span> <span class='ocrx_word' id='word_1_451' title='bbox 1156 4173 1207 4238; x_wconf 92' lang='lat' dir='ltr'>hic</span> <span class='ocrx_word' id='word_1_452' title='bbox 1229 4183 1265 4238; x_wconf 89' lang='lat' dir='ltr'>ut</span> <span class='ocrx_word' id='word_1_453' title='bbox 1285 4173 1378 4238; x_wconf 88' lang='lat' dir='ltr'>amici</span> <span class='ocrx_word' id='word_1_454' title='bbox 1400 4171 1546 4237; x_wconf 92' lang='lat' dir='ltr'>laudibus</span> <span class='ocrx_word' id='word_1_455' title='bbox 1568 4172 1728 4252; x_wconf 88' lang='lat' dir='ltr'>tolluntur,</span> <span class='ocrx_word' id='word_1_456' title='bbox 1749 4172 1834 4238; x_wconf 92' lang='lat' dir='ltr'>illam</span> <span class='ocrx_word' id='word_1_457' title='bbox 1854 4173 2021 4260; x_wconf 89' lang='lat' dir='ltr'>epistulam</span> <span class='ocrx_word' id='word_1_458' title='bbox 2042 4195 2106 4238; x_wconf 94' lang='lat' dir='ltr'>non</span> 
     </span>
     <span class='ocr_line' id='line_1_38' title="bbox 449 4275 2106 4365; baseline 0 -23"><span class='ocrx_word' id='word_1_459' title='bbox 449 4300 532 4343; x_wconf 89' lang='lat' dir='ltr'>auno</span> <span class='ocrx_word' id='word_1_460' title='bbox 555 4282 618 4346; x_wconf 89' lang='grc'>505</span> <span class='ocrx_word' id='word_1_461' title='bbox 645 4299 744 4364; x_wconf 90' lang='lat' dir='ltr'>neque</span> <span class='ocrx_word' id='word_1_462' title='bbox 776 4277 881 4341; x_wconf 87' lang='lat' dir='ltr'>statim</span> <span class='ocrx_word' id='word_1_463' title='bbox 911 4286 985 4364; x_wconf 92' lang='lat' dir='ltr'>post</span> <span class='ocrx_word' id='word_1_464' title='bbox 1013 4277 1162 4364; x_wconf 88' lang='lat' dir='ltr'>scriptam</span> <span class='ocrx_word' id='word_1_465' title='bbox 1197 4299 1266 4342; x_wconf 89' lang='lat' dir='ltr'>esse</span> <span class='ocrx_word' id='word_1_466' title='bbox 1297 4275 1481 4342; x_wconf 88' lang='lat' dir='ltr'>concludere</span> <span class='ocrx_word' id='word_1_467' title='bbox 1514 4275 1678 4354; x_wconf 91' lang='lat' dir='ltr'>debemus,</span> <span class='ocrx_word' id='word_1_468' title='bbox 1716 4276 1761 4340; x_wconf 88' lang='lat' dir='ltr'>ita</span> <span class='ocrx_word' id='word_1_469' title='bbox 1787 4277 1872 4357; x_wconf 89' lang='lat' dir='ltr'>finis,</span> <span class='ocrx_word' id='word_1_470' title='bbox 1903 4277 1986 4342; x_wconf 88' lang='lat' dir='ltr'>ultra</span> <span class='ocrx_word' id='word_1_471' title='bbox 2013 4299 2106 4365; x_wconf 90' lang='lat' dir='ltr'>quem</span> 
     </span>
     <span class='ocr_line' id='line_1_39' title="bbox 449 4379 2106 4468; baseline 0 -22"><span class='ocrx_word' id='word_1_472' title='bbox 449 4381 634 4468; x_wconf 86' lang='lat' dir='ltr'>opusculum</span> <span class='ocrx_word' id='word_1_473' title='bbox 658 4380 806 4446; x_wconf 86' lang='lat' dir='ltr'>constitui</span> <span class='ocrx_word' id='word_1_474' title='bbox 829 4389 929 4461; x_wconf 89' lang='lat' dir='ltr'>vetat,</span> <span class='ocrx_word' id='word_1_475' title='bbox 956 4403 1069 4467; x_wconf 89' lang='lat' dir='ltr'>parum</span> <span class='ocrx_word' id='word_1_476' title='bbox 1090 4389 1193 4446; x_wconf 88' lang='lat' dir='ltr'>certus</span> <span class='ocrx_word' id='word_1_477' title='bbox 1224 4379 1356 4446; x_wconf 89' lang='lat' dir='ltr'>videtur.</span> <span class='ocrx_word' id='word_1_478' title='bbox 1400 4403 1526 4446; x_wconf 87' lang='lat' dir='ltr'>causam</span> <span class='ocrx_word' id='word_1_479' title='bbox 1549 4379 1690 4467; x_wconf 89' lang='lat' dir='ltr'>quidem,</span> <span class='ocrx_word' id='word_1_480' title='bbox 1720 4403 1775 4445; x_wconf 91' lang='lat' dir='ltr'>cur</span> <span class='ocrx_word' id='word_1_481' title='bbox 1802 4403 1865 4446; x_wconf 92' lang='lat' dir='ltr'>non</span> <span class='ocrx_word' id='word_1_482' title='bbox 1893 4390 1967 4468; x_wconf 90' lang='lat' dir='ltr'>post</span> <span class='ocrx_word' id='word_1_483' title='bbox 1989 4403 2106 4446; x_wconf 88' lang='lat' dir='ltr'>aunum</span> 
     </span>
     <span class='ocr_line' id='line_1_40' title="bbox 450 4483 2106 4573; baseline -0.002 -21"><span class='ocrx_word' id='word_1_484' title='bbox 450 4489 513 4552; x_wconf 89' lang='grc'><strong>509</strong></span> <span class='ocrx_word' id='word_1_485' title='bbox 536 4493 640 4550; x_wconf 82' lang='lat' dir='ltr'>ortum</span> <span class='ocrx_word' id='word_1_486' title='bbox 661 4505 730 4550; x_wconf 89' lang='lat' dir='ltr'>esse</span> <span class='ocrx_word' id='word_1_487' title='bbox 751 4485 860 4572; x_wconf 76' lang='lat' dir='ltr'>possit,</span> <span class='ocrx_word' id='word_1_488' title='bbox 882 4485 964 4549; x_wconf 87' lang='lat' dir='ltr'>hanc</span> <span class='ocrx_word' id='word_1_489' title='bbox 985 4483 1062 4550; x_wconf 89' lang='lat' dir='ltr'>dicit</span> <span class='ocrx_word' id='word_1_490' title='bbox 1083 4484 1167 4550; x_wconf 90' lang='lat' dir='ltr'>haud</span> <span class='ocrx_word' id='word_1_491' title='bbox 1183 4485 1399 4573; x_wconf 90' lang='lat' dir='ltr'>spernendam,</span> <span class='ocrx_word' id='word_1_492' title='bbox 1421 4484 1506 4573; x_wconf 90' lang='lat' dir='ltr'>quod</span> <span class='ocrx_word' id='word_1_493' title='bbox 1528 4484 1556 4549; x_wconf 90' lang='lat' dir='ltr'>si</span> <span class='ocrx_word' id='word_1_494' title='bbox 1579 4507 1661 4550; x_wconf 89' lang='lat' dir='ltr'>anuo</span> <span class='ocrx_word' id='word_1_495' title='bbox 1684 4487 1747 4552; x_wconf 90' lang='grc'><strong>510</strong></span> <span class='ocrx_word' id='word_1_496' title='bbox 1763 4485 1812 4550; x_wconf 89' lang='lat' dir='ltr'>vel</span> <span class='ocrx_word' id='word_1_497' title='bbox 1828 4494 1939 4572; x_wconf 87' lang='lat' dir='ltr'>postea</span> <span class='ocrx_word' id='word_1_498' title='bbox 1953 4485 2106 4571; x_wconf 88' lang='lat' dir='ltr'>scriptum</span> 
     </span>
     <span class='ocr_line' id='line_1_41' title="bbox 450 4587 2107 4676; baseline -0.001 -21"><span class='ocrx_word' id='word_1_499' title='bbox 450 4599 539 4670; x_wconf 87' lang='lat' dir='ltr'>esset,</span> <span class='ocrx_word' id='word_1_500' title='bbox 564 4589 688 4669; x_wconf 92' lang='lat' dir='ltr'>Boethi,</span> <span class='ocrx_word' id='word_1_501' title='bbox 709 4589 764 4676; x_wconf 91' lang='lat' dir='ltr'>qui</span> <span class='ocrx_word' id='word_1_502' title='bbox 787 4587 904 4655; x_wconf 92' lang='lat' dir='ltr'>ibidem</span> <span class='ocrx_word' id='word_1_503' title='bbox 926 4587 1082 4670; x_wconf 89' lang='lat' dir='ltr'>laudatur,</span> <span class='ocrx_word' id='word_1_504' title='bbox 1104 4589 1285 4654; x_wconf 88' lang='lat' dir='ltr'>consulatus</span> <span class='ocrx_word' id='word_1_505' title='bbox 1308 4589 1425 4654; x_wconf 89' lang='lat' dir='ltr'>mentio</span> <span class='ocrx_word' id='word_1_506' title='bbox 1447 4588 1556 4654; x_wconf 87' lang='lat' dir='ltr'>deesse</span> <span class='ocrx_word' id='word_1_507' title='bbox 1578 4611 1640 4653; x_wconf 92' lang='lat' dir='ltr'>non</span> <span class='ocrx_word' id='word_1_508' title='bbox 1663 4597 1779 4675; x_wconf 87' lang='lat' dir='ltr'>posset</span> <span class='ocrx_word' id='word_1_509' title='bbox 1824 4597 1857 4653; x_wconf 91' lang='lat' dir='ltr'>at</span> <span class='ocrx_word' id='word_1_510' title='bbox 1878 4609 1948 4652; x_wconf 92' lang='lat' dir='ltr'>oum</span> <span class='ocrx_word' id='word_1_511' title='bbox 1971 4588 2107 4669; x_wconf 91' lang='lat' dir='ltr'>libellus,</span> 
     </span>
     <span class='ocr_line' id='line_1_42' title="bbox 369 4691 2106 4780; baseline 0.002 -26"><span class='ocrx_word' id='word_1_512' title='bbox 369 4749 370 4754; x_wconf 73' lang='grc'><strong>,</strong></span> <span class='ocrx_word' id='word_1_513' title='bbox 449 4691 573 4780; x_wconf 88' lang='lat' dir='ltr'>dequo</span> <span class='ocrx_word' id='word_1_514' title='bbox 595 4694 707 4780; x_wconf 84' lang='lat' dir='ltr'>agihrr,</span> <span class='ocrx_word' id='word_1_515' title='bbox 729 4694 900 4760; x_wconf 85' lang='lat' dir='ltr'>Ambrosio</span> <span class='ocrx_word' id='word_1_516' title='bbox 923 4702 954 4758; x_wconf 90' lang='lat' dir='ltr'>et</span> <span class='ocrx_word' id='word_1_517' title='bbox 975 4694 1084 4774; x_wconf 90' lang='lat' dir='ltr'>Beato,</span> <span class='ocrx_word' id='word_1_518' title='bbox 1106 4695 1161 4780; x_wconf 93' lang='lat' dir='ltr'>qui</span> <span class='ocrx_word' id='word_1_519' title='bbox 1174 4695 1294 4760; x_wconf 87' lang='lat' dir='ltr'>Romae</span> <span class='ocrx_word' id='word_1_520' title='bbox 1315 4695 1407 4760; x_wconf 90' lang='lat' dir='ltr'>bonis</span> <span class='ocrx_word' id='word_1_521' title='bbox 1431 4694 1550 4760; x_wconf 85' lang='lat' dir='ltr'>artibus</span> <span class='ocrx_word' id='word_1_522' title='bbox 1573 4715 1700 4780; x_wconf 89' lang='lat' dir='ltr'>operam</span> <span class='ocrx_word' id='word_1_523' title='bbox 1722 4691 1849 4772; x_wconf 87' lang='lat' dir='ltr'>dabant,</span> <span class='ocrx_word' id='word_1_524' title='bbox 1872 4692 2033 4760; x_wconf 87' lang='lat' dir='ltr'>dedicatus</span> <span class='ocrx_word' id='word_1_525' title='bbox 2057 4695 2106 4774; x_wconf 80' lang='lat' dir='ltr'>sit,</span> 
     </span>
     <span class='ocr_line' id='line_1_43' title="bbox 449 4796 2105 4886; baseline -0.001 -22"><span class='ocrx_word' id='word_1_526' title='bbox 449 4799 653 4865; x_wconf 79' lang='lat' dir='ltr'>Ambrosimn</span> <span class='ocrx_word' id='word_1_527' title='bbox 676 4807 779 4863; x_wconf 89' lang='lat' dir='ltr'>autem</span> <span class='ocrx_word' id='word_1_528' title='bbox 801 4822 872 4862; x_wconf 91' lang='lat' dir='ltr'>cum</span> <span class='ocrx_word' id='word_1_529' title='bbox 894 4797 973 4880; x_wconf 90' lang='lat' dir='ltr'>aliis,</span> <span class='ocrx_word' id='word_1_530' title='bbox 994 4800 1049 4886; x_wconf 91' lang='lat' dir='ltr'>qui</span> <span class='ocrx_word' id='word_1_531' title='bbox 1071 4800 1191 4865; x_wconf 86' lang='lat' dir='ltr'>Romae</span> <span class='ocrx_word' id='word_1_532' title='bbox 1212 4800 1406 4879; x_wconf 85' lang='lat' dir='ltr'>habitabant,</span> <span class='ocrx_word' id='word_1_533' title='bbox 1427 4808 1494 4864; x_wconf 91' lang='lat' dir='ltr'>tum</span> <span class='ocrx_word' id='word_1_534' title='bbox 1516 4798 1656 4863; x_wconf 89' lang='lat' dir='ltr'>Prohinc</span> <span class='ocrx_word' id='word_1_535' title='bbox 1678 4796 1843 4863; x_wconf 86' lang='lat' dir='ltr'>Ennodius</span> <span class='ocrx_word' id='word_1_536' title='bbox 1866 4808 1940 4884; x_wconf 83' lang='lat' dir='ltr'>post</span> <span class='ocrx_word' id='word_1_537' title='bbox 1961 4796 2105 4862; x_wconf 91' lang='lat' dir='ltr'>morbum</span> 
     </span>
     <span class='ocr_line' id='line_1_44' title="bbox 450 4901 2106 4992; baseline 0.002 -26"><span class='ocrx_word' id='word_1_538' title='bbox 450 4924 541 4967; x_wconf 92' lang='lat' dir='ltr'>suum</span> <span class='ocrx_word' id='word_1_539' title='bbox 565 4901 829 4970; x_wconf 87' lang='lat' dir='ltr'>commendaverit</span> <span class='ocrx_word' id='word_1_540' title='bbox 850 4908 897 4991; x_wconf 90' lang='lat' dir='ltr'>(p.</span> <span class='ocrx_word' id='word_1_541' title='bbox 911 4907 984 4985; x_wconf 85' lang='lat'>295,</span> <span class='ocrx_word' id='word_1_542' title='bbox 1002 4907 1073 4988; x_wconf 82' lang='lat'>13),</span> <span class='ocrx_word' id='word_1_543' title='bbox 1101 4914 1173 4992; x_wconf 88' lang='lat' dir='ltr'>post</span> <span class='ocrx_word' id='word_1_544' title='bbox 1195 4905 1313 4970; x_wconf 90' lang='lat' dir='ltr'>Iulium</span> <span class='ocrx_word' id='word_1_545' title='bbox 1342 4906 1416 4972; x_wconf 91' lang='lat' dir='ltr'>anni</span> <span class='ocrx_word' id='word_1_546' title='bbox 1439 4908 1500 4973; x_wconf 91' lang='grc'><strong>511</strong></span> <span class='ocrx_word' id='word_1_547' title='bbox 1525 4905 1691 4992; x_wconf 87' lang='lat' dir='ltr'>epistulam</span> <span class='ocrx_word' id='word_1_548' title='bbox 1712 4903 1935 4970; x_wconf 85' lang='lat' dir='ltr'>didascalicam</span> <span class='ocrx_word' id='word_1_549' title='bbox 1957 4905 2106 4991; x_wconf 89' lang='lat' dir='ltr'>scriptam</span> 
     </span>
     <span class='ocr_line' id='line_1_45' title="bbox 451 5007 2107 5097; baseline -0.001 -25"><span class='ocrx_word' id='word_1_550' title='bbox 451 5029 520 5072; x_wconf 89' lang='lat' dir='ltr'>esse</span> <span class='ocrx_word' id='word_1_551' title='bbox 542 5007 575 5070; x_wconf 90' lang='lat' dir='ltr'>iu</span> <span class='ocrx_word' id='word_1_552' title='bbox 604 5017 753 5094; x_wconf 91' lang='lat' dir='ltr'>promptu</span> <span class='ocrx_word' id='word_1_553' title='bbox 781 5017 837 5074; x_wconf 89' lang='lat' dir='ltr'>est.</span> <span class='ocrx_word' id='word_1_554' title='bbox 882 5031 981 5095; x_wconf 87' lang='lat' dir='ltr'>neque</span> <span class='ocrx_word' id='word_1_555' title='bbox 1008 5017 1110 5074; x_wconf 87' lang='lat' dir='ltr'>autem</span> <span class='ocrx_word' id='word_1_556' title='bbox 1141 5009 1240 5074; x_wconf 92' lang='lat' dir='ltr'>multo</span> <span class='ocrx_word' id='word_1_557' title='bbox 1267 5019 1342 5096; x_wconf 89' lang='lat' dir='ltr'>post</span> <span class='ocrx_word' id='word_1_558' title='bbox 1368 5009 1485 5074; x_wconf 88' lang='lat' dir='ltr'>Iulium</span> <span class='ocrx_word' id='word_1_559' title='bbox 1513 5013 1574 5077; x_wconf 87' lang='lat'>511</span> <span class='ocrx_word' id='word_1_560' title='bbox 1603 5031 1672 5074; x_wconf 90' lang='lat' dir='ltr'>eam</span> <span class='ocrx_word' id='word_1_561' title='bbox 1699 5009 1905 5097; x_wconf 88' lang='lat' dir='ltr'>compositam</span> <span class='ocrx_word' id='word_1_562' title='bbox 1935 5031 2003 5074; x_wconf 89' lang='lat' dir='ltr'>esse</span> <span class='ocrx_word' id='word_1_563' title='bbox 2033 5007 2107 5072; x_wconf 89' lang='lat' dir='ltr'>hinc</span> 
     </span>
     <span class='ocr_line' id='line_1_46' title="bbox 449 5110 2107 5201; baseline 0.001 -26"><span class='ocrx_word' id='word_1_564' title='bbox 449 5111 595 5176; x_wconf 88' lang='lat' dir='ltr'>efficitur:</span> <span class='ocrx_word' id='word_1_565' title='bbox 622 5110 788 5176; x_wconf 86' lang='lat' dir='ltr'>Ennodius</span> <span class='ocrx_word' id='word_1_566' title='bbox 818 5110 913 5178; x_wconf 91' lang='lat' dir='ltr'>modo</span> <span class='ocrx_word' id='word_1_567' title='bbox 939 5135 979 5177; x_wconf 88' lang='lat' dir='ltr'>ex</span> <span class='ocrx_word' id='word_1_568' title='bbox 1008 5113 1118 5178; x_wconf 92' lang='lat' dir='ltr'>morbo</span> <span class='ocrx_word' id='word_1_569' title='bbox 1143 5115 1307 5179; x_wconf 89' lang='lat' dir='ltr'>restitutus</span> <span class='ocrx_word' id='word_1_570' title='bbox 1333 5114 1491 5180; x_wconf 89' lang='lat' dir='ltr'>Barbarae</span> <span class='ocrx_word' id='word_1_571' title='bbox 1519 5113 1687 5200; x_wconf 86' lang='lat' dir='ltr'>scripserat</span> <span class='ocrx_word' id='word_1_572' title='bbox 1708 5118 1748 5201; x_wconf 82' lang='lat' dir='ltr'>(p.</span> <span class='ocrx_word' id='word_1_573' title='bbox 1764 5117 1837 5193; x_wconf 87' lang='grc'><strong>281,</strong></span> <span class='ocrx_word' id='word_1_574' title='bbox 1849 5115 1918 5194; x_wconf 78' lang='grc'><strong>23);</strong></span> <span class='ocrx_word' id='word_1_575' title='bbox 1948 5110 2107 5199; x_wconf 88' lang='lat' dir='ltr'>,pmmitto</span> 
     </span>
     <span class='ocr_line' id='line_1_47' title="bbox 450 5213 2107 5304; baseline 0.003 -27"><span class='ocrx_word' id='word_1_576' title='bbox 450 5213 527 5278; x_wconf 90' lang='lat' dir='ltr'>mihi</span> <span class='ocrx_word' id='word_1_577' title='bbox 549 5223 582 5279; x_wconf 87' lang='lat' dir='ltr'>et</span> <span class='ocrx_word' id='word_1_578' title='bbox 603 5214 766 5281; x_wconf 90' lang='lat' dir='ltr'>desideriis</span> <span class='ocrx_word' id='word_1_579' title='bbox 789 5216 880 5297; x_wconf 87' lang='lat' dir='ltr'>meis,</span> <span class='ocrx_word' id='word_1_580' title='bbox 913 5215 998 5303; x_wconf 91' lang='lat' dir='ltr'>quod</span> <span class='ocrx_word' id='word_1_581' title='bbox 1027 5239 1098 5281; x_wconf 91' lang='lat' dir='ltr'>cum</span> <span class='ocrx_word' id='word_1_582' title='bbox 1126 5217 1275 5283; x_wconf 87' lang='lat' dir='ltr'>felicitate</span> <span class='ocrx_word' id='word_1_583' title='bbox 1297 5227 1401 5284; x_wconf 85' lang='lat' dir='ltr'>vestra</span> <span class='ocrx_word' id='word_1_584' title='bbox 1429 5226 1461 5282; x_wconf 93' lang='lat' dir='ltr'>et</span> <span class='ocrx_word' id='word_1_585' title='bbox 1488 5216 1604 5304; x_wconf 83' lang='lat' dir='ltr'>gaudio</span> <span class='ocrx_word' id='word_1_586' title='bbox 1634 5214 1676 5282; x_wconf 88' lang='lat' dir='ltr'>ad</span> <span class='ocrx_word' id='word_1_587' title='bbox 1704 5218 1921 5284; x_wconf 85' lang='lat' dir='ltr'>comitatenses</span> <span class='ocrx_word' id='word_1_588' title='bbox 1949 5216 2107 5296; x_wconf 86' lang='lat' dir='ltr'>excubias,</span> 
     </span>
     <span class='ocr_line' id='line_1_48' title="bbox 450 5318 2106 5410; baseline 0.001 -28"><span class='ocrx_word' id='word_1_589' title='bbox 450 5340 530 5403; x_wconf 92' lang='lat' dir='ltr'>quae</span> <span class='ocrx_word' id='word_1_590' title='bbox 552 5318 635 5384; x_wconf 91' lang='lat' dir='ltr'>votis</span> <span class='ocrx_word' id='word_1_591' title='bbox 658 5320 736 5385; x_wconf 90' lang='lat' dir='ltr'>meis</span> <span class='ocrx_word' id='word_1_592' title='bbox 759 5321 945 5401; x_wconf 85' lang='lat' dir='ltr'>satisfaciat,</span> <span class='ocrx_word' id='word_1_593' title='bbox 967 5319 1104 5407; x_wconf 86' lang='lat' dir='ltr'>dignitas</span> <span class='ocrx_word' id='word_1_594' title='bbox 1132 5321 1246 5410; x_wconf 87' lang='lat' dir='ltr'>adepta</span> <span class='ocrx_word' id='word_1_595' title='bbox 1269 5345 1326 5389; x_wconf 90' lang='lat' dir='ltr'>vos</span> <span class='ocrx_word' id='word_1_596' title='bbox 1348 5330 1457 5387; x_wconf 92' lang='lat' dir='ltr'>evocet</span> <span class='ocrx_word' id='word_1_597' title='bbox 1529 5319 1660 5388; x_wconf 90' lang='lat' dir='ltr'>videant</span> <span class='ocrx_word' id='word_1_598' title='bbox 1681 5322 1765 5389; x_wconf 90' lang='lat' dir='ltr'>bona</span> <span class='ocrx_word' id='word_1_599' title='bbox 1786 5321 1947 5388; x_wconf 88' lang='lat' dir='ltr'>Romanae</span> <span class='ocrx_word' id='word_1_600' title='bbox 1969 5321 2106 5387; x_wconf 87' lang='lat' dir='ltr'>civitatis</span> 
     </span>
     <span class='ocr_line' id='line_1_49' title="bbox 452 5422 2108 5512; baseline 0.001 -27"><span class='ocrx_word' id='word_1_601' title='bbox 452 5422 631 5507; x_wconf 90' lang='lat' dir='ltr'>provinciae</span> <span class='ocrx_word' id='word_1_602' title='bbox 653 5431 692 5504; x_wconf 91' lang='lat' dir='ltr'>et,</span> <span class='ocrx_word' id='word_1_603' title='bbox 715 5445 795 5509; x_wconf 92' lang='lat' dir='ltr'>quae</span> <span class='ocrx_word' id='word_1_604' title='bbox 817 5424 945 5489; x_wconf 89' lang='lat' dir='ltr'>monitis</span> <span class='ocrx_word' id='word_1_605' title='bbox 968 5424 1022 5491; x_wconf 86' lang='lat' dir='ltr'>vix</span> <span class='ocrx_word' id='word_1_606' title='bbox 1045 5423 1260 5506; x_wconf 87' lang='lat' dir='ltr'>instituuntur,</span> <span class='ocrx_word' id='word_1_607' title='bbox 1287 5426 1448 5512; x_wconf 92' lang='lat' dir='ltr'>perbona</span> <span class='ocrx_word' id='word_1_608' title='bbox 1469 5446 1549 5511; x_wconf 90' lang='lat' dir='ltr'>quae</span> <span class='ocrx_word' id='word_1_609' title='bbox 1571 5425 1662 5490; x_wconf 90' lang='lat' dir='ltr'>vobis</span> <span class='ocrx_word' id='word_1_610' title='bbox 1685 5424 1762 5492; x_wconf 88' lang='lat' dir='ltr'>deus</span> <span class='ocrx_word' id='word_1_611' title='bbox 1784 5423 1915 5491; x_wconf 91' lang='lat' dir='ltr'>contulit</span> <span class='ocrx_word' id='word_1_612' title='bbox 1935 5424 2108 5488; x_wconf 84' lang='lat' dir='ltr'>fomrentur</span> 
     </span>
     <span class='ocr_line' id='line_1_50' title="bbox 450 5527 2108 5617; baseline 0 -27"><span class='ocrx_word' id='word_1_613' title='bbox 450 5527 610 5616; x_wconf 81' lang='lat' dir='ltr'>exemplis‘</span> <span class='ocrx_word' id='word_1_614' title='bbox 633 5569 672 5576; x_wconf 92' lang='lat'>—</span> <span class='ocrx_word' id='word_1_615' title='bbox 701 5537 794 5615; x_wconf 83' lang='lat' dir='ltr'>atque</span> <span class='ocrx_word' id='word_1_616' title='bbox 823 5529 991 5594; x_wconf 90' lang='lat' dir='ltr'>simillimis</span> <span class='ocrx_word' id='word_1_617' title='bbox 1019 5529 1124 5594; x_wconf 90' lang='lat' dir='ltr'>verbis</span> <span class='ocrx_word' id='word_1_618' title='bbox 1151 5529 1280 5596; x_wconf 91' lang='lat' dir='ltr'>eandem</span> <span class='ocrx_word' id='word_1_619' title='bbox 1309 5531 1456 5596; x_wconf 84' lang='lat' dir='ltr'>feminam</span> <span class='ocrx_word' id='word_1_620' title='bbox 1485 5531 1517 5595; x_wconf 93' lang='lat' dir='ltr'>in</span> <span class='ocrx_word' id='word_1_621' title='bbox 1544 5530 1680 5617; x_wconf 90' lang='lat' dir='ltr'>epistula</span> <span class='ocrx_word' id='word_1_622' title='bbox 1707 5529 1896 5595; x_wconf 86' lang='lat' dir='ltr'>didascalica</span> <span class='ocrx_word' id='word_1_623' title='bbox 1924 5527 2108 5593; x_wconf 89' lang='lat' dir='ltr'>adhortatur</span> 
     </span>
     <span class='ocr_line' id='line_1_51' title="bbox 451 5629 2107 5723; baseline -0.002 -27"><span class='ocrx_word' id='word_1_624' title='bbox 451 5634 657 5718; x_wconf 80' lang='lat' dir='ltr'>(p.315,15):</span> <span class='ocrx_word' id='word_1_625' title='bbox 687 5633 788 5712; x_wconf 90' lang='lat' dir='ltr'>,velim</span> <span class='ocrx_word' id='word_1_626' title='bbox 812 5633 898 5698; x_wconf 89' lang='lat' dir='ltr'>illam</span> <span class='ocrx_word' id='word_1_627' title='bbox 922 5633 1066 5699; x_wconf 81' lang='lat' dir='ltr'>cornibus</span> <span class='ocrx_word' id='word_1_628' title='bbox 1089 5634 1200 5700; x_wconf 87' lang='lat' dir='ltr'>Italiae</span> <span class='ocrx_word' id='word_1_629' title='bbox 1227 5636 1367 5723; x_wconf 89' lang='lat' dir='ltr'>partibus</span> <span class='ocrx_word' id='word_1_630' title='bbox 1398 5635 1600 5700; x_wconf 88' lang='lat' dir='ltr'>imitationem</span> <span class='ocrx_word' id='word_1_631' title='bbox 1624 5633 1779 5721; x_wconf 80' lang='lat' dir='ltr'>praesemi,</span> <span class='ocrx_word' id='word_1_632' title='bbox 1808 5644 1843 5698; x_wconf 91' lang='lat' dir='ltr'>ut</span> <span class='ocrx_word' id='word_1_633' title='bbox 1865 5655 1944 5719; x_wconf 67' lang='lat' dir='ltr'>(puae</span> <span class='ocrx_word' id='word_1_634' title='bbox 1967 5655 2028 5695; x_wconf 90' lang='lat' dir='ltr'>non</span> <span class='ocrx_word' id='word_1_635' title='bbox 2052 5629 2107 5694; x_wconf 88' lang='lat' dir='ltr'>ad-</span> 
     </span>
    </p>
   </div>
   <div class='ocr_carea' id='block_1_3' title="bbox 0 0 2317 6436">
    <p class='ocr_par' dir='ltr' id='par_1_4' title="bbox 0 0 2317 6436">
     <span class='ocr_line' id='line_1_52' title="bbox 0 0 2317 6436; baseline 0 0"><span class='ocrx_word' id='word_1_636' title='bbox 0 0 2317 6436; x_wconf 95' lang='lat' dir='ltr'> </span> 
     </span>
    </p>
   </div>
  </div>
 </body>
</html>
