4566 6532
416 397 478 460 226
841 389 932 446 GCXC
949 387 1072 459 (EPlS'I'.
1090 390 1115 454 6,
1132 389 1179 456 23)
1197 417 1229 428 -
1249 386 1380 444 ccxcnl
1398 384 1521 454 (urls'l.
1539 387 1565 452 6,
1582 385 1636 456 26).

416 569 579 654 polluunt,
610 565 734 631 debens
762 564 893 629 monitis
921 564 1039 628 nostris
1067 561 1286 628 reverentiam
1310 561 1401 627 velut
1430 560 1547 626 veneni
1575 562 1729 646 poculum
1758 561 1852 644 suge:
1884 560 2070 646 profectum

387 675 510 734 ltuum
533 669 662 755 paginis
685 669 769 734 seire
792 666 908 752 cupido
934 687 1063 752 semper
1084 665 1253 731 adnuntia.
1297 663 1383 749 quod
1407 670 1574 750 superest,
1603 665 1676 730 vale
1704 671 1737 731 ot
1760 663 1910 729 omnibus
1932 663 2070 748 superni

417 774 534 839 laveris
557 775 644 838 iutus
668 773 801 838 auxiliis
823 773 968 838 familiae
992 777 1066 836 tuae
1090 771 1131 837 de
1155 770 1292 857 peritiae
1316 788 1425 834 messe
1449 767 1618 856 responde.

1047 1095 1179 1166 00qu
1201 1097 1311 1184 (rerer.
1327 1101 1358 1178 6,
1375 1099 1442 1182 24).

931 1293 1166 1369 ENNODIVS
1193 1291 1560 1366 ARCHOTAMIAE.

389 1457 402 1516 ¹
527 1441 700 1550 Quamvis
727 1472 778 1536 ius
808 1470 990 1536 affectionis
1021 1469 1313 1555 consanguinitatis
1342 1470 1417 1555 loge
1447 1471 1657 1536 constrictum
1688 1468 1857 1553 regionum
1881 1468 2070 1553 prolixitate
2138 1495 2151 1532 s

418 1597 483 1642 non
506 1582 621 1663 pereat
643 1597 704 1642 nec
733 1581 850 1641 catena
879 1574 1026 1660 generis,
1056 1595 1140 1660 quae
1170 1575 1295 1640 animas
1324 1575 1439 1653 nectit,
1471 1581 1635 1639 terrarum¹
1662 1572 1868 1658 separatione
1897 1570 2070 1651 dividatur,

419 1685 563 1746 attamen
587 1680 743 1765 pabulum
767 1679 912 1744 caritatis
943 1684 995 1743 est
1024 1686 1081 1744 aut
1103 1678 1216 1746 videre
1240 1685 1297 1743 ant
1318 1677 1426 1743 olfioio
1449 1677 1608 1742 sermonis
1631 1677 1797 1763 appellare
1821 1695 1915 1761 quern
1941 1675 2071 1760 diliges.

419 1784 623 1847 nescirentur
646 1788 772 1848 secreta
793 1783 949 1847 mentium
972 1782 1034 1846 nisi
1056 1781 1239 1868 proditione
1264 1782 1459 1866 linguarum.
1497 1781 1579 1846 haec
1603 1781 1636 1846 in
1659 1801 1720 1845 usu
1737 1780 1864 1844 vocavit
1883 1780 2071 1866 antiquitas,

388 1885 455 1951 tut
478 1887 543 1968 illa,
568 1892 650 1973 qua'o
674 1886 860 1973 pectoribus
885 1887 995 1951 clausa
1019 1893 1103 1965 sunt,
1128 1907 1193 1952 non
1217 1887 1367 1950 laterent.
1403 1906 1464 1970 ego
1480 1885 1617 1964 Gallias,
1641 1905 1724 1971 quae
1747 1889 1850 1948 totum
1867 1903 1920 1948 me
1936 1889 2073 1970 propter

419 2011 476 2054 vos
500 1989 563 2055 sibi
585 1990 768 2070 vindicant,
792 1990 819 2054 si
843 1988 947 2053 oculis
969 2010 1031 2052 non
1056 1989 1212 2075 inspicio,
1236 1989 1411 2054 allectione
1435 2011 1498 2053 non
1522 1988 1650 2054 desero.
1696 1987 1819 2073 gratias
1841 1992 1951 2052 tamen
1973 2009 2071 2073 prae·
2127 2011 2154 2048 ιο

420 2095 561 2160 sentium
585 2092 754 2180 perlatori,
784 2093 839 2178 qui
868 2091 1075 2157 necessitatis
1105 2112 1185 2157 suae
1213 2092 1385 2157 occasione
1415 2091 1585 2157 desideriis
1613 2091 1693 2155 meis
1721 2091 1901 2176 praestitit,
1928 2096 1964 2154 ut
1987 2090 2074 2154 inter

420 2203 532 2263 aestus
555 2197 751 2278 animorum,
785 2194 903 2281 quibus
930 2195 1060 2261 baiulus
1083 2195 1213 2275 deerat,
1243 2201 1392 2280 optatum
1420 2195 1595 2282 praeberet
1624 2194 1775 2259 officium.
1821 2193 1967 2259 salutans
1992 2215 2073 2278 ergo

421 2301 551 2366 seruitio
574 2300 685 2366 debito
710 2321 841 2385 precor,
871 2305 907 2362 ut
936 2299 1072 2384 portitor
1101 2298 1243 2363 benificii
1271 2285 1322 2368 sui
1346 2299 1451 2363 vicem
1475 2298 1611 2383 recipiat
1634 2304 1683 2377 et,
1716 2297 1771 2383 qui
1800 2297 1831 2361 in
1855 2296 1975 2382 gaudio
1998 2317 2074 2361 meo

421 2403 600 2490 opitulatus
624 2409 684 2482 est,
709 2403 777 2466 suis
800 2402 885 2466 votis
908 2401 1096 2466 restitutum
1120 2421 1180 2486 por·
1201 2421 1254 2464 rue
1279 2400 1392 2465 credat
1416 2399 1580 2465 ellectum.

959 2755 963 2760 -
1039 2724 1192 2795 coxon
1214 2727 1324 2813 (eae.
1342 2731 1372 2810 a,
1389 2727 1457 2812 aa).

1015 2921 1251 2996 eunomus
1279 2921 1480 2997 unvero
2132 2943 2157 2982 ιι

394 3084 407 3143 ¹
543 3065 625 3162 Scit
646 3097 837 3183 magnitudo
862 3101 984 3176 vestra,
1009 3119 1072 3183 quo
1096 3119 1148 3162 me
1173 3103 1308 3162 onerent
1330 3097 1530 3183 praeiudicio
1555 3097 1736 3162 studiorum
1759 3097 1942 3162 liberalium
1967 3105 2077 3163 secta-

423 3206 510 3266 tores
540 3206 707 3287 tamquam
736 3223 805 3266 rem
836 3202 898 3268 sibi
925 3201 1071 3268 debitam
1099 3200 1389 3267 commendationis
1418 3223 1511 3268 meae
1540 3203 1662 3288 scripta
1690 3208 1874 3288 poscentes.
1918 3201 1950 3266 in
1978 3223 2077 3266 usum

422 3310 473 3370 est
495 3325 553 3368 vos
579 3304 747 3384 beneficia,
770 3327 822 3370 me
839 3305 941 3372 verba
962 3306 1122 3386 conferre,
1146 3312 1179 3370 et
1194 3305 1453 3392 magnitudinem
1474 3327 1582 3370 rorum
1597 3305 1796 3371 desiderium
1812 3304 1945 3369 vincere
1962 3311 2077 3392 postu-

426 3408 533 3474 lantis.
564 3408 592 3472 si
608 3407 650 3472 ab
668 3407 718 3471 his
733 3409 850 3474 muniis
873 3414 1064 3495 temperem,
1089 3410 1181 3474 salvo
1204 3431 1374 3474 munerum
1392 3415 1572 3475 vestrorum
1595 3409 1702 3497 genio,
1726 3431 1789 3495 ego
1806 3415 1915 3473 votnm
1930 3407 2077 3474 benivoli

392 3512 488 3576 laon
516 3511 634 3578 habeo.
678 3511 824 3596 perlator
851 3513 1072 3598 praesentium
1094 3513 1253 3580 Pertinax
1286 3520 1371 3579 teste
1401 3513 1488 3600 apud
1517 3536 1574 3579 vos
1602 3515 1760 3579 natalium
1788 3533 1919 3578 suorum
1947 3511 2077 3598 pudore
2131 3548 2160 3588 20

423 3613 624 3698 vulgabitur,
656 3616 710 3700 qui
740 3615 773 3680 in
802 3615 1058 3703 adstipulatione
1086 3618 1269 3682 stemmatis
1298 3637 1418 3684 usurus
1441 3621 1492 3682 est
1515 3617 1600 3682 bono
1624 3616 1851 3683 verecundiae.
1895 3635 2077 3702 perquem

423 3715 550 3782 indiciis
573 3717 761 3782 valitudinis
784 3739 876 3784 meae
899 3741 957 3806 pro
981 3726 1092 3786 vestro
1116 3719 1279 3786 desiderio
1306 3720 1402 3786 laetis
1431 3741 1561 3807 precor,
1594 3727 1631 3786 ut
1659 3719 1797 3786 fiduciae
1826 3739 1906 3784 suae
1934 3719 2078 3784 fructum

425 3821 532 3907 capiat
554 3843 596 3886 ex
619 3821 818 3906 dignationis
839 3828 969 3890 vestrae
993 3843 1101 3890 messe
1118 3825 1327 3910 locupletem,
1351 3829 1385 3888 et
1400 3824 1551 3908 quotiens
1566 3826 1695 3890 votivus
1712 3829 1942 3890 conmeantum
1961 3843 2078 3888 cursus

424 3925 610 4007 accesserit,
634 3925 675 3990 ad
698 3925 935 3992 sublevandum
958 3948 1010 3992 me
1036 3948 1117 4013 quas
1140 3927 1172 3992 in
1195 3928 1315 3994 amoris
1340 3928 1463 3993 solacio
1486 3928 1633 4014 accipitis
1656 3928 1792 4014 paginas
1815 3926 1988 3994 destinato.

1033 4249 1206 4320 buxum
1229 4254 1338 4339 (uersu.
1355 4257 1386 4336 6,
1402 4257 1470 4338 26).

981 4447 1215 4522 ENNODIVS
1242 4448 1521 4523 EVPREPIAE.
2135 4481 2160 4520 aa

396 4610 406 4668 ¹
530 4592 716 4686 Debentur
739 4621 869 4708 quidem
894 4626 1083 4690 necessitati
1107 4626 1246 4707 silentia,
1269 4625 1327 4690 sed
1351 4626 1472 4712 scripta
1495 4624 1699 4710 diligentiae:
1724 4625 1825 4709 exigit
1847 4633 1953 4690 metus
1975 4624 2079 4690 absti-

425 4725 570 4789 nentiam
599 4724 808 4808 tabellarum,
837 4726 895 4791 sed
922 4727 1084 4794 interdum
1113 4729 1198 4794 cedit
1228 4729 1369 4794 aflectui.
1417 4730 1473 4794 vix
1503 4728 1666 4814 aliquibus
1691 4727 1874 4814 adquiescit
1897 4729 2080 4793 obstaculis

429 4848 519 4891 mens
543 4827 700 4904 amantis;
724 4827 829 4894 lervet
852 4831 893 4896 ad
916 4830 1117 4896 redhibenda
1139 4832 1267 4917 gratiae
1291 4831 1457 4918 stipendia
1479 4831 1588 4918 potins
1613 4853 1685 4896 oum
1703 4837 1841 4898 vetatur.
1879 4852 1958 4897 ecce
1981 4853 2079 4918 prae·

530 5121 543 5173 l
563 5122 624 5174 ueni
641 5139 698 5189 sup.
711 5122 756 5174 lin.
776 5139 808 5176 us
820 5121 846 5174 Β
948 5120 966 5174 3
982 5122 1063 5192 intus]
1082 5125 1166 5178 iustus
1177 5125 1211 5192 B,
1228 5127 1315 5178 iussos
1328 5126 1424 5192 Sobott,
1440 5127 1544 5180 adinum
1557 5125 1636 5180 Sirra.

530 5223 651 5294 [CCXCI]
687 5224 705 5279 5
725 5227 867 5279 affectionis
889 5227 930 5278 ius
949 5225 1046 5282 VLTG
1145 5229 1298 5297 proluxitats
1313 5229 1339 5282 Β
1476 5227 1494 5281 6
1516 5237 1600 5282 nectet
1615 5229 1641 5282 Β
1779 5227 1797 5279 8
1818 5230 1969 5282 nesciuntur
1988 5229 2088 5283 Vallo

426 5311 460 5365 10
476 5313 643 5365 nondicautb
749 5310 781 5364 13
798 5310 916 5380 portitor]
933 5313 1054 5380 potiorB
1118 5315 1236 5367 bensfidi
1251 5315 1276 5366 V
1375 5315 1406 5370 14
1425 5319 1571 5370 restitutum
1590 5316 1630 5382 (tri
1644 5319 1671 5370 iu
1684 5316 1731 5384 lit.)
1744 5317 1769 5368 Β

533 5412 667 5483 [ccxcn]
705 5413 737 5466 16
754 5417 896 5480 onerentd,
913 5416 1038 5470 honorent
1051 5416 1084 5482 B,
1102 5418 1228 5470 honorent
1243 5418 1318 5470 VLT
1393 5422 1562 5474 sectatorisB
1684 5419 1716 5472 17
1734 5439 1811 5474 nsum
1828 5421 1935 5486 codices,
1953 5439 2005 5474 usu
2022 5422 2085 5474 edit.

427 5501 460 5554 18
482 5504 658 5570 magnitudine
674 5502 741 5553 Mu
881 5499 913 5552 19
930 5503 1003 5554 salua
1017 5503 1043 5555 B
1137 5505 1270 5557 beniuoli·
1285 5505 1311 5557 B
1447 5505 1484 5560 ΒΟ
1501 5509 1583 5561 habeo
1596 5507 1645 5572 Bb,
1667 5509 1766 5561 habebo
1782 5507 1857 5560 VLT
1951 5515 2045 5563 usum
2059 5507 2087 5562 Β

426 5586 459 5639 21
478 5589 677 5656 abstipulations
694 5587 829 5640 stimmatis
841 5586 867 5638 Β
969 5587 1004 5640 24
1020 5589 1141 5656 aucipites
1152 5589 1178 5641 Β
1247 5591 1365 5645 distinato
1378 5592 1404 5644 Β

532 5689 681 5760 [cunum]
716 5689 751 5743 25
767 5693 959 5760 enpraepiaeB
965 5692 990 5743 V
1088 5690 1123 5747 26
1141 5694 1272 5746 scribtaB
1375 5693 1409 5750 21
1428 5699 1495 5754 osuit
1511 5697 1540 5766 T,
1556 5697 1719 5755 oedetBVh
