4538 6436
399 373 440 436 80
929 368 1018 423 urm
1038 369 1141 437 (mor.
1159 371 1195 438 a),
1215 369 1289 424 nux
1309 369 1429 438 (osan.
1448 370 1474 434 a,
1492 370 1528 437 a).

397 545 564 630 magister,
594 549 643 608 tot
664 564 724 629 pro
751 543 814 608 isto
844 543 1009 630 supplices
1033 563 1149 607 manus
1173 543 1261 607 etin
1285 563 1344 629 spe
1368 542 1495 628 parvoli
1519 543 1661 608 maiores
1686 543 1757 607 eius
1780 563 1832 608 me
1857 549 1955 626 teque
1980 562 2058 606 con-

347 647 516 712 14sidera.
561 667 666 731 genus
697 653 749 710 est
780 646 946 731 singulare
977 645 1082 710 laudis
1114 645 1147 708 in
1178 645 1364 710 doctoribus
1397 644 1549 732 discipuli
1579 643 1730 710 eruditio.
1776 644 1917 709 Achillis
1947 644 2061 729 lingua

398 750 520 816 Chiron
544 751 696 815 innotuit:
720 750 800 816 lecit
823 751 972 836 sequacis
994 749 1156 829 meritum,
1180 749 1367 834 opinionem
1391 749 1479 814 illius
1501 748 1575 834 plus
1598 749 1710 829 amari,
1735 749 1828 813 euius
1843 768 1904 834 per
1919 769 1955 813 se
1972 748 2059 811 forte

396 853 551 919 facundia
574 855 607 918 in
630 853 737 919 lucem
760 874 826 917 non
849 854 1008 940 potuisset
1031 852 1133 916 exire.
1180 851 1272 916 Maro
1296 859 1406 918 vester
1429 852 1530 918 tantis
1559 851 1764 918 institutores
1792 872 1867 916 suos
1892 871 2059 916 commen-

397 956 495 1038 davit,
519 958 649 1042 quantis
673 958 745 1043 ipse
768 961 865 1022 notus
889 964 954 1021 est:
978 963 1013 1021 et
1036 961 1125 1021 certe
1148 954 1221 1020 illos
1242 976 1302 1041 per
1324 956 1443 1022 merita
1466 976 1526 1020 sua
1548 956 1637 1020 fama
1659 976 1724 1020 non
1746 954 1900 1041 prodidit.
1937 954 2058 1020 Hiero·
2127 981 2138 1014 s

397 1082 514 1146 uymus
537 1067 659 1140 noster,
687 1061 749 1125 nisi
771 1066 1021 1147 praeceptorem
1043 1081 1137 1124 suum
1160 1058 1357 1145 Gregorium
1381 1059 1522 1141 diceret,
1550 1060 1606 1124 illo
1629 1060 1744 1124 melior
1767 1065 1974 1134 censeretur3
2003 1057 2061 1122 sed

348 1162 444 1228 ldilli
467 1163 663 1250 adplicando
685 1170 769 1230 sunt.
784 1165 872 1229 bona
897 1165 1070 1244 nominati,
1102 1184 1209 1249 aquo
1240 1164 1420 1249 sumpsisse
1444 1163 1597 1230 videntur
1620 1163 1789 1249 originem.
1835 1164 1868 1228 in
1891 1183 2061 1234 summam,

397 1273 434 1331 ut
456 1267 535 1346 dixi,
559 1269 686 1332 caelum
709 1270 819 1355 pulsat
841 1267 988 1354 magistri
1012 1266 1122 1352 opinio
1145 1266 1346 1353 perfectione
1370 1266 1530 1353 discipuli.
1577 1273 1656 1354 aput
1678 1268 1837 1332 scientem
1865 1286 1973 1332 rerum
1995 1286 2062 1330 non

399 1370 506 1434 obicio
531 1370 739 1446 oblivionem,
764 1371 839 1455 quia
862 1377 941 1436 nota
964 1391 1196 1436 commemoro.
1242 1391 1341 1435 avara
1363 1377 1440 1436 sunt
1462 1379 1540 1436 vota
1561 1371 1767 1457 diligentum.
1813 1370 1910 1436 deum
1934 1389 2061 1457 precor,

398 1479 434 1536 ut
464 1473 580 1538 studiis
610 1475 728 1540 vestris
759 1475 900 1559 gratiam
932 1495 1024 1538 suam
1059 1475 1211 1539 comitem
1244 1474 1372 1558 iungat,
1406 1481 1442 1538 ut
1471 1495 1552 1560 quos
1581 1497 1601 1540 a
1629 1497 1682 1540 mo
1712 1472 1873 1540 limandos
1900 1473 2061 1558 accepisti
2115 1501 2142 1537 ιο

399 1577 608 1643 doctissimos
639 1577 771 1659 reddas,
809 1585 842 1644 ct
870 1579 1001 1643 illorum
1035 1577 1173 1643 eruditio
1203 1583 1313 1642 vestra
1346 1578 1477 1663 quidem
1509 1579 1631 1665 gloria,
1667 1578 1724 1644 sed
1754 1599 1864 1643 meum
1898 1577 2062 1642 afliciatur
2162 1586 2169 1599 ·

400 1681 605 1767 obsequium.

1061 1935 1160 2003 Lxx
1182 1937 1288 2024 (crau.
1306 1940 1335 2019 2,
1353 1938 1398 2024 3).

521 2130 583 2202 DE
610 2129 975 2205 EPIGRAMMATIS
1003 2134 1098 2206 PER
1125 2133 1353 2207 ARMARlA
1381 2131 1532 2206 DOMNl
1559 2131 1733 2206 FAVSTI
1759 2130 1942 2204 FACTlS.

769 2298 922 2365 Consona
945 2300 1083 2366 diversis
1106 2301 1229 2366 finxisti
1252 2301 1397 2366 carmina
1420 2299 1520 2366 libris.

816 2403 983 2491 Suscipiat
1004 2405 1152 2490 gaudens
1173 2405 1284 2470 littera
1306 2403 1392 2490 quod
1415 2403 1539 2471 tribuit.

766 2505 888 2571 Nescio
911 2509 966 2592 qui
990 2515 1118 2574 tautum
1140 2530 1206 2574 nou
1228 2509 1350 2590 laudet,
1374 2508 1508 2588 Fausta,
1531 2507 1700 2594 pudorem,

816 2609 899 2674 Cum
923 2611 1031 2677 reddis
1056 2613 1184 2698 siquid
1208 2614 1296 2678 lecta
1316 2612 1437 2678 dedere
1460 2611 1529 2676 tibi.

698 2727 708 2760 ἢ
771 2713 967 2800 Depositum
991 2716 1099 2802 perdit
1121 2737 1214 2781 mens
1238 2717 1319 2782 recti
1342 2717 1455 2781 nescia
1479 2737 1619 2802 semper,

816 2817 869 2881 Ad
892 2841 999 2884 mores
1023 2820 1162 2886 redeunt
1184 2821 1266 2886 haec
1290 2821 1487 2885 documenta
1509 2819 1640 2906 probos.

770 2921 805 2985 Si
830 2929 940 2987 tamen
963 2923 1108 2989 admittis
1132 2923 1249 2989 dexter
1271 2945 1346 2990 mca
1368 2923 1480 3004 vcrba,
1503 2923 1646 2987 fatebor:
1746 2985 1749 2991 .

817 3025 881 3099 Qui
903 3027 1005 3112 pollet
1027 3028 1166 3112 magnis,
1191 3027 1327 3114 parvula
1350 3029 1435 3092 iustc
1458 3027 1561 3112 fugat.

769 3129 961 3196 Laudentur
983 3133 1082 3198 tereti
1105 3153 1186 3217 quos
1209 3133 1318 3218 pingis
1342 3132 1486 3198 carmine
1510 3138 1612 3209 vates,

687 3250 712 3286 ¹⁰
818 3235 969 3301 Mascula
990 3237 1155 3302 rhetorico
1180 3238 1347 3302 schemate
1371 3236 1485 3322 lingua
1507 3241 1608 3316 tonet,

771 3337 840 3402 Ceu
863 3337 986 3402 Paulus
1009 3339 1175 3404 Christum
1199 3340 1310 3405 docuit
1331 3340 1562 3425 hominemque
1585 3338 1757 3422 deumque.

817 3439 913 3514 Quod
935 3449 1080 3528 praestat
1103 3443 1239 3525 cunctis,
1263 3442 1408 3529 gaudeat
1431 3443 1577 3527 eloquio:

770 3544 883 3610 Attica
903 3565 964 3631 per
987 3544 1105 3611 Graios
1129 3545 1274 3611 ditentur
1295 3547 1450 3633 dogmata
1473 3567 1588 3612 sensus

818 3646 862 3713 Et
884 3655 1030 3715 nostrum
1054 3655 1185 3737 stupeat
1209 3649 1351 3716 Graecia
1373 3651 1471 3717 docta
1494 3651 1605 3718 decus.

688 3765 712 3802 1⁵
772 3751 906 3817 Moralis
931 3753 1053 3819 strictis
1075 3760 1260 3836 narrentur,
1283 3755 1388 3842 lysica
1412 3756 1520 3837 certis,

818 3854 999 3922 Historiam
1023 3864 1206 3940 monstrans
1230 3858 1353 3926 indicet
1375 3859 1522 3940 historia,

772 3959 906 4026 Cumiea
927 3983 988 4048 per
1010 3963 1120 4027 limam
1143 3969 1366 4046 numerentur,
1390 3965 1488 4031 fortia
1510 3966 1637 4052 plausu,

820 4061 1029 4132 Conveniunt
1051 4069 1145 4154 operi
1166 4068 1276 4133 lucida
1299 4069 1386 4134 dicta
1408 4076 1476 4135 tuo.

771 4166 846 4232 Non
869 4169 958 4235 valet
980 4171 1063 4236 haec
1086 4174 1183 4238 alter:
1208 4172 1267 4238 sed
1289 4173 1450 4238 Faustum
1474 4173 1583 4239 dicere
1607 4195 1735 4238 summa

690 4284 716 4323 20
820 4271 934 4338 Ludus
957 4275 1019 4340 crit
1042 4296 1182 4363 semper,
1206 4277 1234 4340 si
1255 4276 1341 4342 bene
1364 4283 1441 4342 nota
1462 4279 1588 4364 loquor.

511 4563 521 4614 1
543 4572 569 4617 et
585 4581 640 4631 cap.
655 4566 700 4616 Βη.
719 4564 745 4614 Β
822 4565 926 4632 paruuli
941 4566 966 4616 V
1040 4571 1143 4622 maioris
1155 4571 1181 4621 Β
1300 4568 1318 4620 2
1336 4571 1464 4639 singulare
1476 4571 1502 4622 Β
1581 4573 1735 4624 doctorsbus
1746 4569 1787 4622 B¹
1908 4569 1925 4623 3
1943 4571 2005 4622 locis
2018 4569 2065 4620 Βιι

405 4651 422 4705 5
440 4653 555 4720 prodsdit
571 4652 597 4703 B
682 4652 840 4703 hieronimus
855 4650 953 4716 VLCP,
978 4657 1127 4721 gerouimus
1142 4658 1168 4708 B
1297 4657 1314 4709 6
1331 4659 1474 4710 conseritur
1483 4658 1516 4708 «Β
1648 4655 1664 4709 7
1681 4659 1709 4710 in
1727 4660 1853 4711 summat
1980 4653 1998 4708 8
2015 4657 2064 4707 dis·

406 4740 491 4806 cipulo
507 4735 593 4788 V²T1
662 4738 732 4804 apud
747 4737 773 4787 V
872 4736 889 4789 9
905 4739 1068 4807 diligentium
1081 4741 1167 4793 LOPb
1272 4741 1305 4794 10
1322 4742 1451 4794 limandus
1469 4744 1583 4810 accipisti
1596 4741 1622 4792 Β

511 4838 604 4909 [LXX]
640 4839 723 4908 foetis]
743 4858 835 4894 uersus
852 4843 915 4895 cdd.
932 4843 977 4894 VL
1084 4863 1109 4898 v.
1129 4845 1145 4895 3
1163 4848 1247 4899 fausto
1264 4846 1309 4897 VL
1418 4864 1443 4897 v.
1461 4843 1480 4897 4
1497 4847 1564 4898 lecta
1575 4846 1609 4911 B,
1625 4847 1678 4898 leta
1694 4847 1770 4898 ceteri
1876 4863 1900 4896 v.
1919 4842 1938 4896 8
1955 4845 2030 4912 pollis
2040 4843 2067 4895 Β

405 4926 482 4995 iusta]
501 4929 557 4980 iure
574 4925 615 4978 Τ2
633 4926 722 4980 Schott
739 4937 762 4980 et
780 4927 873 4993 Simu,
894 4930 969 4982 riteh
1094 4950 1119 4984 v.
1138 4929 1154 4983 9
1173 4933 1241 4985 lariti
1257 4933 1282 4984 B
1362 4934 1467 5001 pinguis
1483 4930 1571 4985 V¹CP
1650 4933 1717 4984 uatis
1729 4931 1785 4984 BT
1905 4949 1931 4983 v.
1950 4928 1984 4981 10
2001 4938 2067 4982 reto-

405 5015 458 5067 rico
469 5015 495 5065 B
576 5016 705 5066 schemate
723 5013 811 5079 Sirra,
834 5022 966 5068 stemmate
984 5017 1081 5069 codices
1179 5017 1182 5022 ’
1208 5036 1234 5070 v.
1253 5016 1287 5069 12
1309 5020 1378 5086 quod
1390 5019 1424 5084 B,
1444 5037 1496 5086 quo
1513 5021 1589 5071 ceteri
1710 5035 1734 5070 v.
1756 5015 1788 5069 13
1809 5019 1925 5070 docmata
1941 5034 2030 5070 soncos
2041 5017 2067 5068 Β

406 5118 432 5152 v.
451 5099 484 5150 lo
502 5102 573 5152 fisice
587 5100 687 5165 VLCP,
704 5103 783 5154 fesioa
794 5102 820 5152 B
936 5120 960 5154 v.
980 5100 1013 5153 16
1030 5105 1152 5169 ystoriam
1164 5131 1197 5142 -
1210 5106 1306 5172 ystoria
1321 5104 1420 5170 VLCP,
1437 5107 1541 5160 storiam
1553 5133 1586 5143 -
1598 5106 1676 5160 storia
1687 5105 1713 5158 B
1832 5121 1857 5156 r.
1876 5100 1909 5154 17
1926 5120 2030 5158 coruom
2042 5104 2068 5155 Β

406 5205 432 5242 v.
449 5183 485 5239 20
502 5185 589 5259 ludus]
608 5188 692 5241 laudis
712 5188 820 5252 Hortcl,·
836 5191 915 5260 otcf.
937 5188 1110 5245 CCCXVIII
1118 5194 1134 5245 2
