4612 6442
786 381 821 434 ΙΙ.
850 379 897 434 DE
914 379 1104 436 CODICIBUS
1123 380 1274 438 ENNODI.
1513 429 1516 434 ,
1723 388 1854 444 XXXVII

199 557 292 620 ceteri
313 555 384 621 libri
407 555 560 640 corrigere
582 563 613 619 et
635 553 734 642 polire
763 555 992 640 temptaverint.
1037 577 1226 642 quamquam
1248 557 1330 621 enim
1353 560 1518 646 exemplis,
1547 582 1628 646 quae
1658 584 1754 648 snpra
1783 585 1855 649 pro-

199 661 376 748 posuimus,
407 668 549 745 apertum
575 665 623 722 est
649 679 688 722 ne
709 657 944 722 Bruxellensem
973 657 1098 744 quidem
1129 657 1169 723 ab
1198 658 1382 726 emendandi
1410 660 1515 727 studio
1543 664 1635 750 plane
1658 666 1854 746 abstinuisse,

199 755 300 830 tamen
324 764 374 828 bic
397 764 485 850 pueri
508 761 620 826 similis
644 763 775 848 estqui
798 761 849 828 vel
872 762 990 826 invitus
1013 770 1142 849 peccata
1164 785 1221 827 sna
1243 762 1347 851 prodit
1367 765 1472 851 potius
1494 789 1588 853 qnam
1611 767 1738 848 occulit,
1761 769 1852 832 ceteri

197 870 267 934 libri
291 866 478 933 confidentia
500 865 637 954 quadam
659 874 689 929 et
711 865 813 952 speeie
836 865 957 930 animos
980 866 1109 952 capiunt
1131 866 1299 952 oculosque
1319 869 1495 954 praestigiis
1518 870 1695 936 obcaecant.

300 1039 497 1106 CODICES
520 1038 770 1106 SECVNDAE
792 1037 989 1104 CLASSIS:

303 1185 329 1247 l.
353 1177 601 1246 VATICANV
603 1177 626 1242 S
649 1180 734 1245 3803
761 1175 860 1242 codex
887 1177 1140 1242 membranaceus
1167 1178 1199 1242 in
1223 1181 1264 1244 4⁰
1287 1180 1402 1245 saeculi
1424 1180 1477 1244 IX
1500 1181 1550 1248 vel
1573 1182 1608 1246 X
1631 1183 1776 1264 incuntis,
1798 1184 1851 1270 qui
1875 1181 1911 1248 V

197 1287 333 1352 eontinet
347 1284 423 1350 folia
438 1288 507 1363 156,
522 1281 797 1348 aReifferseheido
813 1283 844 1347 in
856 1282 1046 1348 bibliotheca
1057 1291 1181 1370 patrum
1196 1283 1362 1349 latinornm
1376 1285 1488 1350 Italica
1502 1309 1533 1372 p.
1549 1290 1612 1353 478
1624 1309 1665 1352 se.
1676 1285 1851 1374 descriptus

197 1403 251 1456 cst.
295 1389 427 1454 eontulit
448 1387 532 1452 hunc
557 1387 673 1451 librum
701 1385 938 1472 diligentissime
961 1386 1138 1452 Guilelmus
1160 1388 1270 1474 Meyer
1297 1389 1358 1454 iam
1381 1412 1463 1454 arrno
1490 1392 1586 1470 1875;
1614 1391 1700 1456 luens
1723 1390 1853 1456 adnota-

195 1496 332 1560 tionibus
354 1492 478 1557 Harteli
501 1492 533 1555 in
555 1490 780 1555 dubitationem
802 1500 931 1555 vocatos
954 1490 1033 1556 alios
1056 1492 1123 1578 ipse
1146 1493 1321 1558 examinavi
1341 1492 1461 1558 Romae
1484 1494 1561 1559 alios
1577 1496 1742 1582 Augustus
1765 1496 1852 1561 Man.

298 1596 407 1663 Codex
424 1595 459 1664 V
482 1618 596 1681 magna
618 1593 780 1680 diligentia
801 1593 909 1660 eadem
932 1617 1026 1660 manu
1048 1605 1194 1661 exaratus
1209 1607 1265 1676 est,
1287 1597 1331 1661 ita
1355 1599 1442 1662 utin
1466 1597 1598 1684 singulis
1614 1599 1737 1686 paginis
1760 1599 1852 1665 binae

195 1704 368 1782 columnae,
396 1701 429 1765 in
459 1698 591 1786 singulis
620 1699 774 1764 columnis
802 1701 844 1763 29
867 1698 917 1762 vel
940 1702 981 1764 30
1011 1698 1110 1764 lineae
1140 1709 1269 1764 exstent.
1324 1711 1583 1783 correcturarum,
1612 1725 1691 1790 quae
1717 1726 1779 1768 non
1808 1705 1852 1768 ita

194 1817 267 1873 srrnt
293 1829 393 1885 rarae,
420 1804 571 1892 plurimae
594 1803 694 1889 prima
722 1803 792 1890 ipsa
819 1826 913 1868 mann
941 1803 1040 1868 factae
1067 1812 1156 1884 sunt;
1187 1804 1322 1890 reliquae
1350 1805 1390 1870 ab
1419 1806 1464 1870 eis
1492 1807 1546 1893 qui
1576 1806 1714 1872 codicem
1743 1815 1852 1894 postea

193 1913 332 1997 legerunt
361 1909 411 1973 uel
448 1906 679 1994 descripserunt
706 1905 832 1972 additae
863 1907 929 1971 eius
958 1916 1031 1971 sunt
1056 1908 1191 1992 generis,
1229 1918 1264 1972 ut·
1291 1931 1343 1972 eas
1377 1909 1482 1996 potius
1515 1909 1712 1976 librariorum
1745 1911 1851 1977 studio

193 2037 285 2100 quam
320 2013 447 2078 ulterius
481 2011 667 2099 exemplaris
700 2011 884 2076 auctoritate
918 2010 989 2090 niti,
1035 2011 1120 2097 qnod
1155 2013 1218 2076 iam
1251 2024 1390 2078 senserat
1419 2012 1580 2078 Hartelius
1614 2013 1697 2096 (edit.
1726 2015 1851 2080 Ennod.

192 2142 223 2205 p.
238 2117 313 2199 IV),
335 2139 392 2203 pro
415 2125 499 2180 certo
522 2114 700 2180 habendum
722 2116 772 2180 sit.
816 2125 908 2202 atque
930 2114 1089 2200 quondam
1112 2115 1144 2179 in
1166 2138 1203 2180 eo
1225 2116 1356 2202 legendo
1378 2118 1518 2183 studium
1541 2129 1761 2208 consumptum
1783 2142 1851 2184 esse

192 2231 347 2287 testantur
369 2221 473 2286 variae
496 2229 587 2284 notae
609 2229 727 2305 puncta
750 2218 821 2283 unci
843 2219 1007 2299 litterulae,
1029 2241 1110 2305 quae
1131 2219 1249 2305 passim
1271 2220 1303 2284 in
1326 2222 1519 2306 nrarginibns
1542 2222 1744 2308 reperiuntur.
1778 2244 1849 2288 oum

192 2336 295 2391 autem
318 2323 417 2390 codex
440 2325 476 2391 V
498 2347 614 2410 magna
636 2346 707 2388 cnm
730 2346 802 2388 eura
832 2334 864 2386 et
886 2324 1078 2408 compositus
1101 2332 1133 2386 et
1155 2333 1297 2389 servatus
1319 2325 1374 2405 sit,
1401 2348 1463 2389 non
1492 2325 1592 2391 habeo
1615 2326 1700 2414 quod
1722 2325 1849 2392 afferam

191 2431 252 2495 nisi
274 2430 363 2494 haee:
392 2429 643 2507 Quaterniouum
669 2428 789 2491 numeri
818 2449 912 2491 manu
935 2427 1063 2513 antiqua
1086 2428 1117 2491 iu
1141 2427 1251 2493 ultima
1273 2429 1422 2516 cuiusque
1445 2430 1560 2516 pagina
1581 2429 1731 2519 adscripti
1757 2430 1850 2498 hodie

190 2558 252 2599 non
268 2556 376 2598 omnes
399 2533 539 2619 conspici
554 2541 703 2620 possuut3
726 2531 903 2617 ubieunque
925 2540 1028 2595 autem
1051 2541 1156 2618 aperte
1171 2541 1359 2619 comparent,
1382 2555 1528 2598 numerus
1551 2535 1763 2621 quaternionis
1786 2559 1849 2599 uno

190 2639 289 2704 maior
311 2649 359 2702 est
380 2661 474 2725 qnam
497 2637 551 2723 qui
573 2659 611 2702 ex
633 2636 779 2701 foliorum
802 2635 938 2699 numeris
961 2645 1173 2722 computatur:
1201 2647 1236 2701 ut
1257 2637 1318 2722 legi
1341 2647 1446 2724 potest
1468 2639 1680 2724 quaternionis
1703 2662 1849 2704 nannenus

189 2742 261 2809 XV
290 2743 320 2807 in
349 2742 402 2806 sol.
420 2741 514 2821 1121‘,
543 2740 634 2807 XVI
658 2740 689 2804 in
720 2738 772 2804 fol.
790 2739 882 2818 laub,
910 2739 1019 2808 XVII
1042 2741 1073 2803 in
1102 2739 1154 2804 iol.
1175 2741 1255 2807 raab
1278 2791 1367 2806 .....
1391 2743 1462 2806 XX
1485 2743 1517 2806 in
1539 2742 1592 2808 fol.
1608 2744 1701 2823 152123
1729 2766 1765 2808 ac
1788 2744 1849 2808 nisi

190 2846 288 2912 oeulis
317 2845 465 2932 deceptus
494 2868 577 2924 sum,
607 2853 710 2908 exstat
736 2866 882 2908 uumerus
905 2842 979 2908 VII
1001 2844 1033 2907 in
1061 2844 1198 2924 f01.48¹¹‚
1231 2845 1321 2912 VIII
1344 2847 1375 2909 iu
1398 2846 1451 2911 fol.
1467 2852 1507 2914 56
1516 2848 1540 2926 ¹³,
1562 2847 1634 2910 XII
1658 2847 1690 2910 in
1712 2847 1848 2914 soleat.

190 2952 338 3040 quoniam
360 2950 392 3013 in
415 2948 522 3014 codiee
544 2948 580 3016 V
603 2947 717 3012 desunt
743 2951 781 3013 12
803 2947 911 3033 hymni
937 2949 953 3012 7
977 2947 1129 3033 epistulae
1151 2951 1171 3014 3
1194 2949 1339 3028 carmina,
1362 2971 1398 3012 ac
1420 2959 1539 3014 restant
1561 2951 1706 3037 vestigia,
1733 2952 1847 3037 quibus

190 3057 325 3142 primum
348 3052 468 3118 codinIs
496 3052 731 3139 qnatenrionem
753 3052 897 3116 evrrlsum
920 3073 987 3116 esse
1011 3053 1180 3117 verisimile
1203 3054 1249 3134 lit,
1280 3053 1370 3118 facile
1397 3077 1433 3118 eo
1456 3053 1641 3120 adducimur
1667 3067 1702 3121 nt
1729 3056 1761 3121 iu
1786 3058 1847 3122 illis

190 3158 273 3222 foliis
295 3157 408 3222 excisis
432 3179 527 3244 opera
548 3154 684 3236 Eunodi,
706 3177 786 3242 quae
809 3156 841 3218 in
858 3155 892 3221 V
916 3154 1139 3234 desiderantur,
1162 3156 1319 3242 qnondam
1342 3158 1458 3245 scripta
1480 3159 1577 3223 fnisse
1598 3169 1781 3226 statuamus.
1815 3169 1848 3226 at

189 3260 376 3350 opponenda
398 3271 471 3324 sunt
491 3260 582 3325 haee:
606 3268 833 3344 tegumentum,
856 3281 918 3344 qno
940 3257 1034 3323 bodie
1057 3258 1156 3324 codex
1180 3260 1213 3326 V
1237 3269 1285 3324 est
1307 3272 1634 3362 compactum-reeens
1657 3273 1718 3345 est,
1740 3265 1847 3352 utique

188 3364 339 3428 recentius
375 3386 468 3449 qnam
500 3363 620 3427 numeri
650 3362 801 3449 prosaicis
840 3361 967 3426 Ennodi
995 3362 1154 3448 opusculis
1189 3361 1306 3450 adpicti
1335 3373 1366 3428 et
1395 3366 1435 3429 ab
1461 3388 1511 3445 eo,
1545 3368 1598 3454 qni
1635 3377 1847 3453 tegumentum

187 3465 370 3532 hodiernum
390 3466 441 3532 vol
464 3466 551 3553 prins
574 3464 674 3529 codici
688 3464 799 3544 induit,
822 3465 945 3551 saepius
969 3465 1000 3528 in
1024 3465 1162 3550 margine
1184 3467 1327 3531 nrrrtilati.
1361 3469 1447 3554 atqui
1471 3468 1502 3532 bi
1526 3470 1646 3534 numeri
1668 3480 1848 3556 tegumento

188 3573 377 3659 antiquiores
406 3573 603 3636 consentiunt
629 3594 700 3634 cnm
729 3569 904 3656 opusculis,
931 3592 1010 3655 qnae
1037 3569 1129 3634 hodie
1160 3571 1192 3634 iu
1219 3570 1255 3638 V
1284 3582 1407 3636 servata
1430 3583 1511 3637 saint.
1556 3597 1629 3660 ergo
1651 3575 1739 3655 folia,
1768 3598 1847 3660 quae

187 3676 345 3762 quondam
373 3675 474 3740 codici
506 3676 641 3760 praelixa
667 3674 765 3738 fuisse
791 3697 830 3737 ex
859 3672 1040 3738 condicione
1067 3675 1236 3759 tegumenti
1265 3676 1477 3760 cognoscitur,
1506 3699 1568 3740 non
1596 3675 1636 3740 ad
1665 3676 1847 3743 Eunodium

187 3783 408 3867 pertinuerunt.
454 3789 519 3844 tum
543 3789 574 3843 et
603 3801 622 3843 a
644 3778 773 3864 Meyero
801 3787 831 3840 et
853 3800 871 3841 a
897 3799 947 3841 me
970 3777 1001 3841 in
1028 3777 1104 3842 solio
1130 3778 1189 3845 lbl
1211 3800 1358 3842 numerus
1380 3781 1591 3866 quaternionis
1613 3780 1651 3844 II
1674 3780 1761 3845 visus
1783 3791 1847 3860 ests

187 3883 290 3972 itaque
320 3886 361 3951 ab
389 3884 479 3948 initio
507 3882 725 3969 quaterniones
755 3891 837 3945 recte
864 3879 1011 3944 videntur
1037 3881 1191 3945 numerati
1219 3905 1296 3946 esse.
1346 3880 1515 3947 dolendum
1541 3894 1589 3948 est
1616 3883 1704 3970 qncd'
1723 3895 1847 3970 quater-

185 3988 312 4052 nionum
347 3988 401 4074 qui
432 3996 605 4072 sequnntur
638 3984 755 4048 numeri
790 3982 868 4047 adeo
900 3993 1107 4062 evanuenrut,
1146 3993 1180 4047 ut
1216 3983 1336 4048 definiri
1368 4008 1431 4050 non
1465 3987 1580 4072 possit,
1610 3986 1693 4051 unde
1727 3989 1845 4053 numeri

186 4090 332 4156 foliorum
353 4100 385 4156 et
406 4092 645 4178 quaternionum
668 4088 832 4153 dissentire
862 4087 1021 4173 incipiant.
1067 4087 1100 4151 id
1131 4098 1234 4152 tamen
1257 4098 1381 4153 constat
1407 4089 1488 4154 hanc
1509 4077 1707 4156 numeronrm
1731 4091 1846 4156 discre-

185 4196 324 4281 pantiam
346 4196 407 4260 iam
431 4205 503 4260 ante
526 4195 635 4259 folium
663 4193 753 4272 11212,
784 4193 838 4256 nbi
860 4201 964 4256 exstat
985 4214 1131 4256 uumerus
1155 4191 1226 4260 XV
1250 4199 1317 4279 (pro
1340 4192 1475 4274 XIIII),
1497 4194 1673 4281 irrepsisse;
1695 4196 1749 4261 illa
1770 4219 1845 4260 vero

186 4300 344 4385 opuscula,
366 4301 493 4386 quaein
508 4298 614 4363 codiee
632 4297 665 4364 V
682 4296 802 4376 desunt,
825 4297 851 4360 si
875 4319 1012 4382 unquam
1032 4297 1064 4359 in
1079 4319 1116 4360 eo
1137 4306 1263 4361 exarata
1277 4297 1418 4377 finissent,
1440 4298 1503 4362 fere
1517 4299 1549 4362 iu
1565 4299 1640 4364 folio
1660 4304 1719 4366 124
1742 4301 1844 4365 locum

186 4427 276 4470 suum
292 4406 483 4471 habuissent.
500 4445 539 4452 —
562 4404 724 4468 Puteterea
741 4403 823 4467 oculi
838 4395 980 4466 codicem
994 4402 1028 4466 V
1046 4402 1094 4466 vel
1117 4402 1227 4466 leviter
1248 4405 1455 4489 percurrentis
1478 4404 1643 4469 offendunt
1663 4404 1786 4468 infolio
1803 4407 1845 4470 64

184 4531 296 4594 nmgna
322 4533 360 4574 ex
389 4521 477 4598 parte
506 4533 622 4590 vacuo,
654 4532 724 4573 oum
755 4517 857 4571 cetera
886 4507 975 4586 folia,
1010 4517 1047 4571 ut
1074 4515 1313 4572 consentaneum
1341 4517 1401 4588 est,
1435 4517 1502 4573 tota
1529 4509 1596 4572 sine
1624 4509 1696 4573 ullis
1724 4508 1844 4573 lacunis

185 4625 312 4680 exarata
333 4615 405 4679 siut.
448 4637 567 4679 vacuae
596 4613 677 4677 enim
706 4621 779 4676 snut
809 4612 840 4674 in
871 4611 938 4674 solii
963 4613 1004 4676 64
1033 4610 1170 4674 secunda
1198 4611 1342 4676 oolnmua
1373 4612 1498 4677 ultimae
1528 4621 1646 4699 septem
1672 4612 1784 4690 lineae,
1811 4612 1843 4675 in

185 4718 276 4783 tertia
297 4728 399 4784 autem
427 4719 573 4783 columna
594 4717 614 4781 i.
635 4740 660 4780 e.
685 4717 716 4780 in
739 4715 855 4802 pagina
882 4736 973 4779 versa
999 4713 1077 4778 nihil
1100 4715 1161 4778 nisi
1188 4716 1248 4780 tria
1275 4717 1500 4803 epigrammata
1522 4717 1630 4782 breuia
1653 4715 1843 4797 CDLXIX,

183 4821 356 4904 CDLXII,
371 4823 535 4890 CDLXV
552 4831 686 4901 exstant,
708 4831 819 4907 quarta
834 4818 968 4906 deniqne
990 4820 1135 4884 columna
1157 4828 1223 4884 tota
1239 4843 1338 4884 vacua
1353 4831 1401 4886 est
1415 4829 1537 4908 praeter
1554 4821 1679 4886 ultimas
1696 4829 1844 4906 quattuor
1868 4877 1873 4884 .

183 4925 288 5007 lineas,
303 4950 383 5013 quae
398 4929 620 5014 epigrammate
636 4925 799 4991 CDLXX
815 4925 961 5012 impletae
976 4933 1056 4988 sunt.
1088 4922 1120 4987 id
1135 4947 1172 4988 eo
1188 4924 1287 5009 magis
1303 4923 1615 4990 animadvertendum
1630 4936 1687 5006 est,
1709 4925 1795 5012 quod
1810 4927 1841 4990 in

183 5029 288 5094 codice
310 5032 340 5095 B
362 5043 434 5118 post
456 5031 623 5118 epistrdam
638 5029 748 5110 XCV,
771 5052 865 5116 quam
887 5029 987 5094 codex
1004 5029 1038 5096 V
1062 5029 1190 5115 praebet
1215 5029 1247 5093 in
1277 5028 1414 5093 secrmda
1437 5031 1582 5096 columna
1603 5030 1670 5095 folii
1694 5034 1745 5109 64,
1768 5030 1842 5095 snb·

182 5145 352 5221 sequnntur
367 5159 476 5201 versus
492 5160 542 5223 op.
558 5135 677 5203 XCVI
700 5135 732 5198 in
748 5134 855 5199 codice
871 5134 906 5201 V
930 5134 1001 5199 iude
1019 5157 1038 5198 a
1060 5135 1161 5220 prima
1175 5133 1258 5198 linea
1272 5135 1340 5199 folii
1356 5141 1396 5202 66
1416 5133 1514 5200 relati.
1550 5135 1673 5200 illorrun
1695 5143 1843 5221 quattuor

181 5240 438 5326 epigrammatrnn
461 5241 597 5328 primum
620 5248 651 5304 et
673 5248 818 5325 quartum
841 5238 1003 5322 (CDXIX
1020 5247 1052 5303 et
1067 5238 1240 5319 CDLXX)
1265 5240 1296 5304 in
1319 5238 1348 5303 B
1371 5262 1499 5325 prorsus
1523 5239 1646 5320 desunt,
1668 5238 1840 5304 secundum

180 5353 212 5407 et
232 5345 357 5410 tertium
380 5355 505 5411 exstant
527 5346 559 5410 iu
581 5346 620 5425 B,
649 5344 705 5409 sed
727 5345 868 5409 seiuncta
895 5352 925 5408 et
952 5345 1033 5408 inter
1055 5343 1162 5408 ultima
1184 5343 1312 5409 Enuodi
1342 5344 1493 5430 opuscula
1522 5342 1682 5408 collocata
1726 5344 1840 5431 quibus

180 5450 368 5536 argumentis
398 5451 426 5515 si
455 5449 614 5516 addideris
641 5450 751 5515 solium
767 5453 809 5518 64
838 5451 870 5516 in
893 5450 999 5516 codice
1022 5450 1057 5518 V
1082 5449 1226 5514 ultimum
1257 5448 1468 5536 quaternionis
1503 5470 1571 5513 esse
1605 5457 1698 5537 atque
1731 5447 1839 5514 titulos

179 5577 320 5643 opemm,
343 5557 397 5644 qui
420 5558 452 5622 in
474 5557 559 5622 foliis
583 5558 712 5624 58-64
735 5556 828 5622 eota
851 5564 1022 5622 atramento
1049 5553 1158 5620 eodem
1181 5576 1244 5642 quo
1272 5575 1367 5640 opera
1389 5553 1459 5640 ipsa
1482 5551 1591 5640 scripti
1612 5561 1699 5632 snut,
1726 5551 1840 5617 iudea

179 5664 271 5729 cola
293 5665 361 5730 folii
384 5667 426 5732 64
449 5663 568 5744 denuo,
595 5665 678 5730 sient
699 5674 809 5750 postea
831 5686 954 5751 semper
975 5672 1007 5728 et
1029 5661 1134 5727 ubivis
1157 5670 1227 5725 ante
1249 5659 1359 5724 lolium
1384 5662 1440 5739 58,
1462 5658 1558 5724 rubro
1580 5657 1630 5724 vel
1655 5657 1748 5724 viridi
1771 5659 1840 5746 pig-
