4538 6436
671 395 755 450 XCIV
774 396 877 462 (DlCT.
898 397 950 464 10),
969 396 1041 450 XCV
1060 397 1182 464 (aelst.
1201 399 1225 462 3,
1244 398 1298 466 24).
1751 404 1810 464 119

159 590 298 655 persona
330 569 478 634 sufficio?
513 569 632 634 uberes
666 569 726 633 tibi
757 588 867 632 eoram
897 571 1016 645 multis,
1050 570 1316 638 emendatissime
1346 573 1524 652 hominum,
1555 579 1666 659 grates
1693 573 1810 649 refero,

161 675 214 760 qui
237 675 372 758 agnosci
396 697 417 738 a
439 695 490 738 me
514 673 704 737 Partenium
732 673 932 737 institutione
962 675 1079 740 fecisti.
1125 682 1158 739 tu
1182 676 1223 740 dc
1247 677 1316 740 eius
1339 683 1473 762 pectore
1502 675 1658 741 scientiae
1683 676 1811 740 sarculo

160 777 303 862 paliuros
327 783 360 841 et
383 777 495 842 lolium
518 777 720 856 submovisti,
751 783 785 840 tu
813 777 974 842 triticeam
1004 799 1154 860 messem,
1185 801 1248 864 qua
1277 780 1475 865 propinquos
1506 786 1630 866 pascat,
1661 780 1809 858 elevasti,

159 880 248 945 felici
270 880 304 944 in
327 901 366 944 eo
390 886 511 945 eventu
535 902 595 966 per
617 880 811 946 familiarum
834 879 1073 946 dissonantiam
1103 903 1202 946 unum
1232 882 1318 967 qnod
1342 889 1535 968 sequeretur
1557 889 1591 948 et
1613 881 1700 948 aliud
1723 880 1810 967 quod

97 1027 101 1038 ·
159 985 287 1068 fugeret
310 983 580 1066 demonstrando!
606 1006 625 1047 o
649 982 813 1048 laudanda
836 1004 935 1068 supra
958 985 1122 1050 horrrinem
1147 987 1194 1049 tui
1216 987 1316 1051 virtus
1336 987 1475 1071 ingenii!
1498 988 1530 1050 in
1549 1008 1614 1050 una
1630 985 1809 1071 cademque
1828 990 1864 1050 le

158 1109 299 1174 persona
332 1109 396 1174 qua
430 1095 518 1169 arte,
552 1087 638 1174 quod
670 1095 843 1175 utrumque
875 1089 1098 1155 descendebat
1127 1112 1147 1154 a
1178 1090 1352 1174 sanguino,
1388 1088 1464 1175 quid
1499 1089 1643 1154 disceret
1672 1095 1706 1154 et
1734 1089 1810 1175 quid

158 1191 350 1271 dedisceret,
375 1192 543 1258 indicasti!
575 1191 663 1256 laeto
687 1191 769 1256 deus
792 1191 912 1278 gaudia
935 1201 1047 1258 nostra
1069 1195 1222 1281 disponat
1246 1201 1376 1271 eventu,
1399 1195 1512 1279 procul
1527 1195 1569 1258 sit
1586 1193 1811 1280 quodcumque

160 1295 345 1360 minabatur
368 1295 560 1360 adversitas.
605 1295 680 1380 plus
705 1295 737 1358 in
761 1303 793 1360 te
817 1296 1017 1362 laudandum
1048 1305 1109 1376 est,
1139 1298 1216 1383 quia
1238 1297 1418 1382 discipulus
1443 1304 1516 1362 tuus
1541 1299 1602 1362 seit
1624 1297 1811 1384 prosapiem

157 1398 272 1474 vitare,
310 1419 407 1483 quam
437 1398 522 1484 quod
553 1399 738 1486 prosapiem
771 1406 874 1464 certat
904 1402 1033 1467 imitari.
1079 1423 1156 1466 ecce
1191 1402 1381 1466 Partenium
1416 1402 1642 1486 propinquitas
1675 1422 1734 1466 sua
1768 1405 1860 1464 exll

158 1509 296 1587 utroque
327 1501 459 1586 generis
490 1502 573 1566 ealle
605 1501 809 1568 descendens
839 1505 904 1568 alia
934 1506 1082 1589 agnoseit
1109 1505 1265 1584 feliciter,
1300 1506 1364 1568 alia
1395 1504 1536 1569 feliciter
1563 1526 1627 1568 nen
1654 1504 1811 1589 agnoscit.

157 1626 255 1690 quam
278 1606 381 1687 timui,
410 1627 452 1671 na
480 1607 629 1693 praefata
656 1607 832 1692 permixtio
864 1607 940 1672 dum
968 1608 1039 1694 ipsa
1066 1608 1257 1673 diversitate
1281 1607 1455 1688 discordat,
1486 1608 1519 1672 in
1540 1607 1715 1672 deterioris
1739 1607 1811 1670 iura

158 1708 272 1772 melior
294 1709 382 1774 victa
405 1709 601 1774 concederet
623 1718 656 1773 et
678 1731 737 1795 pro
760 1710 886 1774 vilitate
909 1717 1093 1795 temporum
1115 1711 1244 1775 facilius
1268 1711 1299 1774 in
1317 1711 1386 1796 ipse
1403 1732 1478 1796 pars
1495 1710 1627 1775 indocta
1644 1715 1810 1795 regnaret!

157 1813 214 1876 sed
240 1814 411 1879 ostendisti
433 1816 523 1894 mihi,
547 1816 664 1879 aetatis
688 1821 763 1878 tuae
788 1821 1026 1894 ornamentum,
1050 1816 1126 1900 quia
1150 1817 1222 1901 plus
1246 1816 1280 1879 in
1304 1816 1550 1899 consanguineo
1571 1814 1697 1899 optinui
1714 1835 1810 1899 quarn
1828 1816 1865 1875 12

158 1918 301 2002 poposci.
347 1919 504 1988 caelestia
534 1920 680 1984 imitatus
710 1903 746 1990 es
774 1918 924 1984 ubertate
953 1919 1119 1998 beneficii,
1150 1919 1279 2004 quande
1311 1919 1502 2006 inpensione
1531 1918 1702 2003 multiplici
1735 1940 1812 1982 con-

94 2065 97 2074 Α
159 2019 344 2086 mandantis
368 2029 445 2086 vota
469 2023 585 2086 vicisti.
621 2044 698 2087 eece
721 2024 786 2086 iam
811 2045 853 2086 ex
877 2024 1010 2088 hiemali
1035 2031 1166 2110 pectore
1192 2031 1224 2086 et
1244 2022 1340 2087 eorde
1361 2024 1469 2108 algido
1491 2023 1668 2089 dictionum
1686 2022 1813 2086 flosculi

160 2131 296 2188 vernant
320 2132 352 2189 et
374 2126 515 2191 ridentia
538 2126 712 2191 verborum
736 2127 884 2211 germina
906 2127 1087 2214 depingunt
1104 2128 1250 2192 calathos
1268 2127 1482 2200 exhibentes:
1506 2148 1583 2192 ecee
1601 2133 1675 2213 post
1691 2127 1813 2212 gentile

159 2248 304 2291 murmur
327 2227 367 2292 de
391 2252 447 2294 ore
470 2231 551 2308 eius,
575 2251 658 2314 quae
682 2229 918 2294 humanitatem
944 2232 1138 2315 significent,
1163 2231 1263 2295 verba
1286 2230 1474 2298 funduntur.
1521 2231 1570 2294 his
1595 2252 1672 2315 ergo
1697 2251 1810 2293 mune·
1829 2227 1866 2289 13

159 2330 249 2394 ribus
273 2331 338 2394 tuis
362 2333 423 2396 nisi
452 2331 588 2397 reddam
615 2332 884 2410 vicissitudinem,
916 2336 1116 2420 praestitisse
1140 2341 1172 2397 te
1196 2335 1351 2398 aestimes
1381 2356 1445 2398 non
1473 2335 1621 2398 merenti.
1667 2333 1814 2418 quisquis

160 2434 246 2498 enim
275 2434 392 2499 feriata
423 2436 537 2521 lingua
564 2456 738 2500 successus
766 2435 919 2500 meliores
947 2437 1094 2523 suscipit,
1128 2436 1271 2501 ostendit
1299 2459 1334 2501 se
1363 2437 1447 2522 quod
1475 2437 1585 2501 attulit
1614 2435 1812 2522 prosperitas

159 2557 224 2600 non
247 2559 368 2603 amare.

809 2777 899 2844 XCV
923 2779 1033 2863 (amsa.
1050 2783 1080 2858 3,
1099 2779 1165 2864 24).

712 2973 950 3048 ENNODIVS
977 2974 1269 3048 MASCATORI.

269 3120 376 3217 Novo
410 3175 463 3217 me
497 3156 593 3239 genio
630 3153 774 3217 infucata
809 3152 951 3236 pecteris
985 3152 1086 3214 vestri
1120 3151 1248 3213 ornavit
1282 3150 1464 3232 diligentis.
1511 3151 1612 3214 eliciti
1643 3157 1717 3212 utor
1750 3150 1816 3212 stili
1852 3150 1865 3211 1

161 3256 359 3335 testimonie,
391 3257 446 3341 qui
477 3257 582 3321 doctis
613 3278 712 3342 supra
742 3255 900 3318 inscitiam
932 3256 1123 3340 garrulitate
1153 3253 1321 3338 displiceo.
1367 3260 1499 3317 coaetus
1531 3275 1636 3317 sermo
1664 3253 1816 3337 pretium,

162 3358 247 3442 quod
269 3381 334 3423 non
359 3359 459 3424 habet
483 3383 525 3424 ex
550 3360 747 3446 eloquentia,
777 3358 818 3420 ab
842 3358 975 3442 inpacta
998 3360 1195 3421 necessitate
1225 3357 1396 3443 subripuit.
1442 3378 1605 3441 nunquam
1633 3357 1695 3420 fuit
1717 3356 1817 3441 digna

83 3489 95 3528 e
160 3463 286 3528 ultione
310 3467 518 3544 contumelia,
547 3486 644 3550 quam
674 3465 782 3528 iussus
806 3463 975 3538 exhibuit;
1006 3485 1101 3527 nenio
1129 3453 1358 3526 oboedientem
1388 3462 1474 3525 iuste
1503 3459 1710 3526 condemnat.
1755 3461 1816 3525 sibi

161 3567 260 3632 debet
282 3569 401 3633 inlatas
425 3570 559 3634 iniurias
583 3567 623 3632 de
649 3568 778 3652 eloquio
804 3566 994 3646 rusticante,
1025 3568 1079 3651 qui
1108 3573 1266 3651 prouocat
1289 3565 1486 3651 imperitum.
1533 3564 1742 3650 supercilium
1767 3572 1817 3628 est
1850 3563 1869 3622 2

162 3673 353 3737 celsioribus
376 3695 440 3738 nou
463 3694 597 3758 parcre:
636 3672 810 3750 maius„si
841 3692 924 3755 quae
949 3672 1079 3734 noveris
1106 3671 1317 3734 descendisse
1347 3668 1387 3732 ab
1416 3667 1618 3753 obsequente
1643 3667 1816 3754 despicias.

161 3777 290 3865 inprobi
320 3776 476 3842 desiderii
505 3783 638 3862 putetur
664 3775 807 3840 adsertio
839 3796 903 3838 non
935 3797 1043 3839 amare
1074 3774 1159 3860 quod
1189 3775 1303 3858 exigis.
1350 3773 1570 3859 adstipulatur
1598 3772 1717 3836 iudicio
1746 3795 1816 3852 suo,

163 3883 217 3968 qui
242 3901 413 3945 censuram
438 3880 478 3944 de
503 3881 753 3966 obtemperante
777 3879 958 3963 suspendit.
1005 3879 1089 3942 nrale
1113 3879 1265 3966 pertinax
1289 3877 1447 3940 districtio
1472 3883 1533 3954 est,
1558 3897 1641 3961 quae
1666 3877 1816 3940 meritum

166 3985 199 4048 in
226 3991 363 4070 parente
393 3984 586 4049 considerat.
634 3982 792 4069 pudorem
821 3983 862 4047 ab
894 3984 1033 4047 statione
1066 4004 1130 4045 non
1166 3983 1302 4067 expulit,
1339 3982 1393 4064 qui
1426 3980 1511 4065 quod
1545 3979 1688 4065 loquitur
1718 3979 1817 4044 debet

163 4086 311 4172 imperio.
349 4088 459 4172 itaque
478 4088 512 4151 in
532 4088 626 4152 nobis
647 4085 734 4170 qued
754 4084 866 4151 sordet
889 4087 1076 4170 eloquentia
1100 4084 1345 4149 commendatur
1369 4084 1544 4170 obsequiis.
1582 4104 1638 4146 vos
1662 4085 1817 4165 videritis,
1852 4079 1870 4139 3

165 4191 259 4274 quale
284 4190 325 4253 sit
347 4191 433 4274 quod
457 4192 596 4256 iussistis
620 4191 745 4254 offerri:
777 4211 838 4274 ego
863 4211 918 4252 vos
942 4189 1011 4253 sine
1035 4188 1151 4252 frontis
1174 4209 1268 4251 meac
1292 4186 1461 4272 dispendio
1484 4188 1646 4251 meruisse
1670 4189 1816 4266 aestimo,

164 4292 250 4377 quod
279 4294 492 4359 desiderastis
523 4295 684 4378 accipere.
730 4300 824 4357 taceo
855 4293 939 4356 inter
968 4293 1041 4370 ista,
1075 4312 1159 4377 quae
1195 4291 1342 4377 principe
1377 4293 1506 4356 fuerant
1540 4291 1610 4354 loco
1644 4293 1816 4371 narranda,

164 4398 422 4462 ecclesiasticam
456 4399 671 4463 humilitatem
706 4397 793 4482 qnod
826 4397 957 4482 placere
990 4402 1119 4481 peterat
1149 4394 1327 4470 abiurasse,
1364 4395 1548 4459 orationum
1581 4417 1734 4480 pompam
1763 4396 1817 4480 qui

86 4548 105 4560 ..
164 4502 344 4565 orationem
368 4502 474 4587 diligit
497 4523 561 4566 non
586 4509 744 4580 secutum,
774 4502 934 4586 propositi
959 4501 1220 4566 consideratione
1245 4507 1278 4564 et
1302 4500 1382 4564 illud
1406 4521 1457 4563 me
1481 4500 1595 4583 fugere
1619 4499 1705 4583 quod
1728 4498 1818 4563 ducit
1903 4546 1905 4552 s

163 4603 205 4667 ad
233 4605 382 4688 gloriam,
412 4607 505 4692 quasi
535 4606 648 4670 vitium
675 4605 840 4669 declinare
870 4604 1024 4691 quicquid
1054 4605 1182 4684 attollit,
1218 4605 1346 4689 culpam
1375 4609 1490 4689 putare
1519 4603 1607 4688 quod
1637 4603 1733 4688 erigit
1763 4609 1819 4666 aut

270 4913 281 4963 1
303 4913 402 4978 uberes]
421 4916 516 4966 iuberis
529 4914 554 4964 B
631 4916 678 4966 tibi
696 4932 741 4980 pro
759 4931 868 4981 persona
885 4931 968 4965 eoram
993 4913 1060 4978 (cap.
1079 4931 1124 4980 pro
1142 4912 1260 4980 persona)
1276 4914 1301 4963 Β
1372 4915 1453 4980 gratis
1467 4913 1491 4962 Β
1606 4911 1623 4962 3
1640 4913 1754 4979 paliuris
1772 4913 1820 4978 Ti,

164 4998 626 5067 paliurusBVLT10P,pahnrumt
678 5001 871 5068 propinquusB
956 4999 1185 5051 lidiscendebatB
1236 4999 1419 5050 disceritBV0
1507 4996 1756 5050 'ldedisceritBVL
1764 5001 1824 5053 T¹c

164 5085 181 5136 8
199 5087 346 5138 minabatur
362 5087 462 5152 scripsi,
485 5088 631 5140 minebatur
643 5087 676 5149 B,
694 5087 805 5140 minatur
822 5087 897 5140 ceteri
1018 5085 1034 5136 9
1052 5102 1085 5138 ex
1104 5093 1212 5152 utroque
1224 5085 1235 5149 ll
1247 5104 1279 5138 ex
1297 5093 1406 5152 unoque
1418 5083 1459 5135 Β1
1582 5082 1615 5134 10
1632 5086 1783 5138 discendens
1795 5087 1820 5137 B

167 5171 196 5224 ll
215 5173 340 5240 permixio
358 5191 415 5240 sup.
428 5174 542 5237 tiata,
560 5175 691 5242 permistio
704 5175 742 5226 Pb
857 5173 888 5224 12
906 5175 1042 5226 melior-
1059 5174 1191 5226 ostendisti
1209 5174 1272 5224 mibi
1290 5177 1338 5223 omi
1354 5173 1376 5224 0
1443 5167 1593 5234 nicolaita
1612 5170 1691 5222 Siras.
1761 5191 1820 5224 crin
1901 5159 1904 5164 ¹

164 5258 290 5312 cideritB
416 5259 448 5310 13
465 5262 570 5329 optenui
583 5261 608 5312 Β
735 5259 767 5312 15
784 5262 924 5314 dictionum
942 5261 966 5322 (c
979 5261 1162 5325 eascorr.)B
1286 5257 1320 5310 16
1337 5259 1472 5312 calatusB
1526 5259 1529 5268 '
1553 5259 1705 5310 exhibentes
1718 5259 1821 5324 Hartel,

163 5347 309 5400 exhibentis
326 5347 387 5398 libri
516 5346 549 5400 18
567 5349 678 5402 mtines
691 5344 734 5397 131
869 5345 900 5398 19
913 5363 1053 5400 succensus
1064 5347 1109 5398 VL
1206 5347 1352 5398 meliorisB
1444 5346 1552 5412 suscipit
1563 5345 1597 5408 B,
1614 5347 1727 5412 suscepit
1743 5345 1821 5410 Vs'r,

163 5434 304 5500 susceperit
316 5433 375 5494 0Ρὸ
478 5430 513 5484 ‘20
529 5435 698 5488 marafinit
713 5433 758 5482 VL
1199 5461 1203 5468 ·

269 5532 359 5603 [XCV]
398 5533 434 5587 22
457 5538 540 5588 eliceti
555 5537 582 5586 B
689 5535 723 5588 24
742 5554 883 5602 numquam
901 5535 926 5586 V
1029 5535 1064 5588 25
1081 5539 1154 5588 lusus
1171 5536 1196 5587 B
1264 5538 1434 5602 condempnat
1449 5537 1473 5586 V
1577 5533 1610 5588 27
1629 5536 1821 5588 discendioseB

164 5622 282 5688 dispicias
295 5621 320 5672 B
456 5619 491 5673 28
507 5629 613 5689 putetur
624 5621 658 5685 B,
674 5630 780 5689 putatur
797 5623 873 5674 ested
970 5623 1050 5690 exigit
1065 5623 1123 5676 OPb
1260 5620 1294 5674 29
1311 5623 1441 5676 destrictio
1457 5621 1502 5672 VL
1639 5621 1674 5674 30
1690 5621 1732 5689 ab]
1751 5625 1783 5674 ob
1796 5622 1822 5673 Β

164 5708 266 5764 sationi
281 5705 367 5764 VLT¹
471 5706 506 5766 33
524 5708 676 5764 amandam
694 5707 730 5758 1⁷1
