4538 6436
440 367 479 466 is
932 398 994 452 cvr
1013 398 1135 466 (nerse.
1155 399 1180 461 a,
1200 399 1251 465 rs),
1271 396 1346 451 nvn
1363 398 1485 464 (aaran.
1505 400 1529 462 a,
1547 398 1599 465 ao).

438 575 617 664 praemium
642 573 774 639 devotio
797 581 854 638 aut
877 594 1018 659 posnam
1041 577 1246 658 contemptus
1271 577 1434 658 operatur.
1474 572 1617 659 alioquin
1634 593 1698 636 non
1719 573 1781 636 erit
1804 572 1890 636 iusta
1913 572 2096 642 retributio,

439 701 522 766 quac
550 685 606 743 aut
634 700 696 765 per
724 677 887 765 supplicia
914 679 1054 743 retertur
1080 677 1279 742 necessitate
1309 676 1525 762 peccantibus
1554 683 1611 740 aut
1640 677 1759 740 bonam
1790 676 1977 742 mercedem
2001 676 2098 739 offert

440 783 531 870 operi
560 781 602 847 ad
635 780 721 868 quod
753 780 970 846 adtrabuntur
1002 781 1105 846 inviti.
1156 800 1235 864 ergo
1267 779 1425 846 debemus
1459 781 1586 866 gratiae
1618 781 1705 866 quod
1737 802 1903 860 vocamur,
1936 778 2095 844 debemus

438 886 574 972 gratiae,
598 885 686 971 quod
708 885 844 950 occultis
867 884 1048 964 itineribus,
1072 884 1135 948 nisi
1158 883 1362 966 resistamus,
1387 905 1484 972 sapor
1506 883 1602 949 nobis
1619 885 1727 949 vitalis
1744 883 1939 949 infunditur:
1963 888 2096 946 nostrae

389 991 548 1055 ittamen
577 990 747 1056 electionis
776 995 841 1069 est,
870 986 956 1074 quod
986 987 1146 1054 beneficia
1173 986 1398 1052 demonstrata
1424 994 1597 1053 sectamur.
1643 989 1697 1052 via
1726 989 1814 1053 enim
1845 986 2008 1052 scelerum
2031 1005 2096 1048 non
2162 1015 2173 1048 .·.

297 1108 354 1150 cen.
369 1112 390 1160 r.
405 1114 424 1152 r.
440 1095 631 1180 imperatrix
647 1100 760 1159 nostra
774 1093 896 1179 legitur
912 1114 998 1171 esse,
1022 1090 1080 1157 sed
1096 1091 1229 1172 morula,
1254 1113 1328 1157 eum
1344 1092 1385 1157 de
1400 1092 1546 1180 peccatis
1563 1090 1693 1157 dicitur:
1718 1093 1790 1158 ‘sub
1807 1098 1839 1157 tc
1853 1092 1916 1156 erit
1931 1089 2098 1176 adpetitus

284 1196 576 1266 massar-eorum'.
621 1195 697 1283 quid
722 1195 822 1261 etiam
851 1195 914 1260 sibi
937 1197 1006 1261 vult
1035 1196 1190 1261 universa
1220 1196 1369 1280 profetae
1397 1197 1490 1282 quasi
1522 1196 1618 1261 sertis
1646 1196 1796 1266 redimita
1827 1194 1985 1261 elocutio:
2020 1192 2098 1255 ‘noli

297 1297 421 1402 ib·,}‚⁴⁵,‘‚³'
440 1300 599 1367 aemulari
622 1300 708 1364 inter
729 1296 969 1384 malignantes’.
1007 1299 1120 1364 ‘nolite
1145 1297 1309 1365 confidere
1332 1300 1366 1363 in
1389 1297 1616 1385 principibus⁷.
1654 1301 1768 1365 ‘nolite
1790 1299 1863 1365 fieri
1887 1299 1971 1364 siout
1994 1316 2097 1382 equus

284 1412 474 1474 scoteraet
504 1401 632 1484 mulus',
666 1410 699 1468 et
728 1403 911 1491 apostolus:
949 1403 1060 1467 ‘nolite
1087 1402 1159 1467 fieri
1187 1403 1274 1468 servi
1302 1401 1503 1467 hominum'l
1549 1403 1670 1468 totiena
1694 1401 1780 1468 ‘noli'
1808 1405 1842 1467 in
1870 1421 2012 1489 superna
2039 1398 2097 1462 ad-

389 1507 618 1573 lllmonitione
646 1527 709 1593 quo
737 1507 883 1593 respicit,
915 1505 942 1570 si
965 1505 1054 1571 aliud
1077 1507 1163 1572 velle
1193 1527 1257 1570 non
1279 1507 1393 1572 licuit?
1438 1505 1558 1571 deinde
1582 1507 1731 1593 quamvis
1753 1507 1786 1571 in
1809 1527 1952 1593 persona
1973 1503 2097 1569 Christi
2152 1533 2176 1569 a

285 1615 551 1675 leucatatamen
575 1632 633 1696 pro
651 1610 778 1676 arbitrii
793 1610 1011 1698 adstipulatur
1026 1609 1171 1674 eiusdem
1185 1609 1334 1696 profetae
1349 1609 1444 1674 nobis
1460 1608 1615 1675 libertate
1632 1610 1868 1675 testimonium:
1894 1612 1939 1674 ‘ut
1954 1609 2096 1673 facerem

303 1705 416 1810 diffisi·
439 1713 641 1777 voluntatem
657 1720 758 1792 tuam,
781 1712 862 1778 deus
879 1733 983 1792 meus,
1007 1709 1104 1776 volui’
1129 1718 1164 1776 et
1178 1710 1270 1775 alibi:
1304 1712 1497 1778 ‘voluntarie
1515 1713 1708 1779 sacrificabo
1730 1713 1811 1794 tibi',
1835 1720 1883 1779 et:
1913 1716 2000 1777 ‘vota
2023 1733 2099 1776 mea

299 1818 376 1871 isra,
392 1814 571 1880 ¹²·domino
603 1815 748 1881 reddam’
777 1823 811 1882 et
838 1817 973 1881 iterum:
1008 1817 1136 1881 ‘vovete
1165 1821 1198 1880 et
1226 1813 1376 1882 reddite’.
1420 1815 1502 1881 illud
1529 1824 1639 1882 autem
1666 1817 1756 1883 beati
1783 1818 1941 1904 apostoli,
1972 1837 2036 1901 quo
2061 1837 2097 1880 se

241 1969 243 1974 ,
439 1920 558 1984 muniri
585 1920 705 2000 credit,
736 1921 925 2006 exemplum
952 1919 1125 1984 nobiscum
1155 1917 1251 1998 lacit,
1282 1919 1310 1982 si
1333 1939 1416 2005 quae
1441 1927 1622 2004 sequuntur
1644 1921 1809 2002 advertat,
1841 1942 1915 1986 curu
1944 1920 2098 1985 inimicus

296 2009 651 2112 {ffilladrogantiae
684 2022 782 2088 dixit:
822 2023 938 2110 ‘gratia
969 2021 1023 2087 dei
1057 2043 1129 2086 sum
1164 2020 1251 2108 quod
1285 2020 1378 2087 sum’.
1430 2044 1508 2088 mox
1541 2025 1642 2106 enim,
1676 2047 1718 2091 ne
1751 2025 1798 2090 sic
1832 2025 1934 2110 fugax
1970 2025 2097 2110 gloriae
2151 2051 2174 2088 rs.

443 2127 642 2210 crederetur,
673 2136 709 2193 ut
736 2130 836 2216 longo
866 2128 1040 2194 intervallo
1067 2148 1088 2192 a
1117 2127 1254 2192 veritate
1285 2125 1501 2210 descisceret,
1534 2129 1667 2215 sapiens
1698 2129 1899 2194 architectus
1930 2127 2096 2192 adiunxit:

438 2232 669 2298 ‘abundantius
692 2232 844 2298 omnibus
867 2232 1014 2297 laboravi
1037 2239 1070 2296 et
1092 2233 1200 2318 gratia
1222 2231 1276 2298 dei
1300 2232 1334 2297 in
1357 2254 1410 2298 nra
1434 2253 1541 2319 egena
1564 2255 1629 2298 non
1653 2232 1736 2316 fuit’,
1764 2233 1852 2322 quod
1878 2233 2003 2298 dixisse
2028 2239 2095 2297 est:

439 2335 588 2401 Christus
612 2337 645 2401 in
668 2357 720 2403 me
744 2357 841 2423 quem
865 2336 964 2422 digne
987 2342 1045 2402 aut
1066 2336 1272 2402 abundanter
1294 2343 1522 2402 muneraretur
1544 2337 1678 2404 invenit.
1717 2359 1783 2404 non
1800 2337 1886 2403 enim
1903 2357 2030 2423 pauper
2046 2341 2098 2402 est

437 2439 548 2505 divina
576 2441 697 2526 gratia,
730 2439 789 2506 sad
811 2441 1001 2506 meritorum
1030 2448 1218 2506 nostrorum
1246 2447 1380 2528 putatur
1403 2440 1543 2526 quadam
1566 2442 1671 2506 macie
1695 2449 1752 2506 aut
1775 2442 1925 2508 exilitate
1950 2440 2096 2506 tenuari:

437 2565 521 2630 quae
548 2552 626 2610 tunc
655 2566 720 2611 non
752 2545 819 2610 suis
848 2545 1039 2610 aestimatur
1072 2545 1235 2611 meatibus
1264 2547 1382 2626 fluere,
1417 2544 1545 2631 quando
1577 2544 1617 2610 de
1650 2545 1721 2611 eius
1754 2545 1904 2610 cursibus
1934 2542 2097 2608 ariditatis
2151 2567 2176 2604 a

391 2647 428 2707 15
441 2654 573 2714 nostrae
589 2668 675 2714 vana
691 2648 737 2712 nil
752 2647 878 2734 recipit.
915 2670 934 2712 ο
952 2649 979 2713 si
997 2650 1186 2737 epistularis
1203 2654 1371 2736 pateretur
1393 2649 1548 2735 angustia
1571 2669 1738 2714 sacrorum
1753 2649 1955 2714 voluminum
1978 2668 2099 2712 arcana

440 2753 595 2817 reserari!
641 2752 700 2818 sed
729 2753 830 2818 timeo
859 2773 901 2818 ne
933 2753 987 2838 qui
1021 2754 1144 2818 nullam
1176 2753 1298 2839 poterit
1331 2752 1394 2817 deo
1425 2753 1605 2838 inspirante
1638 2751 1671 2816 in
1706 2751 1770 2818 fide
1804 2758 1917 2817 nostm
1949 2751 2098 2816 invenire

285 2845 636 2950 &pffifpfivealumniam
667 2855 708 2920 de
738 2856 878 2942 paginae
909 2857 1099 2942 prolixitate
1134 2863 1297 2923 causetur.
1342 2855 1417 2943 quid
1446 2855 1541 2930 illud,
1577 2876 1642 2941 qua
1671 2863 1780 2922 mente
1810 2855 1972 2942 suscepit:
2007 2857 2097 2920 ‘ecce

441 2978 560 3043 aquam
583 2966 617 3026 et
638 2959 759 3046 ignem,
782 2959 823 3025 ad
846 2959 982 3045 quodvis
1005 2963 1137 3047 porrige
1160 2959 1323 3026 manum’?
1368 2959 1445 3046 quid
1469 2961 1543 3040 alia,
1567 2981 1651 3047 quae
1675 2961 1828 3047 copiosus
1852 2958 2004 3024 adsertor
2025 2960 2097 3045 ipse

293 3057 631 3163 ‘ffisslbreplieastil
677 3063 775 3129 credo
797 3085 889 3129 more
913 3064 1037 3152 aspidis
1061 3066 1186 3146 clausa,
1215 3071 1252 3129 ut
1275 3065 1379 3146 aiunt,
1409 3085 1488 3130 aura
1512 3065 1673 3130 transivit.
1718 3063 1902 3151 videoque
1926 3064 2098 3128 setoxica
2152 3085 2177 3124 en

439 3165 586 3253 Libycae
616 3173 719 3255 pestis
750 3167 942 3237 extendant.
992 3190 1151 3235 arenosus
1187 3168 1322 3235 coluber
1349 3189 1415 3233 uon
1448 3167 1531 3233 haec
1566 3168 1635 3233 sola
1668 3166 1769 3233 babet
1800 3168 1987 3254 perniciosa
2013 3188 2098 3253 quae

439 3277 578 3336 reserat:
603 3270 645 3336 ad
667 3273 928 3338 aestimationem
951 3275 1155 3339 occultorum
1177 3272 1358 3337 facinorum
1380 3271 1517 3338 ferenda
1540 3278 1627 3353 sunt,
1651 3293 1735 3358 quae
1756 3272 1887 3335 fatetur.
1924 3272 1996 3336 vult
2011 3271 2099 3336 enim

441 3373 482 3438 ad
510 3375 591 3439 illud
619 3377 820 3463 pertingere,
850 3377 1016 3443 neminem
1040 3397 1098 3442 suo
1122 3377 1198 3440 vitio
1222 3382 1279 3439 aut
1300 3375 1511 3460 neglegentia
1534 3377 1659 3462 perire,
1690 3377 1717 3440 si
1740 3375 1836 3440 bomo
1859 3375 2028 3460 utriusque
2052 3375 2099 3439 rei

440 3478 575 3543 boniet
598 3479 673 3543 mali
702 3500 762 3566 per
790 3485 991 3566 potestatem
1020 3501 1180 3547 concessa
1210 3479 1372 3544 electione
1396 3479 1552 3565 privatur.
1596 3479 1656 3544 hos
1679 3485 1805 3545 tantum
1828 3481 1928 3544 iactat
1950 3479 2098 3565 potuisse

440 3581 558 3647 salvari
581 3581 652 3648 sine
674 3582 787 3649 labore
809 3584 892 3665 ullo,
917 3585 987 3650 sine
1011 3583 1239 3649 mandatorum
1262 3583 1419 3664 amicitia,
1448 3604 1529 3669 quos
1552 3584 1801 3668 peregrinantes
1823 3603 1843 3647 a
1865 3584 1982 3648 merito
2004 3582 2099 3646 lavor
2152 3603 2178 3642 a

441 3691 568 3750 tantum
592 3686 746 3752 caelestis
771 3687 905 3774 eripuit:
929 3686 1075 3774 perinde,
1099 3686 1186 3774 quod
1201 3689 1234 3752 in
1257 3688 1363 3774 ipsum
1386 3687 1559 3768 referatur,
1582 3688 1657 3754 illos
1680 3688 1807 3775 perisse
1830 3686 1994 3772 intellegit
2016 3707 2099 3773 quos

280 3879 282 3882 Ι
389 3786 546 3874 ttgratie
572 3790 678 3854 noluit
704 3789 815 3855 divina
841 3791 991 3856 liberare.
1036 3798 1086 3870 tu,
1115 3792 1158 3856 mi
1186 3791 1330 3872 domine,
1363 3792 1454 3856 salve
1482 3789 1568 3856 dicto
1598 3792 1650 3857 fae
1677 3790 1763 3878 apud
1787 3797 1820 3856 te
1842 3797 1879 3856 ut
1902 3791 1982 3871 sies,
2015 3796 2050 3855 et
2073 3791 2100 3855 si

297 3885 426 3984 ,ffiffi
441 3892 548 3956 sanari
571 3893 767 3980 mancipium
791 3895 903 3960 mortis
926 3915 990 3959 non
1012 3900 1133 3982 potest,
1156 3896 1399 3961 acontentione
1422 3894 1556 3974 desiste,
1580 3916 1622 3960 ne
1638 3917 1711 3962 cunr
1727 3901 1763 3960 tu
1779 3893 1856 3961 fidei
1871 3894 1981 3960 radice
1997 3895 2099 3960 fultus

439 3994 548 4060 valida
580 3996 707 4078 niteris,
744 3998 801 4064 ille
836 3999 896 4064 sub
927 4001 1098 4066 occasione
1130 4000 1226 4065 buius
1260 3999 1503 4064 controversiae
1537 4005 1614 4064 ante
1651 3997 1801 4064 editionis
1835 4005 1965 4085 tempus
1998 3996 2098 4062 divini

441 4099 573 4166 seminis
596 4100 638 4166 ab
662 4101 843 4187 aliquorum
866 4108 960 4169 utero
984 4109 1097 4189 partus
1122 4104 1277 4170 excutiat.
2151 4120 2176 4159 ³³

1087 4426 1189 4495 nvn
1212 4427 1323 4514 (srrsr.
1340 4431 1371 4510 2,
1387 4426 1454 4512 20).

975 4542 1213 4681 nuuoows
1241 4579 1559 4683 cousrnurro.

412 4749 425 4809 ¹
549 4734 668 4831 Dabis
691 4765 821 4830 veniam
845 4765 930 4850 quod
953 4766 1042 4831 celer
1064 4765 1235 4851 rescripsi,
1267 4766 1343 4850 quia
1372 4766 1473 4831 aetati
1500 4765 1607 4832 adhuc
1633 4765 1740 4833 debeo
1763 4765 1937 4832 indocilem
1960 4765 2098 4831 festina-

439 4867 573 4934 tionem.
618 4888 678 4933 voa
707 4869 878 4934 maturitas
906 4875 940 4936 et
966 4868 1095 4956 pondus
1122 4868 1230 4937 decet.
1275 4869 1413 4956 proinde
1436 4870 1624 4938 credentem
1646 4869 1756 4938 fovete
1779 4875 1813 4936 et
1835 4889 1941 4955 nugas
1965 4889 2100 4934 measa

541 5181 559 5236 3
577 5183 647 5251 operi
660 5182 700 5235 Bb
714 5183 786 5251 (oper
797 5179 859 5248 B¹)‚
878 5199 926 5233 orn.
940 5183 1015 5234 cereri
1077 5183 1241 5235 amabuntur
1255 5183 1283 5248 V,
1300 5185 1439 5237 trahuntur
1451 5184 1530 5237 Sir-m.
1588 5185 1711 5237 debemus
1723 5181 1727 5248 l
1740 5185 1809 5251 quod
1821 5197 1873 5235 occ.
1886 5182 1945 5247 (om.
1957 5182 2065 5249 gratiaal
2075 5181 2100 5232 B

439 5267 456 5320 6
473 5286 529 5323 asse
546 5270 643 5337 legitur
661 5269 740 5323 Sim
820 5269 947 5337 appetitus
963 5267 988 5318 V
1108 5266 1123 5319 7
1144 5267 1230 5336 stiam]
1253 5272 1321 5322 enim
1340 5270 1419 5322 Sirra.
1500 5271 1579 5323 nolite
1596 5287 1660 5322 aem.
1679 5269 1775 5322 Hartet
1897 5265 1914 5318 9
1931 5269 2040 5335 apostoli
2058 5268 2104 5320 TO

442 5353 474 5407 13
490 5357 580 5408 uouite
594 5354 620 5406 Β
747 5353 781 5406 15
798 5357 958 5423 arrogantiae
976 5355 1001 5405 V
1124 5351 1157 5405 16
1174 5355 1335 5407 srcbatsetus
1348 5353 1373 5405 B
1494 5354 1527 5407 17
1545 5355 1665 5407 omnibus
1681 5371 1730 5406 cuv.
1742 5353 1777 5406 tc
1899 5351 1933 5404 18
1950 5361 2101 5406 muneretur

439 5456 496 5508 rap.
508 5441 554 5492 liu.
572 5458 600 5492 ra
609 5440 635 5492 Β
738 5439 772 5494 19
790 5442 918 5495 exsiliata
929 5441 954 5492 B
1057 5439 1093 5494 20
1109 5441 1238 5493 araditatis
1251 5438 1291 5490 B¹
1395 5439 1429 5493 23
1447 5443 1560 5510 suscepit
1572 5442 1605 5505 Β,
1622 5442 1730 5508 suscipit
1747 5441 1822 5493 catari
1924 5438 1959 5491 26
1977 5441 2063 5507 lybica
2075 5441 2101 5490 B

438 5526 524 5595 libyca
550 5525 639 5595 pastis]
667 5527 829 5596 lybicaspitis
848 5526 890 5577 Va
1028 5524 1061 5578 27
1080 5527 1225 5579 ocultorum
1241 5525 1286 5576 B⁶
1424 5525 1458 5578 28
1479 5527 1637 5596 negligentia
1652 5527 1678 5576 Β
1817 5523 1853 5578 30
1869 5527 2057 5596 peregrinantis
2075 5527 2100 5578 B

438 5609 471 5664 31
491 5612 595 5680 perinde
613 5609 653 5678 (er
669 5613 698 5664 ia
715 5610 764 5680 ta.)
776 5612 810 5679 B,
827 5613 934 5682 proinde
952 5613 1030 5666 stan.
1135 5609 1170 5665 32
1187 5612 1291 5665 libcrari
1303 5613 1329 5664 Β

543 5713 638 5784 [LVII]
673 5712 883 5772 steresibus
