4566 6532
686 385 797 440 coxlv
817 386 920 454 (DICT.
939 390 993 458 26),
1011 389 1109 444 CDXV
1127 389 1250 456 (EPIST.
1268 391 1293 452 8,
1311 391 1364 454 37).

852 677 996 747 cnxlv
1019 681 1114 767 (uror.
1132 683 1199 766 26).

401 873 566 948 vunan
594 874 804 948 usonem
831 875 929 948 cvu
957 875 1147 950 sacrun
1176 877 1384 952 viennas
1411 876 1648 952 axvsruu.

312 1021 398 1114 Etsi
421 1051 576 1136 gravibus
600 1051 747 1117 dolorem
771 1073 879 1118 meum
903 1060 1014 1139 raptor
1029 1053 1245 1118 inflammavit
1262 1053 1433 1126 incendiis,
1457 1054 1519 1118 etsi
1542 1055 1737 1138 pertulimus
1760 1055 1879 1119 lacesl

200 1154 347 1228 iniuriae,
379 1153 490 1218 debito
514 1159 623 1219 tamen
648 1176 727 1241 rogo
755 1155 896 1220 inmensi
926 1163 1040 1220 auctor
1070 1155 1204 1222 sceleris
1236 1178 1309 1220 cum
1339 1158 1513 1221 coniuncta
1541 1157 1603 1221 sibi
1636 1157 1850 1222 universitate

200 1257 382 1322 consenuit.
427 1277 533 1342 paene
557 1258 638 1323 felix
662 1259 861 1323 contumelia
884 1265 944 1338 est,
977 1281 1060 1344 quae
1092 1262 1191 1325 talem
1215 1266 1359 1324 meretur
1383 1262 1445 1324 etsi
1469 1282 1541 1324 eum
1565 1262 1708 1324 maximo
1733 1259 1851 1325 sudore

134 1380 145 1416 ι
199 1359 385 1424 vindictam.
421 1359 492 1446 quis
515 1367 648 1447 respuat
672 1362 840 1448 suscipere
864 1363 1092 1428 necessitatem
1114 1363 1269 1450 triumphi
1292 1365 1432 1428 termino
1450 1364 1728 1429 concludendam?
1752 1366 1882 1450 sapert

198 1464 406 1548 sequentium
441 1463 693 1528 amaritudinem
722 1465 769 1528 rei
803 1464 1032 1550 praecedentis
1067 1465 1222 1532 excludit.
1272 1466 1366 1531 dulce
1397 1468 1439 1531 sit
1463 1467 1548 1553 quod
1572 1467 1744 1548 doluimus,
1776 1467 1853 1553 quia

198 1567 321 1633 doloris
344 1567 447 1632 nostri
476 1568 623 1652 paenitet
654 1574 883 1653 provocantes.
929 1567 1090 1633 abductae
1119 1571 1258 1656 turpiter
1286 1571 1431 1635 mulieris
1462 1573 1590 1636 occasio
1617 1572 1719 1636 nostri
1740 1570 1853 1660 extitit

197 1679 303 1736 mater
325 1671 510 1756 augmenti;
534 1671 664 1757 peperit
687 1692 706 1735 a
730 1671 824 1736 nobis
849 1678 1056 1756 sequestrata
1076 1693 1160 1736 uxor
1181 1673 1354 1759 imperium
1373 1682 1406 1738 et
1422 1674 1462 1739 de
1480 1675 1619 1740 adulteri
1636 1673 1852 1760 conplexibus

199 1774 293 1839 nobis
317 1773 418 1840 edidit
441 1775 592 1860 patriam,
615 1794 712 1859 quam
736 1781 896 1843 tenemus.
942 1777 999 1861 qui
1021 1778 1165 1843 riserunt
1188 1778 1361 1854 caelibem,
1387 1778 1520 1844 videant
1544 1777 1685 1864 superba
1708 1776 1851 1841 hostium

198 1879 283 1944 colla
305 1879 512 1943 calcantem.¹
541 1877 715 1942 habuimus
739 1879 912 1964 coniugem
943 1879 1091 1945 honestis
1120 1902 1179 1966 per
1208 1882 1342 1966 longum
1366 1883 1512 1947 moribus
1536 1881 1729 1960 institutam,
1753 1878 1883 1943 alieni3

198 1984 345 2069 ignaram
377 1980 593 2061 contubernii,
629 2003 712 2068 quae
747 2004 811 2047 non
845 1990 974 2070 optaret
1005 1983 1191 2049 desiderare
1223 1984 1308 2070 quod
1337 2005 1402 2048 non
1433 1985 1520 2049 licet.
1564 2004 1629 2049 aea
1658 1983 1746 2048 illam
1776 2002 1855 2046 usus

198 2085 427 2173 praecipitavit
457 2085 490 2150 in
518 2084 606 2165 vitia,
640 2085 699 2150 sed
734 2087 886 2152 scelerati
916 2087 1093 2174 praedonis
1122 2089 1255 2175 inpulsu
1283 2096 1396 2154 secuta
1425 2096 1476 2154 est
1505 2088 1658 2153 Paridem
1689 2086 1854 2151 voluntate

199 2192 338 2278 captiva.
383 2211 561 2276 numquam
584 2191 625 2256 ad
649 2192 711 2257 hoe
742 2194 831 2257 illam
861 2195 968 2260 erexit
995 2195 1119 2259 formae
1147 2194 1359 2274 conscientia,
1389 2200 1425 2256 ut
1452 2213 1489 2257 se
1520 2190 1671 2257 crederet
1699 2188 1854 2267 adamari,

198 2295 285 2382 quia,
308 2302 345 2359 ut
369 2294 570 2376 confidimus,
594 2296 803 2381 turpissimae
827 2302 902 2362 sunt
924 2298 1080 2377 moribus,
1104 2318 1187 2382 quae
1211 2297 1341 2384 pulcras
1365 2317 1401 2361 se
1424 2317 1497 2360 esse
1513 2295 1741 2359 meminerunt.
1773 2292 1883 2357 talist

197 2400 279 2464 ultio
302 2399 413 2463 decuit
435 2420 555 2484 magna
575 2407 782 2487 peccantem:
806 2400 953 2466 funditus
976 2402 1152 2489 procubuit
1175 2401 1229 2486 qui
1253 2399 1315 2464 sibi
1339 2398 1546 2464 venerandae
1569 2397 1708 2482 sumpsit
1723 2397 1851 2461 culmen

197 2503 319 2568 uxoris.
353 2503 475 2568 talibus
498 2509 602 2584 utere,
624 2503 762 2588 adulter,
786 2506 972 2592 hymeneis!
1007 2507 1059 2573 his
1082 2514 1115 2572 te
1133 2505 1262 2572 Allecto
1285 2505 1469 2591 pronubum
1491 2510 1635 2569 sectatur
1655 2502 1849 2589 insignibus.

199 2617 232 2675 et
254 2609 377 2695 placari
401 2629 461 2674 nos
492 2609 538 2674 sic
568 2611 721 2676 convenit
750 2619 784 2677 ct
811 2613 965 2679 Paridem
1000 2613 1047 2678 sic
1078 2613 1196 2699 perire.
1241 2610 1436 2676 dictavimus
1470 2608 1747 2672 matrimoniorum
1782 2607 1853 2670 iura

200 2734 264 2777 non
287 2733 450 2793 sermone,
474 2711 532 2778 sed
556 2713 685 2798 gladiis,
716 2718 1020 2804 praesumptionum
1043 2723 1192 2802 segetem
1216 2715 1324 2780 ultrici
1347 2714 1430 2778 falce
1454 2717 1633 2778 vastantes.
1678 2710 1788 2776 multis
1812 2707 1853 2772 ad

199 2817 478 2882 conservationem
500 2816 646 2904 proderit
669 2839 729 2883 nos
752 2818 932 2905 perdidisse
957 2819 1155 2904 coniugium.
1200 2817 1311 2896 dicite,
1341 2837 1425 2902 quae
1456 2817 1651 2901 ubicumque
1676 2813 1882 2901 adcepistis5

121 2963 131 2974 -
200 2942 319 2986 nomeu
341 2921 464 3002 uxoris,
489 2921 516 2985 si
539 2943 616 2999 non,
640 2921 792 3007 quotiens
816 2923 896 2987 vitia
919 2923 1149 3010 subripuerint,
1173 2921 1317 2987 Menelai
1338 2928 1372 2986 et
1387 2941 1507 2985 nomen
1524 2926 1557 2984 et
1572 2919 1676 2983 virtus
1693 2922 1852 2982 occurret.

199 3024 318 3112 quibus
342 3045 407 3090 non
431 3025 538 3090 estin
562 3025 670 3090 studio
693 3025 858 3112 pudicitia,
888 3027 959 3107 erit,
991 3026 1053 3090 nisi
1082 3026 1235 3106 fallimur,
1261 3025 1295 3088 in
1318 3025 1528 3090 necessitate.
1573 3045 1633 3109 par
1655 3042 1714 3108 per
1738 3041 1852 3085 omnes

198 3128 372 3215 disciplina
395 3129 588 3210 servabitur,
611 3129 669 3194 ubi
691 3151 790 3194 unam
814 3129 950 3216 formam
975 3138 1009 3195 et
1031 3131 1181 3194 volentes
1206 3127 1393 3194 custodiunt
1417 3136 1450 3192 et
1473 3133 1617 3192 coactae.

834 3419 957 3488 GDXV
979 3421 1090 3508 (nrrsr.
1107 3425 1137 3503 8,
1155 3420 1220 3506 37).

780 3617 1018 3691 ENNODIVS
1045 3615 1269 3691 ΒΟΕΤΗΙΟ.

309 3760 481 3872 Quamvis
504 3798 603 3858 tenue
627 3794 747 3859 ellectu
771 3795 939 3881 petitionis
962 3793 1065 3880 surgit
1088 3793 1270 3879 eloquium:
1296 3801 1330 3858 et
1353 3795 1527 3859 conciliant
1549 3802 1582 3859 et
1604 3792 1718 3858 dotant
1739 3793 1880 3866 iacun-1

135 3931 140 3944 ·
200 3896 285 3960 diam
309 3916 362 3961 res
386 3894 562 3962 secundae.
607 3897 639 3961 in
669 3897 815 3983 qualibet
846 3899 1019 3964 verborum
1052 3897 1225 3962 saturitate
1258 3898 1408 3984 paginae,
1441 3899 1467 3962 si
1498 3897 1711 3985 repudientur
1738 3897 1779 3961 ab
1803 3896 1852 3960 in-

198 4000 393 4086 petratione,
418 4000 573 4064 ieiunant.
608 4000 682 4085 plus
703 3999 854 4066 felicibus
871 4001 1020 4089 epistolis
1037 4001 1176 4066 debetur
1191 4001 1335 4065 laudatio
1352 4022 1448 4087 quam
1466 4003 1589 4087 peritis.
1624 4001 1694 4066 iure
1710 4001 1854 4086 loquitur

198 4104 307 4169 verbis
330 4105 435 4168 nitore
459 4104 654 4169 sublimibus
678 4106 732 4191 qui
755 4115 933 4171 summates
956 4108 1043 4171 viros
1068 4105 1196 4170 dicendi
1220 4111 1393 4169 venustate
1418 4105 1572 4190 captivat.
1618 4103 1755 4190 quodvis
1779 4124 1852 4167 ora·

199 4207 316 4270 torium
341 4206 475 4272 schema
499 4208 634 4272 sinistra
655 4209 722 4272 fors
744 4208 893 4296 dissipat.
939 4210 1071 4275 ditescit
1099 4210 1184 4272 enim
1214 4209 1327 4293 lingua
1354 4209 1476 4273 nutrita
1506 4209 1686 4273 beneficiis.
1731 4206 1886 4280 dudum2

199 4309 240 4374 ad
264 4309 475 4376 eminentiam
499 4318 641 4375 vestram
665 4311 770 4376 direxi
793 4314 1031 4398 qualecumque
1060 4312 1195 4376 audacia
1222 4311 1425 4396 producente
1450 4311 1667 4396 conloquium,
1698 4310 1784 4396 quod
1808 4311 1853 4374 ita

200 4414 349 4499 responsi
382 4415 478 4500 genio
509 4414 714 4493 sublevastis,
750 4423 786 4479 ut
820 4416 988 4481 crederem
1020 4439 1072 4480 me
1107 4415 1289 4502 perdidisse
1322 4416 1421 4502 digna
1453 4417 1574 4480 favoris
1608 4422 1759 4501 tempora
1794 4436 1853 4499 per

200 4519 354 4603 quietem,
378 4516 506 4603 quando
531 4517 678 4582 modicus
704 4518 802 4583 sudor
824 4520 980 4585 iudicium
1004 4542 1112 4584 arcem
1138 4521 1279 4585 tenentis
1303 4520 1476 4584 inlexerat.
1510 4517 1736 4606 promiseratis
1757 4517 1853 4581 etiam

302 4743 432 4811 [CDXIV]
461 4743 474 4795 1
494 4746 620 4812 menelagi
633 4745 658 4795 B
727 4755 845 4798 exustam
864 4755 893 4797 ut
909 4747 931 4797 si
948 4747 1073 4812 grauibus
1085 4747 1111 4796 Β
1214 4744 1313 4797 Placia
1325 4745 1351 4794 Β
1454 4745 1555 4812 dquae
1573 4752 1598 4796 et
1616 4745 1691 4796 talem
1711 4745 1818 4796 meritur
1831 4744 1856 4794 B

198 4831 215 4883 5
233 4828 371 4899 suscipere]
395 4849 497 4884 suscare
510 4832 536 4883 B
635 4833 723 4884 triunfi
746 4833 855 4884 tenuius
868 4832 894 4881 B
1031 4831 1048 4884 6
1066 4831 1235 4898 praecidentis
1246 4831 1272 4880 B
1370 4832 1445 4884 dulce
1468 4833 1501 4882 sit
1520 4831 1566 4896 (B)
1577 4831 1666 4894 VLOb,
1688 4832 1811 4882 dulossait
1828 4831 1856 4894 T,

198 4919 323 4971 dulcescit
338 4917 404 4985 (Bt)
420 4919 517 4970 Hortel
650 4916 792 4987 lturpiter
806 4917 811 4983 Ι
827 4915 942 4971 mulieris
952 4919 986 4982 Β,
1009 4919 1124 4970 mulieris
1141 4919 1250 4986 turpiter
1266 4919 1341 4970 ceteri
1436 4919 1527 4970 extitet
1541 4918 1568 4967 B
1697 4915 1816 4970 lledidet
1831 4917 1857 4966 Β

198 5007 309 5058 terimus
321 5005 347 5056 B
407 5015 525 5058 raserunt
536 5005 562 5056 B
657 5004 689 5057 11
707 5009 826 5076 ignarum
839 5003 880 5056 13¹
942 5024 992 5058 non
1009 5006 1071 5057 ada
1083 5006 1150 5069 OPb,
1168 5023 1216 5056 em.
1229 5005 1317 5064 cerere
1339 5004 1408 5055 illam
1427 5022 1478 5056 non
1496 5021 1560 5056 usus
1578 5004 1671 5055 rectius
1767 5001 1801 5054 12
1818 5005 1856 5054 in-

198 5092 279 5159 pulsis
291 5090 317 5141 B
422 5090 454 5143 13
472 5093 549 5144 erixit
560 5092 586 5143 Β
654 5093 735 5144 torma
752 5095 923 5146 conscientiae
938 5093 1070 5146 verula
1140 5094 1249 5145 crederit
1260 5092 1286 5143 Β
1396 5089 1428 5143 14
1446 5093 1628 5161 turpissimis&
1699 5093 1820 5160 pulchras
1836 5091 1860 5168 ξ’

198 5178 262 5228 tales
275 5177 300 5228 B
436 5177 468 5229 lb
485 5195 577 5230 cumen
591 5178 617 5229 B
749 5179 782 5232 16
799 5181 900 5232 adulter
916 5177 1060 5248 hymeneis]
1083 5181 1226 5233 adulteram
1248 5180 1275 5230 iu
1294 5180 1331 5230 eis
1343 5178 1368 5228 Β
1468 5181 1568 5231 adiecto
1581 5179 1607 5230 Β
1710 5185 1819 5230 sectator
1831 5178 1856 5228 Β

201 5261 232 5314 17
250 5261 379 5330 Paridem]
402 5265 512 5332 pandam
525 5264 550 5315 B
688 5264 721 5316 18
742 5267 850 5333 segitem
865 5266 890 5316 Β
972 5327 975 5334 ¹
1025 5264 1058 5317 19
1076 5267 1270 5318 censenratione
1281 5265 1307 5316 Β
1401 5266 1547 5332 perdedisse
1561 5265 1585 5315 Β
1684 5265 1821 5331 accepistis
1837 5263 1862 5313 V

198 5349 234 5403 20
250 5352 377 5420 menelagi
390 5351 415 5403 Β
483 5354 595 5404 occurrit
605 5352 631 5403 B
734 5351 768 5404 21
787 5353 840 5404 nih
909 5361 936 5405 et
953 5371 999 5421 par
1011 5353 1090 5406 aim.
1195 5351 1229 5403 22
1247 5349 1431 5403 seruauiturB

303 5451 418 5524 [GDXV]
450 5453 485 5506 23
503 5457 592 5508 Boetia
605 5455 684 5508 sim.
786 5454 1051 5522 suessonensi
1062 5457 1138 5509 ceteri
1198 5457 1282 5524 surgit
1298 5453 1337 5505 Τ7
1349 5464 1372 5506 et
1384 5453 1472 5518 Siros,
1490 5461 1579 5523 surget
1591 5455 1667 5505 ceteri
1766 5451 1801 5504 25
1819 5469 1856 5504 re·

198 5543 309 5612 pudiunt
319 5542 345 5593 B
448 5539 483 5594 76
501 5543 626 5595 ienunant
637 5543 664 5594 B
727 5543 829 5595 debitur
840 5542 866 5594 Β
970 5540 1005 5594 27
1023 5543 1157 5595 summatis
1170 5542 1195 5592 Β
1298 5540 1332 5592 28
1349 5557 1433 5592 scema
1445 5540 1471 5591 B
1531 5557 1586 5592 sera
1600 5540 1658 5591 O'Pb
1720 5539 1821 5591 ditiscet
1832 5539 1858 5590 Β

197 5630 266 5682 enim
289 5629 361 5680 linim
382 5625 387 5694 Ι
406 5630 498 5696 lingm
521 5627 588 5696 (ap.
611 5629 695 5694 linim)
713 5628 739 5679 B
881 5628 916 5682 29
938 5628 1060 5697 uestram]
1086 5647 1160 5682 uram
1178 5629 1203 5679 Β
1311 5629 1498 5694 qualecumque
1516 5628 1552 5691 B,
1581 5627 1762 5694 qualicumque
1782 5627 1858 5678 ceteri

197 5713 232 5766 30
248 5715 412 5767 subleuantes
424 5715 449 5766 B
517 5716 640 5767 eredirem
652 5714 678 5765 B
746 5717 825 5785 digna
837 5717 870 5781 Β,
887 5717 959 5784 digni
978 5718 1053 5768 caesi
1157 5714 1191 5766 31
1209 5716 1331 5766 inlixerat
1342 5714 1367 5764 Β

301 5806 443 5864 Erremus.
1615 5804 1649 5858 37
