4612 6442
710 389 730 445 l.
759 387 806 446 DE
825 389 914 446 VITA
933 387 982 445 ΕΤ
1000 388 1162 446 scalprus
1179 390 1330 450 autom.
1807 397 1847 454 xl

292 558 404 648 Neque
425 570 530 628 tamen
551 562 601 628 his
625 585 733 628 omnes
756 563 851 628 officii
873 572 977 650 partes
1000 565 1266 631 enumeravimus:
1296 575 1392 632 restat
1413 567 1476 648 illa,
1506 591 1586 656 quae
1607 567 1648 636 ad
1673 567 1847 659 discipulos

192 665 391 752 scholamque
413 665 681 732 Mediolanensem
711 675 840 755 spectat.
888 691 961 732 nam
990 668 1064 732 licet
1090 667 1242 735 dictiones
1266 670 1349 751 illas,
1379 670 1462 736 unde
1492 673 1617 739 scholae
1646 683 1676 739 et
1700 675 1848 741 subsellia

192 770 346 849 redolent,
369 793 407 834 ex
430 771 586 835 communi
609 771 782 836 litterarum
803 771 924 851 favore,
947 793 1039 856 quern
1062 771 1092 835 in
1116 772 1263 838 Ennodio
1285 773 1383 839 fuisse
1405 797 1500 862 supra
1522 775 1740 863 exposuimus,
1763 789 1847 844 ortas

192 898 259 940 esse
281 874 368 940 dicas
383 885 477 962 atque
492 875 666 962 epistulam,
689 875 744 941 ubi
765 876 847 963 patri
870 874 993 940 cuidam
1015 876 1142 963 scripsit
1162 877 1262 942 filium
1283 878 1315 941 in
1339 877 1452 943 studiis
1468 879 1649 945 liberalibus
1665 903 1848 968 progressus

192 981 290 1044 facere
313 982 519 1067 (p.257‚19),
551 980 640 1044 aliter
665 980 814 1067 explicari
835 1003 929 1067 posse
952 979 1172 1061 concedamus,
1202 982 1298 1048 verba
1319 991 1422 1048 tamen
1452 991 1488 1048 ut
1508 1007 1538 1070 p.
1554 986 1663 1064 297,9
1690 985 1849 1065 ,erubesco

192 1083 397 1148 ecclesiastica
426 1083 622 1170 profitentem
649 1084 840 1148 ornamentis
863 1084 1074 1149 saecularibus
1097 1085 1244 1172 expolire‘
1265 1095 1297 1150 et
1317 1109 1348 1172 p.
1364 1088 1488 1166 296,28
1510 1086 1597 1166 ,nihil
1621 1087 1714 1174 longe
1736 1087 1849 1174 degen-

192 1186 276 1251 tibus
299 1187 458 1272 magistris
481 1209 561 1273 opus
584 1196 647 1266 est,
676 1185 803 1273 quaudo
825 1185 921 1272 digna
942 1186 1034 1252 laude
1055 1188 1195 1274 loquitur
1215 1189 1270 1275 qni
1293 1187 1400 1275 dirigit
1421 1188 1463 1254 ad
1485 1188 1656 1255 docentem.
1700 1191 1849 1256 erubesco

192 1291 384 1356 insinuatum
407 1290 510 1355 minus
538 1290 696 1355 invenisse
724 1313 818 1378 quam
840 1288 966 1371 detulit,
996 1289 1088 1356 deum
1111 1315 1238 1378 rogans,
1268 1285 1304 1356 nt
1325 1291 1410 1379 quod
1433 1291 1472 1357 de
1494 1315 1544 1358 me
1565 1315 1622 1382 per
1643 1293 1849 1360 adfectionem
1963 1291 1966 1298 ’

191 1395 406 1484 praesumitis,
437 1393 554 1480 ingenii
586 1393 708 1458 valeam
737 1394 853 1458 virtute
881 1395 1035 1481 conplere‘
1064 1435 1104 1443 —
1131 1394 1311 1460 huiusmodi
1344 1397 1472 1483 inquam
1505 1396 1602 1462 verba
1637 1398 1713 1463 satis
1744 1407 1849 1486 aperte

191 1499 330 1565 indicant
356 1497 538 1563 Ennodium
566 1519 629 1562 non
658 1497 761 1562 solnm
789 1497 896 1563 Pateri
923 1499 1008 1563 illius
1038 1498 1095 1564 sed
1121 1499 1215 1564 etiarn
1244 1500 1376 1565 aliorum
1398 1499 1643 1568 adulescentium
1665 1499 1849 1566 eruditionis

180 1604 412 1690 provisionem,
435 1610 471 1666 ut
494 1600 538 1665 ait
558 1625 589 1686 p.
605 1603 678 1679 310,
690 1603 741 1681 30,
764 1601 945 1688 respexisse.
989 1601 1080 1688 qnid,
1111 1603 1178 1689 ipse
1205 1626 1239 1668 se
1261 1613 1491 1690 praeceptorem
1520 1604 1658 1691 appellat
1678 1627 1709 1690 p.
1726 1607 1755 1685 8,
1767 1607 1797 1681 2,
1818 1613 1850 1668 et

191 1731 222 1794 p.
237 1709 342 1788 272,4
365 1705 558 1792 pronuntiat:
581 1703 630 1782 ,de
652 1713 760 1769 nostro
783 1704 887 1769 hausit
908 1707 1034 1784 Arator,
1056 1705 1205 1792 quicquid
1229 1705 1288 1771 deo
1310 1707 1519 1794 amplificante
1541 1706 1732 1772 descientia
1754 1729 1850 1793 opum

193 1813 298 1896 largus
321 1807 475 1874 effuderit‘
502 1807 637 1893 itemque
659 1830 690 1893 p.
706 1811 779 1888 320,
792 1810 832 1874 27
855 1809 1048 1894 gloriatura
1071 1832 1104 1873 se
1125 1810 1284 1876 Avienum
1311 1809 1467 1875 eruditum
1489 1833 1566 1875 esse.
1603 1811 1668 1875 noli
1689 1819 1794 1874 tamen
1816 1807 1850 1873 id

192 1915 236 1980 ita
256 1913 448 1999 intellegere,
478 1920 513 1976 ut
534 1910 718 1976 Ennodium
739 1935 796 1999 pro
826 1912 894 1992 ludi
923 1914 1073 1999 magistro
1100 1937 1117 1979 a
1146 1935 1195 1979 me
1224 1915 1330 1981 haberi
1360 1915 1519 1980 existimes
1526 1940 1534 1995 ;
1563 1914 1619 1980 sed
1646 1913 1771 1980 scholae
1798 1913 1848 1979 vel

192 2019 297 2106 potius
320 2015 467 2082 auditorii
489 2014 752 2096 Mediolanensis,
781 2017 869 2080 cuins
892 2016 1046 2082 litterator
1067 2017 1236 2084 Deuterius
1258 2018 1331 2099 fuit,
1354 2028 1528 2084 curatorem
1550 2025 1582 2083 et
1602 2019 1756 2083 fautorem
1778 2037 1848 2082 earn

192 2123 288 2188 fuisse
318 2129 405 2207 pato.
455 2127 551 2184 artem
579 2119 765 2185 rhetoricam
804 2129 908 2185 autem
939 2122 1107 2187 nonnullos
1144 2123 1211 2209 ipse
1243 2122 1364 2203 docuit,
1407 2145 1478 2186 cum
1509 2122 1560 2188 ille
1592 2121 1744 2210 pristinus
1771 2142 1851 2200 mos,

192 2223 363 2292 secundum
394 2246 486 2311 quern
515 2222 728 2290 adulescentes
761 2225 861 2290 claros
895 2235 1032 2291 oratores
1065 2235 1224 2313 tamquam
1257 2227 1423 2313 magistros
1447 2226 1658 2306 sectabantur,
1691 2234 1760 2289 turn
1787 2246 1849 2288 non

191 2329 334 2394 funditus
366 2329 501 2393 abolitus
533 2340 623 2394 esset.
667 2338 703 2393 ut
735 2329 869 2415 exempli
903 2352 996 2394 causa
1031 2329 1169 2394 Faustus
1201 2329 1345 2406 ,Romani
1375 2340 1476 2396 status
1507 2329 1633 2417 eloquii‘
1666 2334 1706 2416 (p.
1731 2331 1781 2408 15,
1797 2330 1849 2409 33)

193 2433 372 2500 Castorium
402 2441 434 2495 et
455 2431 585 2496 Florum
613 2432 791 2497 instituerat
819 2437 860 2518 (p.
883 2435 1015 2514 21,13),
1047 2433 1091 2496 ita
1118 2431 1283 2498 Ennodius
1310 2433 1431 2498 nobiles
1454 2433 1608 2521 quosdam
1637 2431 1850 2498 adulescentes

192 2539 281 2626 quasi
304 2535 540 2602 contubernales
562 2544 628 2600 arte
656 2536 822 2615 rhetorica,
845 2537 933 2600 cuius
955 2536 1122 2600 Deuterius
1144 2559 1255 2623 parum
1277 2535 1338 2601 fuit
1360 2537 1478 2623 peritus
1501 2543 1561 2624 (op.
1578 2533 1798 2604 OOXXXIV
1812 2537 1851 2615 7),

194 2643 363 2708 excolebat.

297 2743 361 2810 Sed
382 2743 545 2809 redeamus
569 2739 610 2806 ad
632 2742 730 2806 vitam
753 2741 881 2808 Ennodi
903 2765 942 2808 ex
964 2752 1141 2830 temporum
1164 2742 1273 2808 ordine
1295 2741 1505 2828 digerendam.
1541 2743 1685 2829 proxima
1706 2749 1780 2829 post
1799 2763 1849 2806 res
1873 2754 1979 2850 myas

192 2851 362 2916 Ravennae
382 2857 487 2934 gestas
503 2856 538 2911 ut.
560 2847 603 2910 ita
618 2844 721 2910 dicam
743 2845 838 2910 statio
854 2854 921 2912 esto
944 2846 978 2911 in
992 2846 1114 2932 synodo
1129 2847 1249 2912 Romae
1264 2845 1305 2912 ad
1320 2847 1458 2912 schisma
1471 2845 1721 2933 componendum
1743 2845 1851 2910 habitu

192 2977 274 3020 anno
297 2957 370 3022 502.
414 2974 486 3016 nam
508 2951 568 3015 hoo
590 2971 672 3014 anno
695 2949 859 3037 episcopos
882 2950 994 3016 Italiae
1021 2975 1040 3016 a
1061 2951 1255 3017 Theoderico
1278 2951 1413 3016 Romam
1435 2961 1625 3016 convocatos
1648 2951 1729 3028 esse',
1755 2947 1851 3014 atde

192 3056 374 3122 criminibus
402 3054 591 3140 Symmacho
619 3076 719 3141 papae
747 3054 876 3120 obiectis
905 3054 1091 3136 iudicarent,
1126 3079 1226 3142 nuper
1254 3056 1347 3120 certis
1374 3055 1548 3130 rationibus
1582 3054 1732 3141 probasse
1759 3053 1850 3118 nobis

193 3160 399 3244 videmur'(v.
419 3158 514 3245 Sybel
535 3159 645 3223 histor.
667 3158 816 3224 Zeitscbr.
839 3159 880 3223 N.
896 3159 933 3224 F.
956 3159 1047 3226 XIV
1069 3184 1100 3247 p.
1115 3163 1178 3226 400
1193 3163 1254 3240 ss).
1298 3157 1480 3223 Ennodium
1508 3167 1576 3223 trun
1603 3158 1706 3244 ipsum
1729 3157 1849 3222 Romae

191 3265 288 3330 fuisse
314 3262 451 3329 dictione
471 3285 566 3350 quarn
588 3262 698 3327 habuit
720 3262 856 3349 ,quando
883 3262 922 3328 de
943 3263 1047 3329 Roma
1071 3262 1174 3328 rediit‘
1195 3263 1252 3346 (H)
1276 3260 1469 3340 ostenditur:
1497 3262 1552 3326 sed
1574 3263 1682 3348 quanti
1703 3260 1851 3326 momenti

191 3372 257 3436 eius
274 3392 368 3457 opera
383 3368 415 3432 in
431 3368 486 3433 illa
497 3365 618 3453 synodo
632 3365 727 3431 fuerit
740 3367 843 3452 planis
854 3368 958 3433 verbis
974 3367 1122 3433 traditum
1139 3390 1201 3433 non
1217 3375 1272 3431 est.
1303 3389 1404 3454 neque
1418 3377 1522 3431 tamen
1537 3364 1734 3430 mediocriter
1745 3371 1851 3427 aucto-

192 3475 315 3540 ritatem
337 3474 403 3538 eius
426 3469 651 3536 aestimandam
673 3493 741 3535 esse
764 3472 903 3536 conicere
922 3472 996 3537 lieet
1016 3473 1102 3537 hinc:
1125 3473 1261 3559 primum
1284 3471 1368 3558 quod
1388 3469 1553 3536 Ennodius
1573 3468 1770 3534 amanuensis
1791 3467 1851 3532 fuit

192 3578 341 3644 laurenti
363 3575 504 3663 episcopi
519 3573 775 3654 MediolanensiS,
797 3597 890 3662 quem
912 3575 1005 3640 ceteri
1027 3576 1166 3663 episcopi
1189 3575 1287 3662 ,quasi
1304 3572 1416 3638 ducem
1431 3572 1663 3638 deliberationis
1678 3576 1851 3637 tenueramt‘

193 3689 233 3769 (p.
244 3686 273 3762 4,
281 3685 312 3762 2)
327 3681 477 3766 cuiusque
492 3699 605 3743 nomen
619 3678 651 3742 in
666 3678 948 3764 subscriptionibus
964 3679 1076 3765 synodi
1087 3680 1223 3767 primum
1237 3679 1342 3744 locum
1357 3677 1478 3742 obtinet
1483 3701 1492 3755 ;
1506 3685 1574 3741 tum
1589 3675 1674 3762 quod
1685 3673 1850 3740 Ennodius

194 3787 296 3852 Roma
317 3805 459 3849 reversus
482 3782 634 3867 gloriatur
647 3785 687 3868 (p.
704 3787 732 3860 5,
746 3784 776 3860 4)
797 3780 974 3861 ,didicimus
996 3783 1059 3846 iam
1081 3805 1144 3869 quo
1166 3781 1289 3847 turbine
1312 3803 1369 3868 pro
1387 3802 1492 3846 amore
1512 3779 1584 3845 fidei
1599 3779 1690 3844 hasta
1710 3775 1852 3843 iacienda

195 3890 243 3955 sit‘
264 3899 357 3976 atque
379 3895 489 3975 postea
511 3884 733 3971 Symmachum
749 3907 865 3972 papam
890 3885 1080 3966 meritorum,
1102 3909 1182 3973 quae
1205 3886 1266 3951 sibi
1289 3883 1422 3964 deberet,
1445 3884 1637 3950 commonuit
1655 3884 1851 3969 (p.180‚14);

194 3994 326 4081 denique
348 3992 423 4080 qnia
436 3990 585 4072 ,libellum
600 3989 751 4055 adversus
766 4012 821 4055 eos
836 3990 889 4076 qui
905 3999 1013 4055 contra
1035 3989 1190 4077 synodum
1206 3989 1340 4055 scribere
1354 3992 1638 4076 praesumpserunt
1653 3983 1850 4052 scribendum

196 4098 332 4185 suscepit
346 4097 397 4162 vel
420 4103 456 4159 ut
477 4095 649 4180 susciperet
670 4093 711 4158 ab
733 4092 890 4180 episcopis
912 4093 989 4180 ipsis
1013 4094 1128 4159 electus
1152 4104 1208 4160 est.
1225 4133 1265 4142 -
1281 4092 1443 4159 Videlicet
1464 4090 1742 4179 locupletissimum
1759 4089 1851 4154 huius

195 4203 238 4267 rei
258 4209 369 4266 testem
391 4221 425 4265 se
446 4220 514 4263 esse
536 4197 664 4262 simulat
685 4195 979 4279 Pseudo-Isidorus,
1000 4199 1055 4284 qui
1076 4199 1153 4263 haec
1174 4198 1207 4263 in
1229 4196 1367 4262 medium
1388 4195 1522 4283 profert:
1544 4195 1633 4276 ,Post
1654 4193 1852 4259 consulatum

195 4307 311 4373 Avieni
333 4328 404 4370 cum
426 4305 460 4370 in
481 4325 579 4368 unum
601 4313 756 4367 annuente
772 4300 900 4367 domino
923 4312 993 4368 ante
1015 4302 1241 4367 confessionem
1263 4290 1348 4366 beati
1363 4301 1447 4364 Petri
1463 4299 1676 4387 apostolorum
1699 4297 1851 4386 principis

196 4409 425 4487 resedissemus,
448 4404 710 4493 sanctasynodus
727 4406 820 4472 dixit:
843 4407 985 4473 Libellus
1002 4408 1056 4494 qui
1071 4407 1215 4493 synodali
1236 4406 1418 4471 auctoritate
1433 4414 1541 4470 contra
1554 4403 1678 4491 eosqui
1701 4401 1851 4467 adversus

196 4525 337 4601 quartam
364 4525 503 4579 nostram
531 4512 701 4598 synodum,
728 4534 808 4598 quae
835 4511 943 4576 habita
965 4521 1013 4576 est
1042 4511 1160 4576 Romae
1189 4511 1327 4577 Palmari
1357 4511 1469 4576 mutire
1495 4512 1784 4595 praesumpserrmt,
1811 4504 1851 4570 ab

196 4619 342 4686 Ennodio
365 4619 559 4706 conscriptus
582 4625 646 4697 est,
675 4639 780 4681 coram
803 4616 948 4682 omnibus
972 4615 1128 4681 deferatur
1150 4624 1183 4680 et
1203 4615 1235 4680 in
1258 4616 1435 4702 praesentia
1458 4613 1596 4678 omniurn
1618 4612 1738 4696 legatia
1760 4619 1852 4696 atque

196 4724 373 4790 roboretur!
418 4745 480 4808 quo
507 4721 637 4786 recitato
663 4731 695 4785 et
717 4721 758 4786 ab
780 4721 925 4786 omnibus
952 4743 1091 4786 consona
1119 4743 1197 4787 vooe
1224 4719 1428 4806 comprobato
1456 4723 1565 4782 sancta
1592 4712 1731 4800 synodus
1754 4712 1850 4778 dixit:

196 4827 284 4892 Haec
305 4827 420 4893 futuris
442 4825 634 4913 temporibus
651 4833 874 4891 conserventur
891 4833 985 4911 atque
1007 4824 1046 4890 ab
1069 4824 1214 4889 omnibus
1229 4832 1392 4888 teneantur
1413 4831 1445 4886 et
1466 4821 1506 4886 ab
1521 4819 1666 4886 omnibus
1682 4827 1875 4884 serventur·

195 4930 246 4996 hic
267 4931 391 4998 libellus
415 4931 610 5016 integerrime
632 4928 823 5016 synodaliter
844 4928 885 4994 ab
907 4929 1052 4994 omnibus
1075 4937 1216 4994 teneatur
1237 4937 1330 5014 atque
1352 4927 1432 4991 inter
1452 4925 1528 4990 ΠΗ
1550 4934 1582 4989 et
1603 4924 1639 4991 V
1661 4921 1852 5010 synodorum:

196 5044 373 5101 nostrarum
406 5036 544 5101 actiones
573 5035 789 5122 interponatur
822 5041 854 5097 et
882 5033 928 5098 ita
954 5033 1036 5098 sicut
1067 5032 1178 5097 harum
1211 5029 1402 5118 synodorum
1433 5029 1556 5094 decreta
1585 5026 1749 5106 habeatur,
1779 5026 1856 5113 quia

196 5138 340 5225 synodali
362 5139 546 5205 auctoritate
568 5138 764 5224 conscriptus
786 5145 889 5201 estet
903 5137 1086 5219 roboratus}
1100 5176 1141 5184 —
1156 5138 1204 5200 At
1224 5136 1301 5202 lraea
1323 5144 1355 5200 et
1377 5135 1447 5214 alia,
1469 5155 1549 5219 quae
1571 5130 1630 5196 hac
1652 5129 1691 5194 de
1712 5152 1746 5196 re
1767 5128 1852 5216 apud

199 5241 358 5308 Isidorum
380 5243 523 5329 legimus,
544 5265 647 5308 merae
662 5249 737 5307 sunt
758 5263 860 5327 nugae
881 5249 914 5306 et
927 5241 1059 5307 nebulae
1074 5239 1258 5322 (Hinschius
1274 5238 1454 5303 Decretales
1469 5260 1499 5323 p.
1511 5235 1596 5317 CV),
1618 5235 1732 5320 quibus
1748 5242 1853 5300 tamen

197 5345 306 5412 offusis
334 5369 383 5412 res
411 5346 569 5412 difficilior
595 5345 635 5411 ad
664 5343 914 5433 perspiciendum
948 5345 1032 5411 facta
1064 5355 1119 5410 est.
1169 5355 1304 5409 cetemm
1334 5340 1375 5407 ad
1408 5338 1526 5406 falsarii
1557 5337 1641 5403 illius
1669 5337 1852 5424 praestigias

196 5447 396 5538 dissipandas
423 5450 483 5515 hoc
512 5449 621 5515 afferre
655 5449 785 5528 sufficit,
820 5449 904 5534 quod
933 5450 1072 5515 libellum
1104 5445 1231 5513 Ennodi
1266 5445 1493 5532 apologeticum
1524 5441 1643 5506 eisdem
1669 5439 1791 5506 mendis
1822 5449 1854 5504 ct

195 5553 393 5640 glossematis
416 5553 620 5642 depravatum
643 5554 777 5634 exhibet,
800 5554 914 5639 quibus
937 5576 1044 5618 omnes
1066 5550 1246 5616 Ennodiani
1269 5549 1341 5615 libri
1364 5557 1485 5635 praeter
1507 5569 1603 5611 unam
1618 5543 1853 5610 Bruxellensem

196 5655 349 5745 inquinati
371 5667 458 5725 sunt:

1657 5757 1697 5814 b·
