4596 6450
738 397 859 453 CCXXII
879 397 981 462 (lllCT.
1003 396 1208 462 151001111Πί
1228 399 1329 465 (riter.
1353 401 1403 464 ra).
1839 407 1898 466 177

245 576 330 639 ferte
361 583 396 638 ut
428 575 522 638 eitius
551 575 652 636 letum
682 573 868 658 porrigeres
900 572 1067 637 exorabat.
1121 574 1260 638 habuisti
1292 572 1508 637 misericordis
1538 573 1726 658 opinionem
1760 575 1898 659 privigni

245 678 418 742 desideriis
442 677 664 763 obsequendo.
710 676 861 760 quotiens
886 683 1023 739 matrum
1049 677 1120 740 loca
1144 676 1294 752 tenuisti,
1314 663 1354 740 '‘ut
1377 698 1551 741 novercam
1577 677 1678 740 tutius
1702 675 1931 741 exhibercs't'l

247 781 345 856 solet,
379 781 541 845 libertatis
571 782 755 866 praesules,
786 780 818 841 in
849 780 1012 862 coniugali
1041 780 1207 843 consertio
1237 781 1333 842 unius
1365 773 1489 844 subolis
1518 787 1553 842 ut
1580 801 1751 844 commune
1783 781 1900 865 pignus

246 883 394 962 adtendi,
426 883 501 947 dum
530 883 660 947 affectio
690 903 787 967 quam
818 890 911 967 pater
940 882 1080 946 obtinuit
1110 883 1225 945 transit
1254 861 1297 946 ad
1318 885 1429 948 filium.
1476 884 1714 948 decedentibus
1740 885 1901 952 ¹matronis

180 1007 191 1040 τι
247 988 388 1052 virerum
412 986 626 1072 providentia,
650 985 727 1051 dum
750 986 792 1050 ad
815 984 1018 1050 educandam
1044 987 1271 1071 posteritatem
1295 1008 1443 1051 curarum
1469 988 1643 1072 participes
1659 993 1831 1070 quaerunt,
1854 987 1900 1050 sic

245 1113 403 1156 novercas
432 1091 610 1155 inveniunt.
656 1112 755 1175 saepe
784 1096 895 1154 tamen
926 1090 987 1154 sub
1020 1088 1080 1152 hcc
1109 1091 1267 1154 vocabule
1300 1097 1406 1154 mater
1434 1090 1561 1154 accedit
1590 1112 1628 1155 eo
1658 1091 1784 1155 cautior
1811 1092 1932 1155 circa8

247 1217 380 1281 germen
405 1195 559 1274 alienum,
583 1215 646 1279 quo
671 1194 843 1258 sollicitius
867 1214 984 1257 nemen
1009 1185 1169 1277 tragicum
1184 1193 1254 1256 vult
1269 1194 1382 1258 vitare.
1418 1195 1604 1278 genetrices
1621 1195 1725 1259 munit
1740 1194 1899 1259 securitas

247 1305 280 1363 et
303 1305 541 1363 sacramentum
564 1299 704 1362 nominis
729 1298 793 1375 sui,
823 1318 906 1381 quae
931 1297 1030 1360 etiam
1053 1297 1307 1360 misericorditer
1330 1296 1507 1361 creduntur
1530 1298 1637 1363 irasci.
1682 1307 1824 1378 vestras,
1850 1299 1897 1361 iu·

246 1403 365 1480 fausta,
389 1401 564 1466 blanditias
588 1403 657 1466 iure
683 1401 877 1485 respuimus,
902 1399 1019 1484 quibus
1043 1421 1102 1484 per
1123 1400 1232 1462 fucum
1248 1402 1393 1464 malitiae
1410 1401 1539 1465 interna
1553 1402 1693 1465 vestitis.
1731 1401 1933 1481 crubesco,9

248 1508 435 1592 cognitores
462 1508 679 1588 sanctissimi,
709 1505 896 1570 damnatam
927 1506 1049 1568 meritis
1072 1504 1139 1567 suis
1163 1503 1315 1568 diuturna
1337 1505 1570 1589 inpugnatione
1595 1511 1791 1569 sustentare.
1837 1525 1901 1568 non

247 1617 296 1675 cst
324 1631 446 1695 anceps
483 1611 664 1686 sententia,
698 1630 795 1694 quam
830 1609 943 1673 labere
977 1609 1151 1694 suspendo.
1201 1609 1334 1672 utinam
1356 1609 1527 1692 exquisitis
1561 1609 1725 1693 effugetur
1755 1608 1795 1672 de
1827 1608 1901 1672 luce

248 1713 445 1778 cruciatibus
469 1719 502 1777 et
524 1714 621 1778 lentis
646 1721 736 1776 secta
759 1713 948 1776 vulneribus
973 1713 1111 1776 exsistat
1133 1718 1302 1797 superstes
1327 1713 1454 1797 corpori
1478 1716 1552 1774 suc!
1590 1732 1655 1774 nen
1671 1733 1736 1774 uno
1752 1718 1901 1797 tempore

247 1816 287 1881 dc
316 1815 456 1902 propriis
486 1815 620 1881 sedibus
648 1837 770 1880 nocens
799 1816 907 1879 anima
935 1815 1088 1901 pellatur.
1133 1815 1164 1878 in
1196 1814 1350 1878 affectum
1380 1813 1546 1878 reducitur
1574 1813 1711 1899 puritas,
1749 1814 1900 1898 quotiens

246 1919 473 2004 generalitatis
497 1919 607 1984 oculos
631 1919 815 2004 expiaveris
839 1939 935 1983 cruce
958 1919 1140 1982 noxiorum.

882 2207 1067 2276 CCXXIII
1090 2210 1183 2294 (orer.
1204 2211 1267 2293 16).

467 2409 515 2481 IN
543 2407 640 2480 EVM
669 2408 750 2497 QVI
778 2406 979 2479 PRAEMII
1005 2405 1187 2478 NOMINE
1214 2403 1444 2478 VNSTALIS
1472 2404 1682 2478 VIRGINIS

800 2544 1006 2618 NVPTIAS
1033 2541 1348 2617 POSTVLAVIT.

363 2671 533 2785 Creditis,
564 2704 702 2784 iudices,
735 2727 793 2790 per
820 2705 905 2769 hunc
929 2705 1073 2769 victoriis
1103 2705 1246 2768 lamenta
1274 2703 1402 2767 misceri
1426 2709 1458 2766 et
1487 2702 1723 2787 triumphorum
1754 2708 1930 2788 sapereml

248 2809 422 2894 displicere
452 2807 492 2871 dc
519 2809 684 2894 praemiet
730 2808 911 2872 aestimatis
940 2807 1061 2872 offendi
1089 2807 1169 2872 dees
1193 2809 1225 2871 in
1250 2807 1370 2872 ellectu
1395 2828 1504 2871 rerum
1529 2815 1561 2870 et
1584 2805 1703 2870 deduci
1726 2804 1768 2868 ad
1790 2803 1904 2890 paeni-

249 2911 385 2975 tentiam
412 2911 558 2986 numina,
590 2933 673 2997 quae
698 2918 775 2977 vcta
803 2913 977 2976 iuverunt?
1023 2911 1118 2977 adest
1146 2913 1311 2976 bominum
1341 2912 1576 2996 nequissimus,
1608 2912 1662 2997 qui
1686 2932 1820 2994 gemere
1844 2930 1904 2974 nos

170 3032 182 3071 r
248 3015 401 3100 imperat,
431 3014 515 3099 quod
545 3016 669 3100 patriae
698 3021 830 3080 nestrae
854 3015 931 3079 vicit
958 3015 1120 3084 inimicos,
1153 3016 1208 3100 qni
1240 3015 1472 3079 consummatis
1503 3014 1651 3100 proeliis,
1681 3012 1758 3077 dum
1781 3013 1904 3077 laboris

247 3118 388 3203 pretium
411 3118 548 3203 flagitat,
573 3123 605 3182 ct
628 3118 740 3182 hostes
756 3128 790 3183 et
805 3118 891 3182 bella
908 3118 1124 3198 commendat,
1148 3119 1203 3203 qui
1219 3119 1380 3182 exhausta
1396 3124 1488 3204 putat
1504 3118 1625 3182 laberis
1642 3138 1718 3181 esse
1736 3117 1901 3201 suffragia,

247 3221 310 3285 nisi
339 3243 422 3308 quac
451 3221 542 3286 iratis
571 3223 735 3287 caelicolis
764 3223 985 3298 conferuntur,
1014 3229 1050 3285 ut
1078 3223 1180 3307 possit
1207 3222 1321 3285 civitas
1346 3222 1417 3285 cius
1442 3219 1579 3308 perdere
1604 3220 1689 3305 quod
1714 3222 1901 3306 peripsum

248 3324 391 3390 creditur
419 3325 613 3411 adquisisse.
659 3325 790 3389 confidit
818 3328 950 3410 genium
976 3327 1143 3390 bellatoris
1167 3328 1262 3412 pictis
1289 3325 1407 3389 tabulis
1431 3333 1463 3390 ct
1487 3325 1685 3410 imaginibus
1709 3347 1773 3389 non
1797 3326 1935 3390 tenerit

247 3451 308 3493 nec
324 3429 470 3513 requirit,
493 3435 529 3493 ut
546 3436 695 3495 servetur
711 3431 851 3494 saeculis
868 3453 944 3496 acre
961 3431 1134 3495 formatus:
1160 3432 1230 3495 sola
1247 3431 1398 3516 opinetur
1415 3451 1486 3493 esse
1503 3427 1632 3514 gaudia,
1657 3428 1775 3514 quibus
1792 3428 1903 3492 evenit

171 3549 195 3588 2³
249 3553 366 3597 munus
396 3531 559 3598 adulterii.
604 3533 631 3595 si
654 3532 696 3596 ad
723 3532 784 3596 hec
812 3540 845 3598 tc
875 3533 1006 3597 casibus
1037 3533 1199 3612 obtulisti,
1227 3541 1263 3596 ut
1287 3554 1343 3618 pro
1374 3531 1493 3596 sudore
1516 3537 1572 3596 tuo
1599 3532 1758 3596 nominari
1781 3530 1902 3617 pudeat

248 3635 334 3719 quod
361 3636 512 3720 requiris,
544 3657 604 3701 nos
633 3656 698 3700 non
730 3658 903 3722 possumus
927 3638 1044 3701 scortis
1068 3635 1188 3702 debere
1213 3635 1298 3722 quod
1323 3636 1468 3699 vicimus.
1514 3657 1578 3699 non
1603 3637 1655 3721 pio
1680 3657 1791 3699 amore
1815 3634 1933 3698 bella3

248 3737 398 3820 gessisti,
431 3739 486 3822 qui
515 3745 589 3824 pcst
618 3739 825 3804 adversaries
851 3741 883 3804 in
907 3741 1045 3805 ciuitatis
1069 3740 1175 3805 medio
1200 3763 1271 3804 cum
1295 3738 1418 3824 pudore
1444 3739 1665 3824 congrederis.
1711 3740 1781 3802 sine
1806 3759 1904 3802 causa

249 3837 361 3902 hostes
385 3838 551 3925 depulisti,
576 3841 631 3926 qui
655 3863 768 3906 cerum
791 3842 918 3906 vicibus
942 3842 1089 3928 fungeris
1113 3844 1145 3906 in
1169 3842 1341 3929 triumpho.
1386 3843 1557 3906 babuimus
1581 3849 1702 3906 statum
1725 3840 1904 3906 honestatis

249 3942 404 4024 liberum,
433 3943 509 4006 dum
538 3944 669 4008 casibus
698 3945 914 4010 subiaccmus.
960 3947 1116 4030 fugienda
1145 3953 1195 4010 cst
1218 3947 1359 4010 virorum
1388 3947 1517 4010 fortium
1540 3945 1694 4034 felicitas,
1725 3967 1784 4030 per
1807 3965 1903 4029 quem

172 4089 176 4102 ·
249 4047 413 4131 iungimur
441 4048 582 4112 miseriis
613 4048 827 4112 subditorum.
873 4049 1008 4128 etenim,
1044 4051 1153 4114 curiae
1184 4049 1322 4126 lumina,
1355 4071 1413 4134 pcr
1441 4050 1593 4114 minutias
1624 4049 1782 4112 scelerum
1815 4047 1935 4111 huncl

251 4150 421 4235 opinamur
443 4148 483 4213 ad
513 4151 656 4214 inmania
680 4157 756 4214 vcta
783 4151 984 4236 perductum.
1031 4153 1160 4237 quantis
1184 4152 1340 4237 gradibus
1366 4154 1582 4218 exercitatum
1606 4151 1732 4217 lacinus
1756 4151 1904 4236 pervenit

251 4253 293 4316 ad
315 4253 386 4332 hcc,
408 4259 445 4316 ut
466 4253 544 4317 vitia
568 4253 719 4318 laudibus
744 4260 958 4320 mercaretur!
998 4256 1213 4320 credebamus
1237 4277 1322 4332 eum,
1347 4255 1421 4319 dnm
1439 4257 1539 4319 vitam
1563 4258 1595 4319 in
1619 4255 1768 4319 tentoriis
1792 4261 1906 4338 ageret

251 4363 284 4420 et
307 4356 349 4420 ad
380 4357 521 4442 insignia
553 4357 678 4422 roboris
702 4356 790 4421 duris
814 4381 932 4445 corpus
956 4361 1163 4424 successibus
1187 4362 1356 4437 invitaret,
1389 4359 1490 4424 civice
1515 4383 1625 4424 amere
1650 4357 1842 4442 constringi,
1869 4364 1906 4420 ut

249 4481 310 4544 per
332 4461 480 4524 militiam
505 4462 574 4525 eius
598 4482 659 4525 uec
683 4461 868 4526 incendium
891 4463 991 4528 urbes
1016 4485 1076 4528 nec
1100 4487 1210 4528 sacra-s
1235 4465 1420 4549 corruptela
1445 4464 1585 4547 virgines
1608 4462 1802 4550 possideret.
1841 4462 1904 4525 iste

173 4584 197 4618 -o
253 4564 336 4627 enim
369 4565 448 4628 emit
478 4570 526 4628 tot
554 4564 760 4634 vulneribus,
797 4588 837 4630 nc
867 4567 950 4630 alter
984 4568 1165 4632 facinorum
1201 4568 1295 4653 lruge
1332 4569 1500 4653 potiretur.
1551 4567 1627 4652 quid
1662 4566 1719 4630 tibi
1755 4565 1937 4642 debeam,5

252 4665 475 4730 crudelissime
509 4665 693 4746 bominum,
727 4667 824 4732 datur
857 4668 1020 4754 intellegi,
1061 4692 1121 4755 per
1156 4671 1248 4734 euius
1283 4670 1434 4736 benificia
1469 4671 1614 4755 superati
1649 4670 1771 4735 exitum
1802 4669 1906 4732 vietor

251 4825 388 4833 *-

353 4926 368 4978 l
389 4922 439 4995 (te)
460 4930 523 4979 sorte
540 4927 636 4978 Hartel
726 4928 864 4994 porrigetis
876 4929 901 4979 Β
996 4931 1120 4981 exorabas
1139 4931 1174 4981 Cb
1306 4929 1323 4979 2
1342 4931 1420 4982 totius
1438 4929 1566 4980 exhibetis
1584 4927 1609 4978 Β
1739 4926 1756 4979 3
1774 4929 1869 4980 sobolis
1885 4927 1910 4977 V

250 5013 267 5064 4
284 5015 380 5065 attendi
396 5013 421 5062 V
528 5012 545 5064 5
564 5015 725 5066 educandum
738 5014 764 5064 B
877 5013 892 5065 I
912 5019 1036 5068 traiccum
1049 5017 1081 5078 B,
1103 5017 1211 5066 traieum
1230 5034 1285 5081 sap.
1302 5017 1347 5066 lin.
1362 5014 1403 5065 L²
1473 5012 1562 5079 vibere]
1581 5015 1686 5066 uincere
1700 5015 1758 5064 CPb
1828 5032 1903 5080 gene

250 5100 325 5150 trices
337 5101 436 5166 scripsi,
453 5102 603 5166 genitricem
615 5100 695 5164 Bru,
713 5102 868 5167 genetricem
886 5100 930 5150 VL
995 5109 1084 5152 munet
1096 5100 1121 5150 B
1225 5101 1242 5151 8
1262 5095 1347 5168 (sunt)
1369 5118 1434 5166 quac
1448 5100 1542 5150 Hertel
1608 5101 1718 5151 infauste
1733 5101 1759 5162 G,
1778 5101 1905 5150 infaustae

251 5187 347 5238 Hartel
449 5187 465 5237 9
483 5189 589 5239 uestitus
602 5187 627 5236 Β
732 5185 765 5236 10
782 5189 921 5254 cognitoris
939 5188 1107 5238 seauctissimi
1120 5187 1146 5236 B
1247 5186 1278 5236 12
1296 5189 1390 5238 existat
1406 5187 1430 5236 V
1490 5187 1614 5252 superatis
1627 5185 1652 5235 Β
1755 5185 1785 5236 13
1803 5183 1902 5248 animal

249 5273 394 5340 appellatur
405 5272 438 5336 Β,
455 5291 478 5323 a.
498 5273 609 5324 uallatur
622 5271 699 5323 Siras.
904 5257 907 5264 ¹

354 5375 508 5444 [CCXXIII]
546 5373 578 5426 lt
596 5376 712 5427 uicturiis
729 5376 773 5427 Ba
907 5377 939 5428 18
961 5379 1024 5429 deus
1040 5377 1066 5427 B
1163 5376 1249 5426 diduci
1271 5375 1316 5424 VL
1451 5374 1482 5426 19
1501 5377 1604 5426 nomina
1621 5375 1646 5426 B
1744 5377 1866 5427 iuberunt
1880 5375 1906 5425 B

251 5463 325 5513 home
339 5463 415 5514 Siras.
533 5459 568 5513 20
585 5462 739 5514 iuimicusB
853 5461 885 5513 21
906 5463 1020 5515 hostisB
1141 5461 1175 5514 23
1193 5461 1412 5528 immaginibusB
1532 5460 1566 5512 24
1586 5462 1697 5528 requiret
1710 5461 1735 5511 Β
1812 5462 1906 5513 seculis

250 5548 402 5614 srqr.lin.B
517 5547 552 5599 26
569 5546 622 5615 pic]
643 5551 713 5613 prob
832 5548 866 5600 28
884 5551 963 5601 bostis
979 5550 1004 5600 Β
1122 5547 1154 5599 31
1175 5549 1292 5615 peruenit
1310 5547 1366 5616 (per
1383 5547 1507 5614 saeptis.)
1525 5548 1550 5598 V
1661 5545 1695 5598 34
1713 5549 1790 5600 urbes
1803 5547 1906 5610 ertcl,

251 5635 322 5684 urbis
334 5634 394 5684 libri
448 5633 595 5700 uirginisB
690 5633 724 5686 35
742 5637 810 5687 erum
828 5634 871 5699 (=
884 5644 969 5686 sutem
984 5653 1012 5700 p.
1025 5633 1101 5698 25,3)
1119 5634 1159 5684 liic
1167 5652 1217 5701 por
1230 5633 1428 5700 dittopreplriam
1442 5643 1525 5685 crtum
1536 5651 1687 5686 esseoemec
1783 5633 1905 5685 illibene-

250 5721 310 5771 ficia
327 5719 351 5768 V
415 5720 523 5771 exitium
537 5719 571 5770 Cb

352 5810 493 5870 Erremus.
1436 5843 1445 5849 -
1573 5873 1575 5876 Ι
1665 5809 1700 5862 23
