4612 6442
436 395 455 456 2
1167 391 1179 444 1
1200 391 1303 460 (uror.
1324 391 1358 460 1).

435 564 468 628 in
500 564 628 628 laetitia
658 585 723 629 uon
755 564 887 630 habere.
933 586 1011 649 crgo
1041 564 1118 644 tibi,
1151 570 1264 629 sancte
1288 570 1391 650 pater,
1424 566 1523 630 officii
1546 567 1695 631 conscius
1719 565 1820 630 verba
1843 587 1906 630 nou
1931 565 2093 630 tribuam?

437 669 517 733 libet
548 674 657 734 tamen
687 667 816 734 dicendi
845 669 1004 755 principia
1038 668 1291 732 consecrationis
1320 674 1395 734 tuae
1426 669 1573 734 derivare
1604 669 1644 734 dc
1673 675 1822 755 tempore
1852 675 1886 734 et
1914 691 1987 734 cum
2016 671 2093 734 anni

406 773 638 837 lrenascentis
663 773 800 838 infantia
822 773 1011 853 florulenta,
1036 773 1064 836 si
1087 773 1198 853 valeo,
1221 770 1365 836 dictione
1389 793 1540 837 vernare:
1572 794 1657 837 nunc
1682 795 1756 837 cum
1779 779 1887 838 terrac
1912 795 2010 838 sucus
2033 795 2094 860 per

436 897 538 940 venas
569 875 731 940 arentium
761 878 975 961 virgultorum
1004 876 1103 939 currit
1131 876 1164 939 in
1195 876 1344 960 germina
1373 882 1405 940 et
1436 878 1529 940 alvus
1557 877 1635 940 sicci
1660 876 1781 941 fomitis
1804 898 1918 941 umore
1941 878 2095 942 maritata

301 975 414 1080 Pffil
438 979 601 1064 turgiscit,
635 1001 709 1044 cum
738 981 771 1044 in
793 981 950 1046 blandam
972 981 1082 1045 lucem
1103 980 1226 1045 novelli
1248 973 1485 1066 praesegminis
1509 1001 1623 1045 comae
1647 981 1855 1067 explicantur
1878 981 2037 1046 arboreae
2061 987 2096 1046 et

439 1084 543 1149 omnis
567 1105 730 1148 ramorum
752 1085 902 1170 plectura
930 1083 1122 1149 diffunditur
1145 1085 1197 1148 vel
1221 1106 1304 1170 quae
1328 1084 1414 1149 iutra
1437 1085 1580 1149 tunicam
1604 1090 1721 1149 natura
1744 1085 1910 1149 artaverat
1931 1083 2095 1151 frondium

437 1186 558 1252 decora
585 1187 768 1269 solvuntur,
798 1210 872 1253 cum
901 1188 1009 1251 avium
1039 1189 1204 1253 cantilena
1234 1189 1374 1253 comitur
1398 1211 1516 1276 sapore
1539 1189 1723 1270 modulato,
1756 1211 1831 1253 oum
1854 1190 1921 1253 vita
1945 1195 2095 1275 segetum

437 1290 544 1376 glebis
579 1292 708 1377 sepulta
741 1292 938 1358 hiemalibus
973 1293 1066 1377 quasi
1101 1293 1268 1378 repagulis
1297 1293 1420 1378 algoris
1448 1294 1569 1358 emissa
1598 1299 1632 1356 et
1660 1299 1774 1380 tepore
1804 1293 1872 1357 fota
1902 1294 2094 1379 concipitur:

405 1401 524 1463 8nunc
546 1415 618 1474 eccm
640 1395 672 1459 in
696 1417 780 1461 cano
804 1397 884 1461 flore
909 1417 1001 1483 spem
1025 1397 1190 1461 fructuum
1207 1399 1340 1463 metitur
1356 1397 1511 1482 agricola,
1536 1419 1609 1461 cum
1626 1398 1747 1462 mutuis
1763 1398 1935 1484 palmitum
1951 1397 2095 1462 brachiis

439 1497 608 1563 vinearum
632 1501 755 1563 texitur
777 1501 890 1586 aprica
905 1500 1095 1565 formositas
1112 1506 1145 1564 et
1161 1506 1237 1564 ante
1253 1501 1451 1565 maturitatis
1468 1507 1597 1587 tempus
1615 1501 1740 1565 vultum
1756 1501 1949 1586 frugiferum
1967 1501 2096 1566 cultura

438 1603 609 1687 conponit,
640 1601 722 1667 dans
746 1610 953 1669 venustatem
984 1605 1067 1668 falce
1097 1603 1269 1670 domitrice
1294 1612 1327 1671 et
1351 1606 1515 1670 luxuriam
1539 1604 1748 1670 infecundam
1771 1605 1856 1671 ferro
1879 1606 2097 1670 fructificante

439 1726 649 1791 conpescens,
673 1728 747 1771 cum
770 1707 922 1793 profundi
945 1708 1085 1792 gurgitis
1109 1708 1218 1774 rabies
1241 1709 1397 1774 blandum
1420 1709 1539 1774 transit
1562 1711 1595 1773 in
1612 1709 1742 1773 sibilum
1760 1716 1793 1774 et
1809 1715 1967 1774 enervata
1982 1715 2098 1795 tepore

439 1814 611 1872 ventorum
634 1809 789 1875 ferocitas
813 1811 932 1896 migrat
955 1811 988 1874 in
1016 1809 1153 1876 delicias
1181 1813 1383 1898 navigantis,
1414 1834 1487 1877 cum
1511 1818 1617 1877 tutum
1641 1818 1692 1877 est
1716 1812 1866 1899 cymbam
1891 1815 1960 1878 salo
1983 1813 2097 1877 laxare

440 1919 474 1976 et
503 1933 696 1977 ancorarum
727 1935 854 1978 morsus
888 1914 1077 1997 absolvere,
1112 1915 1189 1981 dum
1220 1918 1365 1982 fractura
1394 1918 1629 2003 procellarum,
1666 1938 1749 2002 quae
1780 1919 1908 1982 navitas
1938 1917 2098 1981 hactenus

439 2015 618 2096 terrebant,
642 2017 759 2081 invitat
783 2023 816 2082 et
838 2039 898 2104 per
919 2018 985 2083 uda
1008 2021 1161 2105 aequoris
1184 2021 1291 2107 spatia
1314 2042 1464 2086 somnum
1487 2020 1702 2106 gubernantis
1720 2020 1873 2100 admittit,
1897 2041 1971 2084 cum
1987 2020 2097 2086 colore

439 2117 595 2184 distincta
627 2129 792 2206 gemmato
821 2123 913 2187 verni
946 2123 1064 2210 opibus
1098 2131 1193 2210 prata
1227 2125 1392 2190 ditescunt
1426 2131 1460 2190 et
1488 2125 1521 2188 in
1549 2124 1753 2189 ordinatione
1787 2124 1906 2189 summi
1934 2125 2098 2209 pontilicis

409 2227 577 2288 tincturae
601 2225 754 2310 gaudium
780 2226 942 2291 elementa
965 2232 1142 2291 testantur:
1173 2228 1233 2294 tibi
1257 2251 1351 2314 ergo,
1375 2229 1529 2310 antistes,
1558 2250 1643 2304 nuno
1672 2249 1737 2293 nou
1760 2226 1895 2294 reddam
1918 2228 2004 2314 quod
2026 2228 2099 2293 aliis

441 2327 507 2391 iam
534 2335 705 2413 praestare
737 2328 851 2410 didici,
882 2352 978 2416 quem
1009 2331 1050 2395 ad
1073 2332 1294 2417 pontificalem
1318 2333 1446 2418 apicem
1469 2333 1612 2418 gravitas
1635 2332 1741 2418 pudor
1763 2330 1922 2418 pudicitia
1944 2339 2099 2397 venustas

441 2431 592 2513 adduxit,
625 2433 681 2518 qui
711 2440 758 2499 tot
781 2435 912 2500 dotibus
936 2435 1027 2500 velut
1049 2435 1088 2498 in
1106 2456 1261 2502 acervum
1285 2438 1408 2502 coactis
1433 2459 1547 2502 canam
1572 2435 1766 2522 dignitatem
1790 2437 1975 2521 praesentis
1999 2437 2099 2502 officii

442 2537 630 2623 suscepisti,
666 2538 792 2604 habens
825 2545 989 2604 tantarum
1023 2539 1273 2604 honestamenta
1304 2541 1477 2620 virtutum,
1513 2546 1707 2626 quantarum
1741 2540 1914 2625 probatum
1949 2541 2098 2626 singulae
2152 2553 2163 2590 ‘-¹

392 2638 589 2704 lOfacereut
622 2642 751 2728 species
788 2641 1015 2708 sacerdotem?
1061 2649 1155 2708 tacco
1189 2644 1414 2709 univcrsitatis
1445 2646 1478 2709 in
1508 2645 1669 2710 electione
1703 2651 1759 2712 tua
1791 2645 2039 2709 consonantiam
2068 2652 2102 2711 et

441 2743 657 2810 discretarum
686 2748 854 2812 nationum
886 2748 1082 2813 concordem
1117 2748 1313 2812 sententiam
1348 2770 1412 2813 non
1441 2748 1582 2812 revolvo.
1636 2753 1760 2812 statuat
1788 2749 1852 2812 ista
1883 2748 1955 2813 loco
1984 2749 2101 2829 laudis,

442 2849 494 2912 cui
516 2869 581 2912 non
607 2850 752 2936 suppetit
775 2851 862 2936 quod
886 2853 989 2938 possit
1011 2851 1202 2938 praedicare
1226 2852 1267 2916 de
1287 2852 1442 2918 moribus.
1481 2853 1656 2917 momentis
1674 2852 1760 2916 enim
1776 2851 1969 2937 plerumque
1985 2852 2101 2917 incerti

441 2954 560 3019 favoris
584 2973 664 3018 aura
686 2956 854 3041 popularis
875 2956 1044 3042 inpellitur
1060 2961 1093 3020 et
1108 2957 1220 3020 nescia
1236 2956 1399 3020 examinis
1416 2956 1513 3021 turba
1529 2954 1716 3034 Quiritium,
1739 2955 1816 3019 dum
1833 2955 1950 3020 studiis
1966 2956 2101 3041 rapitur,

443 3063 531 3122 amat
561 3058 752 3144 incognitos.
798 3059 831 3122 in
855 3065 887 3124 te
910 3060 1027 3124 libram
1060 3060 1167 3124 tenuit
1194 3059 1248 3144 qui
1276 3060 1445 3145 petitionis
1468 3066 1545 3124 tuae
1569 3066 1627 3124 aut
1650 3060 1774 3124 socium
1799 3080 1835 3124 se
1857 3060 2022 3144 praestitit
2044 3065 2101 3123 aut

392 3165 427 3223 ll
444 3167 623 3227 auctorem.
667 3163 839 3248 imperitae
873 3170 986 3228 coctus
1017 3163 1235 3229 multitudinis
1273 3164 1422 3228 meritum
1452 3171 1545 3228 tuum
1576 3161 1733 3248 expendit
1765 3163 1859 3228 lance
1891 3162 2029 3248 perfecti
2057 3170 2100 3244 et,

441 3265 518 3330 dum
540 3267 574 3329 in
596 3271 629 3331 to
653 3273 921 3332 ornamentorum
939 3267 1082 3332 varietas
1105 3268 1224 3353 placet,
1249 3268 1342 3353 quasi
1365 3289 1450 3332 unus
1473 3267 1571 3332 heres
1594 3265 1810 3332 diversissimi
1834 3267 1935 3331 fueris
1951 3267 2101 3346 instituti,

442 3370 489 3435 sic
514 3371 635 3456 singuli
656 3371 719 3436 hoc
743 3370 784 3436 de
808 3372 960 3436 claritate
984 3379 1041 3436 tua
1064 3371 1245 3436 censebant
1269 3372 1421 3436 sufficere
1444 3369 1530 3456 quod
1554 3370 1755 3457 probabant,
1786 3372 1862 3456 quia
1884 3371 1971 3435 bona
1992 3370 2102 3435 omnia

442 3493 649 3559 nequaquam
673 3476 823 3541 omnibus
848 3482 926 3539 nota
949 3495 1023 3540 esse
1046 3481 1236 3561 potuerunt,
1260 3481 1299 3540 et
1316 3475 1487 3561 speciatim
1511 3475 1553 3539 ad
1569 3475 1715 3538 favorem
1733 3474 1849 3540 sideris
1866 3474 1913 3538 tui
1929 3474 2101 3538 universos

443 3578 624 3660 inlexeras‚
655 3580 751 3644 alteri
782 3578 984 3644 ostendendo
1007 3579 1094 3663 quod
1117 3580 1190 3665 pius
1215 3601 1268 3659 es,
1300 3579 1395 3643 alteri
1419 3578 1505 3663 quod
1528 3598 1678 3659 severus,
1709 3580 1804 3644 alteri
1826 3577 1913 3663 quod
1935 3578 2019 3642 bene
2042 3576 2101 3642 ad·

446 3682 558 3768 quisiti
581 3681 775 3748 distributor
797 3682 995 3769 patrimonii,
1019 3682 1115 3747 alteri
1138 3682 1225 3767 quod
1249 3682 1344 3747 sciris
1367 3689 1458 3747 recte
1481 3690 1576 3768 parta
1599 3704 1742 3749 servare.
1783 3682 1816 3747 id
1839 3682 1939 3748 studii
1962 3681 2102 3767 sumpsit

445 3787 659 3868 universitas,
691 3793 728 3852 ut
760 3808 833 3852 cum
862 3787 902 3852 de
935 3788 1106 3873 proposita
1140 3785 1237 3850 laude
1266 3786 1489 3872 unusquisque
1516 3787 1679 3869 vinceret,
1714 3787 1898 3852 conlatione
1929 3793 2039 3850 tamen
2067 3784 2102 3848 in

446 3891 630 3977 praeconiis
654 3891 719 3956 tuis
742 3892 888 3966 melioris
911 3893 997 3956 tituli
1021 3891 1063 3956 ab
1085 3891 1188 3956 altero
1212 3891 1409 3956 vinceretur.

394 3997 434 4057 12
555 3993 639 4059 Nolo
667 3996 739 4059 istis
769 3993 891 4060 diutius
921 3996 1086 4061 inmorari.
1131 3993 1329 4060 veniendum
1359 4001 1410 4060 est
1439 3993 1480 4058 ad
1508 3995 1631 4059 laboris
1654 3995 1701 4059 tui
1724 3995 1897 4075 exercitia,
1929 3995 2005 4080 quia
2028 4013 2101 4078 ego,

446 4099 501 4184 qui
524 4119 588 4162 non
612 4119 684 4162 sum
707 4098 740 4162 in
764 4099 952 4164 laudatione
976 4106 1033 4164 tua
1057 4100 1195 4164 idoneus
1217 4099 1380 4180 maximis,
1404 4099 1515 4164 nescio
1532 4120 1606 4163 esse
1623 4120 1724 4184 parva
1740 4103 1924 4164 contentus.
1961 4097 2100 4161 novellis

446 4209 478 4269 te
503 4202 608 4268 adhuc
632 4203 794 4290 inpositae
817 4204 986 4290 dignitatis
1009 4204 1176 4270 labantem
1201 4204 1350 4288 vestigiis
1373 4203 1543 4268 ineluctati
1567 4204 1723 4288 temporis
1747 4202 1892 4288 suscepit
1919 4200 2101 4267 adversitas

448 4311 482 4371 et
504 4307 642 4372 tironem
665 4307 823 4393 pontificii
847 4309 1160 4374 exercitatissimum
1183 4308 1320 4373 militem
1344 4305 1504 4372 adversus
1528 4307 1716 4372 libertatem
1738 4307 1869 4393 inpacta
1885 4305 1974 4370 bella
1992 4303 2101 4370 reddi·

448 4407 575 4474 derunt.
620 4417 657 4474 tu
678 4409 854 4496 praedonis
876 4413 1010 4477 nescisti
1033 4413 1149 4478 timere
1173 4412 1353 4492 soevitiam,
1376 4417 1411 4474 tu
1436 4409 1743 4488 blandimentorum,
1767 4408 1854 4496 quod
1877 4410 1909 4473 in
1932 4407 2102 4474 malitiosis

398 4513 620 4578 l3nocentius
647 4516 750 4580 telum
780 4521 847 4597 est,
878 4522 971 4594 scuto
1004 4517 1208 4581 constantiae
1232 4535 1360 4578 venena
1382 4513 1546 4599 respuisti.
1591 4514 1740 4599 quotiens
1762 4521 1813 4593 te,
1842 4515 1896 4598 qui
1924 4512 2102 4578 certamine

447 4638 512 4682 uon
545 4620 664 4702 potuit,
699 4618 855 4684 insidiosa
890 4619 1139 4686 honorificentia
1171 4618 1358 4685 lacessivit?
1412 4619 1564 4703 quotiens
1598 4619 1631 4682 in
1659 4617 1777 4682 damno
1807 4617 1911 4682 bonae
1941 4616 2102 4702 opinionis

449 4720 573 4786 servitii
604 4723 654 4786 sui
683 4729 717 4787 te
744 4723 882 4787 credidit
911 4725 1066 4809 figmenta
1094 4724 1277 4810 suscipere,
1313 4721 1376 4785 hoc
1403 4742 1423 4784 a
1453 4728 1485 4786 te
1514 4722 1701 4806 postulans,
1735 4727 1771 4784 ut
1799 4719 1945 4785 adhibito
1973 4721 2103 4785 hostem

449 4823 601 4890 conludio
637 4827 721 4890 intra
755 4825 845 4891 urbis
878 4849 990 4893 muros
1025 4827 1210 4894 includeres
1241 4832 1275 4890 et
1308 4826 1417 4890 ovium
1451 4831 1579 4889 tuarum
1616 4822 1806 4910 dissipanda
1837 4823 1924 4910 lupis
1957 4821 2104 4888 membra

554 5121 643 5189 lergo
656 5131 716 5174 cote
728 5123 772 5174 lia.
784 5123 867 5190 suppl.
879 5120 922 5174 13²
1008 5119 1159 5175 dcurretB
1210 5124 1329 5174 marimta
1339 5121 1427 5186 Siron„
1439 5120 1557 5173 maritata
1567 5118 1601 5182 B,
1612 5119 1747 5171 maritatus
1759 5118 1850 5194 ceteri¹
1920 5117 2110 5186 5turgcscitV

450 5209 630 5277 pracsigminis
643 5206 738 5259 BV¹L
825 5207 970 5261 cronicam
983 5209 1009 5260 B
1096 5207 1265 5260 leantelena
1283 5206 1427 5260 comitorB
1478 5207 1605 5258 modolaro
1618 5204 1644 5254 B
1730 5203 1888 5272 8repcgula
1904 5203 2104 5272 (repugulaBfl)

449 5297 544 5364 algoris
558 5295 591 5360 B,
608 5296 704 5362 algoris
716 5296 840 5362 repagula
853 5295 956 5360 VLTP,
974 5315 996 5348 a.
1009 5297 1140 5363 repagulis
1154 5296 1183 5361 0,
1201 5313 1224 5346 a.
1237 5296 1361 5362 repagulo
1375 5295 1454 5346 Sirm-
1558 5291 1650 5344 {lcum
1669 5292 1776 5343 inamati
1787 5291 1884 5342 Hortel
1952 5289 2107 5357 agriculaB

450 5381 578 5435 braciisB
665 5379 699 5432 10
716 5381 832 5432 culturas
849 5381 1010 5450 conponetB
1099 5379 1316 5432 111ux0aamB
1403 5375 1435 5429 12
1454 5376 1621 5444 cum]damb
1708 5375 1741 5429 14
1759 5379 1874 5430 naumsb
1927 5375 2106 5428 haetenusB⁶

452 5465 485 5519 15
502 5468 633 5519 terrebant
644 5467 744 5532 scripsi,
761 5468 873 5519 terrebat
885 5469 945 5520 libri
1032 5466 1065 5519 16
1083 5469 1213 5535 geminato
1228 5467 1305 5519 Sirra.
1394 5464 1426 5516 l'l
1445 5465 1581 5518 arrtistisB
1669 5463 1702 5516 18
1719 5466 1770 5516 iam
1788 5471 1919 5531 praestare
1928 5462 1961 5526 B,
1978 5469 2107 5530 praestare

450 5556 500 5606 iam
513 5554 588 5605 ceteri
674 5549 709 5602 20
723 5561 833 5604 alarum
843 5552 886 5603 131
939 5555 1058 5622 singulae
1072 5553 1257 5622 probatume
1344 5549 1378 5602 24
1390 5553 1538 5617 quiritumb
1626 5549 1660 5601 28
1676 5551 1724 5601 hoc
1735 5551 1822 5614 Sirra,
1839 5547 2107 5614 naecnvnmm’o

450 5639 484 5692 31
503 5638 634 5692 scircst
729 5637 764 5689 32
781 5640 916 5693 collatione
932 5640 958 5691 V
1049 5637 1083 5692 35
1101 5639 1220 5707 nouellis]
1239 5638 1365 5692 uclouclis
1380 5637 1424 5686 V⁰
1518 5635 1555 5689 40
1572 5637 1767 5689 honorificentia
1785 5635 1812 5702 (a
1828 5638 1855 5687 ia
1869 5634 1916 5702 lit.)
1933 5635 2108 5688 lacessioctB

451 5726 484 5779 41
504 5727 545 5778 sui
558 5763 564 5776 .
577 5727 684 5780 credidit
701 5727 840 5793 afigmenta
857 5725 916 5792 (om.
937 5736 970 5792 te,
989 5745 1031 5779 cre
1048 5728 1076 5778 ia
1089 5727 1138 5796 lit.)
1151 5728 1177 5778 B
1280 5725 1315 5779 42
1333 5725 1489 5778 inclauderis
1508 5723 1534 5790 (a
1552 5723 1613 5792 dcl.)
1625 5723 1658 5790 B,
1676 5723 1842 5776 concluderes
1860 5724 1935 5779 ceteri
