4596 6450
869 385 965 440 oxon
982 386 1103 454 (annu.
1117 387 1142 450 2,
1158 387 1201 454 n)
1221 419 1253 428 -
1272 387 1367 442 cxcv
1384 381 1505 456 (cren.
1522 390 1547 452 a,
1566 390 1618 452 rr).

1059 643 1186 713 uxcll
1209 647 1315 730 (mnu.
1332 652 1362 726 2,
1380 648 1445 732 74).

891 824 952 897 DE
979 823 1257 900 VARJETATE
1286 824 1610 900 CLERICORVM.

788 993 852 1068 Qui
876 993 966 1078 ponti
991 993 1103 1072 faciae,
1125 1014 1297 1058 numerum
1321 993 1376 1078 qui
1400 994 1489 1057 novit
1512 993 1665 1072 harenae,

833 1097 971 1160 Femina
994 1118 1091 1181 quem
1116 1097 1226 1161 iurans
1249 1097 1364 1162 fallere
1387 1098 1478 1162 nulla
1501 1105 1621 1183 potest,

787 1200 959 1263 Astrorum
983 1201 1113 1286 plebem
1137 1200 1191 1284 qui
1215 1201 1318 1265 ealles
1342 1205 1472 1286 speetat
1494 1209 1671 1282 amantum,

835 1303 976 1388 Cynthia
1000 1304 1052 1367 oui
1075 1305 1174 1368 certis
1199 1303 1352 1368 eornibus
1375 1305 1530 1369 innotuit:

719 1421 729 1456 ἢ
788 1407 862 1470 Non
886 1407 974 1471 valet
997 1407 1049 1472 hio
1074 1407 1183 1471 vultus
1206 1409 1351 1474 retinere
1375 1410 1507 1474 nomina
1531 1431 1649 1489 mores,

837 1511 928 1585 Quos
951 1516 1058 1575 mutat
1079 1513 1187 1578 elerus
1211 1519 1342 1602 tempus
1365 1513 1398 1576 in
1422 1514 1590 1598 exiguum.

1046 1797 1195 1868 CXCIII
1219 1803 1325 1887 (esau.
1343 1806 1372 1882 2,
1386 1801 1452 1888 75).

764 1981 825 2054 DE
852 1978 986 2053 MALO
1015 1979 1199 2054 ΗΟΜΙΝΕ
1228 1979 1311 2070 QVI
1337 1981 1495 2070 EQVOS
1522 1980 1736 2054 ΑΜΑΒΑΤ.

795 2147 927 2214 Gaudet
950 2148 1042 2234 equis
1066 2146 1147 2211 raeti
1170 2146 1350 2226 dissuasor,
1375 2145 1434 2230 (et)
1458 2147 1615 2232 prodigus
1638 2147 1745 2232 aequi,

790 2253 933 2318 Nomina
955 2253 1009 2338 qui
1033 2251 1133 2336 digna
1156 2250 1263 2315 studio
1286 2257 1463 2336 superante
1487 2251 1624 2317 caballis

792 2355 971 2432 subtrahit,
996 2376 1165 2442 opponens
1189 2354 1230 2418 ad
1255 2361 1368 2419 saneta
1391 2354 1552 2419 voeabula
1576 2356 1715 2422 olunem.

792 2461 857 2526 Sed
881 2459 993 2546 procul
1017 2464 1069 2523 est
1090 2456 1235 2544 peoudes
1259 2458 1345 2542 quod
1369 2466 1483 2524 censet
1505 2461 1624 2524 mentis
1647 2460 1793 2547 iniquae:

722 2580 733 2618 ⁵
791 2564 1000 2651 Propositum
1023 2568 1150 2648 perstat
1172 2562 1302 2647 generis
1325 2561 1412 2649 quod
1436 2569 1610 2629 stemmata
1633 2563 1781 2632 fundunt.

1050 2853 1187 2923 cxclv
1211 2855 1319 2941 (amn.
1337 2858 1367 2936 2,
1386 2855 1451 2940 76).

752 3038 814 3110 DE
842 3034 1049 3110 CALLIDO
1078 3034 1160 3123 QVI
1188 3034 1438 3109 DEFENSOR
1466 3035 1754 3112 DICEBATVR.

793 3201 936 3289 Aspidas
959 3208 996 3266 ut
1020 3202 1129 3286 capiat
1152 3201 1248 3264 teotis
1272 3202 1362 3265 fraus
1386 3201 1516 3290 hospita
1539 3205 1676 3283 technis,

841 3306 908 3371 Sub
933 3304 1000 3370 ludi
1025 3304 1137 3392 speeie
1162 3305 1276 3370 mortis
1300 3305 1410 3390 imago
1434 3308 1524 3372 latet.

791 3409 916 3475 Vmbro
939 3410 1110 3476 laeessitas
1133 3408 1285 3494 producit
1308 3410 1427 3475 callida
1449 3420 1561 3497 pestes

841 3514 885 3578 Et
906 3514 1031 3579 bellum
1055 3512 1183 3578 blandis
1207 3513 1376 3598 principiis
1403 3516 1536 3599 geritur.

724 3633 735 3668 ⁵
795 3616 939 3696 Credite,
962 3638 1026 3680 non
1050 3615 1145 3680 aliter
1167 3615 1313 3680 Iustinus
1336 3617 1460 3702 proelia
1482 3624 1612 3696 tractat,

842 3723 907 3798 Qui
931 3730 1064 3789 aeeusat
1085 3723 1206 3804 ridens,
1230 3723 1285 3808 qui
1308 3723 1439 3808 perimit
1460 3724 1616 3810 placidus.

1069 4010 1185 4081 CXCV
1208 4014 1315 4097 (casn.
1331 4018 1361 4096 2,
1379 4015 1445 4101 77).

659 4194 721 4267 DE
748 4193 898 4266 DOMNl
925 4193 1139 4267 AMBROSI
1165 4190 1380 4266 EPISCOPI
1406 4194 1611 4268 ACTIBVS
1637 4196 1698 4268 ET
1725 4194 1852 4269 VITA.

792 4361 870 4446 Egit
893 4359 979 4446 quod
1001 4360 1115 4425 docuit
1138 4361 1264 4424 meritis
1288 4368 1321 4424 et
1345 4360 1467 4426 honore
1492 4369 1657 4450 superstes

840 4464 1033 4530 Ambrosius
1057 4466 1143 4532 vatis
1165 4465 1311 4530 moribus
1335 4467 1477 4550 ingenio,

793 4570 937 4635 Roscida
960 4573 1093 4657 regifico
1118 4572 1169 4636 eui
1193 4571 1284 4635 fulsit
1307 4572 1430 4637 murice
1454 4571 1575 4655 lingua,
1624 4591 1632 4606 ·

840 4672 929 4738 Vere
954 4693 1013 4739 suo
1037 4676 1176 4761 pingens
1200 4676 1347 4760 germina
1369 4696 1453 4762 quae
1478 4676 1590 4742 voluit.

432 4792 603 4800 ...Ρ-.-
612 4792 672 4797 ⁰—
705 4792 804 4798 .--...-,

531 4879 642 4949 [Oxou]
672 4877 781 4934 uaritate
793 4881 839 4932 Ba
927 4881 980 4933 v.3
998 4885 1127 4950 iutellepe:
1144 4887 1189 4950 qui
1207 4892 1333 4936 astrorum
1351 4885 1453 4950 plebem
1471 4893 1497 4936 st
1515 4885 1594 4936 ealles
1611 4893 1741 4936 amantum
1760 4891 1857 4951 spectat
1915 4885 2002 4951 plebes
2021 4904 2087 4951 quae

427 4970 540 5023 s'claenkz
554 4969 661 5035 (Gemit.
678 4968 737 5020 VII
746 4969 771 5034 7)
867 4988 890 5021 v.
910 4967 927 5021 4
945 4971 1041 5022 cinthia
1055 4969 1127 5035 01³²,
1144 4971 1244 5038 quintia
1256 4970 1333 5021 BVL
1397 4969 1451 5038 cui]
1470 4987 1529 5022 enm
1547 4971 1636 5022 malim
1733 4987 1757 5022 v.
1776 4969 1794 5022 5
1811 4972 1921 5022 retinere
1939 4979 1965 5023 st
1982 4973 2088 5024 nomina

427 5055 515 5108 Sedet!
531 5056 560 5106 in
576 5073 626 5122 asp.
644 5063 667 5108 et
684 5055 764 5108 Siras.

531 5156 655 5225 [CXCIII]
683 5156 737 5211 v.l
757 5165 783 5210 et
799 5159 893 5210 inclusi
959 5161 1108 5227 prodingus
1121 5160 1154 5224 B,
1172 5161 1275 5228 indigus
1288 5161 1381 5212 coeit
1443 5160 1540 5226 equiB
1640 5177 1664 5211 r.
1683 5157 1701 5209 2
1718 5159 1912 5226 digneHartel,
1929 5161 2089 5228 dignislibri

426 5264 450 5298 v.
469 5243 487 5296 3
504 5244 675 5298 subtrahetB
744 5261 875 5312 apponens
886 5248 953 5312 fort.
1023 5246 1164 5298 seauctaB
1268 5264 1293 5298 v.
1311 5245 1329 5297 4
1347 5247 1458 5314 pecudes
1471 5247 1504 5311 B,
1525 5247 1629 5314 pecudis
1647 5247 1722 5298 ceteri

531 5347 653 5416 [CXCIV]
689 5368 713 5400 v.
735 5346 748 5399 l
772 5350 873 5416 hospita
894 5351 1012 5403 thaohnis
1031 5352 1057 5402 in
1076 5351 1111 5400 lit.
1125 5350 1151 5401 B
1243 5353 1327 5417 segnis
1344 5351 1369 5399 V
1494 5368 1519 5402 v.
1538 5349 1555 5401 2
1576 5346 1642 5417 ludi]
1661 5350 1706 5400 lidi
1717 5349 1763 5400 Ba
1894 5368 1918 5402 v.
1937 5349 1954 5401 3
1973 5350 2090 5417 pestisB

427 5455 450 5489 v.
471 5435 488 5488 5
511 5433 635 5502 Iustinus]
659 5435 776 5488 defensor
793 5435 890 5500 VLUP,
913 5437 1032 5489 defensor
1051 5438 1164 5488 tustinus
1181 5437 1219 5497 B,·
1247 5453 1340 5488 aenaea
1365 5437 1436 5487 illius
1463 5437 1605 5503 deserueris
1629 5436 1720 5487 callidi
1744 5437 1788 5504 (cs.
1810 5433 1995 5500 uLXXXVI)
2017 5437 2091 5487 houd

427 5524 478 5574 ario
496 5539 533 5574 aa
551 5523 583 5574 ab
602 5523 658 5588 ipro
670 5521 793 5574 Επηοάἱο
811 5530 884 5574 onata
901 5523 1024 5574 oooabrdo
1042 5523 1127 5573 minua
1144 5533 1233 5588 aperto
1252 5533 1377 5574 mutatam
1395 5525 1427 5575 rit
1530 5540 1556 5573 v.
1575 5519 1591 5572 6
1610 5523 1717 5590 perimet
1728 5521 1755 5573 B

533 5623 641 5692 [CXCV]
677 5627 709 5676 de
732 5627 785 5678 uita
809 5633 835 5678 et
856 5627 956 5679 aetibns
980 5628 1067 5678 domni
1089 5627 1210 5678 ambrosii
1234 5627 1543 5696 episeoinL1’‚om00
1670 5643 1694 5677 v.
1715 5623 1729 5676 l
1751 5624 1893 5696 superstas]
1916 5627 2028 5697 supertis
2044 5626 2089 5679 130

427 5729 452 5765 v.
470 5710 487 5762 2
505 5712 573 5766 uatis
584 5709 618 5778 B,
636 5719 709 5766 uaws
726 5712 802 5764 cetea
