4538 6436
425 377 467 438 62
1130 370 1164 424 n
1184 368 1319 436 (opusc.
1337 371 1373 436 a).

429 547 532 611 utitur
547 551 632 610 teste
648 563 712 632 quo
729 543 848 609 iudice.
885 544 974 610 dicas
991 544 1145 608 forsitan:
1169 543 1312 608 omniurn
1330 542 1509 606 animarum
1527 540 1602 604 talis
1618 540 1680 630 erit
1703 539 1736 605 in
1759 540 1818 604 illa
1840 539 2081 626 disceptatione

283 645 362 746 {iffi
374 651 414 711 95
428 649 586 715 condicio.
637 646 805 734 replicabo
840 648 896 711 uni
930 647 1068 712 dictum:
1110 651 1156 711 ‘tu
1188 669 1224 712 es
1253 647 1389 726 Petrus,
1424 650 1457 710 et
1491 665 1590 731 super
1618 644 1703 710 hanc
1733 652 1861 731 petram
1899 643 2080 710 aedificabo

305 755 335 794 ¹⁹¹
424 753 600 818 ecclesiam
624 772 745 832 meam,
777 758 810 815 et
833 771 1058 837 quaecumque
1088 751 1224 816 solveris
1254 755 1511 836 superterram,
1543 754 1638 812 crunt
1662 747 1771 812 soluta
1793 754 1827 811 et
1849 747 1882 811 in
1906 747 2021 827 caelo',
2045 754 2081 812 et

424 877 535 921 rursus
558 861 745 921 sanctorum
762 875 844 920 voce
868 855 1059 941 pontificum
1081 854 1275 940 dignitatem
1299 850 1386 918 sedis
1412 852 1484 917 eius
1506 852 1625 916 factam
1648 856 1717 915 toto
1741 850 1820 916 orbe
1843 850 2079 931 venerabilem,

423 959 501 1024 dum
529 959 576 1023 illi
607 957 764 1044 quidquid
797 958 942 1023 fidelium
973 965 1023 1024 est
1054 958 1176 1043 ubique
1207 956 1418 1035 submittitur,
1456 953 1534 1019 dum
1563 955 1663 1020 totius
1697 955 1845 1041 corporis
1877 960 1976 1040 caput
2004 974 2080 1018 csse

281 1076 331 1119 lsai·
347 1064 627 1148 ¹0-³·dcsignatur,
656 1063 697 1128 de
725 1084 789 1148 qua
816 1061 896 1126 mihi
918 1062 1050 1126 videtur
1075 1062 1196 1127 dictum
1224 1082 1284 1147 per
1312 1060 1488 1147 profetam:
1525 1060 1563 1122 ‘si
1586 1057 1669 1124 haec
1692 1058 1893 1138 humiliatur,
1920 1056 1961 1122 ad
1985 1058 2080 1122 cuius

424 1167 558 1252 fugietis
583 1167 752 1248 auxilium,
777 1166 888 1232 stubi
911 1166 1104 1250 relinquetis
1128 1165 1266 1250 gloriam
1290 1161 1465 1229 vestramt'

370 1271 411 1331 96
533 1269 619 1344 Quid
641 1271 669 1335 si
692 1269 848 1335 inmunda
870 1269 949 1334 mihi
973 1268 1061 1334 labia
1085 1268 1218 1334 habenti
1242 1275 1276 1334 et
1297 1267 1396 1332 nullis
1420 1268 1569 1332 succensi
1602 1267 1768 1346 carbonis,
1797 1274 1833 1332 ut
1855 1267 1976 1334 Esaiae
2000 1287 2079 1332 con-

425 1396 555 1440 cessum
571 1381 631 1454 est,
655 1373 751 1439 undis
770 1373 884 1438 abluta
898 1376 1006 1460 ipsum
1023 1373 1062 1438 ad
1081 1374 1301 1459 possessionis
1317 1393 1397 1436 suae
1413 1370 1537 1436 tuenda
1553 1371 1728 1457 privilegia
1741 1371 1875 1436 Petrum
1892 1372 2077 1457 apostolum

419 1479 539 1543 liceret
566 1497 705 1543 evocare
735 1484 767 1542 ct
796 1477 881 1564 quod
912 1477 981 1562 agit
1008 1476 1161 1564 precibus
1194 1477 1337 1568 humana
1366 1496 1446 1539 voce
1477 1475 1680 1560 loqueretur!
1725 1496 1823 1560 quem
1852 1476 1879 1538 si
1908 1474 2077 1548 audiretis,

300 1577 389 1676 still-¹
425 1583 508 1647 haec
535 1581 678 1646 diceret:
714 1583 770 1646 ‘fili
797 1582 980 1660 hominum,
1011 1602 1180 1666 usquequo
1211 1601 1330 1665 graves
1359 1579 1477 1644 corde?
1519 1585 1555 1642 ut
1577 1579 1655 1664 quid
1683 1577 1820 1663 diligitis
1843 1579 2021 1645 vanitatem
2046 1585 2080 1642 et

371 1689 411 1749 97
425 1687 581 1771 quaeritis
597 1684 826 1751 mendacium?
858 1687 974 1751 scitote
992 1686 1145 1772 quoniam
1162 1684 1346 1749 mirificavit
1361 1682 1513 1748 dominus
1530 1689 1679 1747 sanchrm
1693 1680 1808 1749 suum'
1842 1681 1918 1768 quid
1933 1683 2080 1748 stabilita

426 1790 549 1854 Christi
573 1789 724 1854 manibus
748 1791 867 1876 cupitis
884 1790 1105 1864 fundamenta
1128 1789 1308 1855 subrueret
1347 1788 1423 1874 quid
1446 1806 1564 1851 cauum
1587 1787 1807 1874 possessionis
1831 1789 1962 1872 genium
1979 1789 2079 1866 illius,

423 1893 478 1978 qui
501 1913 560 1978 per
588 1894 702 1978 culpas
731 1894 921 1974 iuveniscit,
954 1895 1057 1959 ariete
1087 1894 1242 1979 pulsatis,
1272 1899 1305 1957 et
1327 1891 1512 1956 divulsione
1535 1891 1753 1956 ecclesiastici
1775 1892 1886 1976 gregis
1909 1893 2001 1956 novis
2025 1913 2079 1957 me

267 1991 460 2098 {sslgffglghlet
482 2001 555 2081 post
578 2016 709 2060 carnem
731 1996 941 2083 passionibus
959 1996 1164 2081 subiugatis?
1204 1994 1386 2060 inauditum
1410 1994 1573 2080 sacrilegii
1597 2015 1702 2080 genus
1726 2003 1787 2074 est,
1811 1994 1898 2080 quod
1921 1997 2078 2062 mentitae
2133 2005 2156 2042 ¹¹·

423 2099 591 2184 religionis
615 2100 738 2164 honore
762 2099 927 2164 coloratis.
973 2099 1172 2164 dehonestat
1195 2099 1372 2164 venerandi
1395 2100 1613 2164 reverentiam
1638 2099 1793 2180 nominis,
1817 2101 1871 2186 qui
1895 2098 2078 2164 adiutorem

424 2223 460 2268 se
478 2203 516 2266 'in
539 2203 605 2280 his,
629 2225 713 2289 quae
736 2206 769 2268 in
793 2203 891 2269 deum
913 2205 1015 2268 iactat
1038 2203 1216 2285 conmissa,
1240 2202 1426 2289 pollicetur.
1473 2203 1691 2268 contumeliae
1714 2223 1820 2288 genus
1843 2210 1904 2284 est,
1928 2204 2022 2289 quasi
2045 2204 2078 2268 in
2092 2226 2114 2269 1³·
2129 2221 2167 2259 ³¹⁶

268 2319 329 2360 Rom-
346 2325 377 2368 1⁴.
391 2322 411 2361 ι.
427 2307 549 2371 solacio
579 2306 697 2372 adesse
725 2295 995 2385 sublimi,'iuxta
1022 2308 1220 2392 apostolum:
1256 2309 1302 2370 ‘tu
1325 2307 1396 2391 quis
1421 2327 1473 2387 es,
1504 2307 1559 2391 qui
1586 2306 1712 2372 iudices
1745 2308 1886 2372 alienum
1915 2305 2078 2372 servumt’

370 2409 410 2471 98
423 2409 500 2494 quid
524 2411 658 2474 auribus
684 2411 833 2497 inperitis
857 2410 1004 2475 inluditis
1021 2417 1055 2475 et
1070 2411 1255 2495 graviorem
1271 2408 1435 2474 vindictae
1452 2410 1721 2496 speciemfaeitis
1737 2431 1924 2497 essequam
1941 2412 2079 2498 culpae?

320 2543 324 2551 ¹
424 2514 452 2577 si
484 2513 594 2578 odium
624 2514 753 2579 debetis
782 2513 991 2595 excessibus,
1024 2535 1082 2578 vos
1113 2512 1278 2578 mundate.
1325 2534 1383 2577 cur
1409 2513 1543 2578 liberius
1572 2512 1797 2580 condemnatis
1826 2517 1954 2582 scelera
1980 2537 2078 2603 quam
2132 2529 2158 2566 ⁹⁰

424 2617 554 2682 vitetis?
593 2618 644 2682 sui
662 2618 861 2703 inpugnator
885 2624 945 2698 est,
969 2618 1023 2702 qui
1046 2617 1270 2681 fornicationis
1294 2616 1409 2680 officiis
1432 2623 1552 2701 urguet
1574 2617 1737 2684 adulteria
1760 2625 1793 2684 et
1815 2641 1875 2706 per
1898 2621 2081 2686 animarum

304 2717 386 2820 ξζζῑξζζ
425 2726 539 2806 stupra
555 2721 662 2786 carnis
679 2729 822 2786 accusat.
861 2721 1017 2808 scriptum
1034 2742 1152 2807 nempe
1176 2721 1341 2785 retinetis:
1376 2721 1553 2786 ‘maledicti
1577 2743 1691 2788 omnes
1714 2725 1769 2809 qui
1795 2724 1998 2791 fornicantur
2020 2728 2080 2793 abs

423 2823 479 2890 te’.
525 2825 623 2890 foeda
652 2847 730 2912 ergo
757 2847 777 2891 a
804 2828 908 2890 nitore
936 2826 1060 2890 domini
1090 2825 1139 2890 sui
1169 2826 1369 2910 obligatione
1401 2825 1601 2906 dissolvitur,
1638 2826 1693 2911 qui
1721 2829 1851 2893 statutis
1881 2831 2081 2897 caelestibus

372 2927 533 2992 tltlminus
557 2949 649 2994 mera
670 2929 735 2995 fide
757 2928 916 3016 dependit
938 2929 1056 2995 officia.
1101 2929 1319 3016 possessionis
1344 2937 1476 2994 nostrae
1500 2929 1607 3005 vobis,
1631 2937 1667 2994 ut
1689 2930 1801 3012 video,
1825 2933 1956 3000 claritas
1979 2937 2081 3002 movit

422 3031 593 3112 invidiam,
623 3053 720 3118 quam
743 3034 895 3098 simulata
917 3034 950 3096 in
974 3034 1068 3096 malis
1091 3033 1293 3118 possessoris
1318 3031 1543 3117 indignatione
1573 3033 1775 3114 transfertis,
1806 3035 1883 3102 dum
1911 3037 2081 3106 desudatis

422 3135 597 3222 inpendiis.
643 3158 772 3219 arcem,
796 3158 860 3224 qua
882 3137 989 3201 fuistis
1015 3136 1199 3222 conspicui,
1224 3137 1350 3200 crebris
1374 3135 1604 3202 labefactatam
1627 3138 1762 3220 ictibus,
1787 3141 1850 3206 nisi
1874 3143 2082 3227 obsisterem,

421 3241 638 3326 proposuistis
661 3241 821 3306 subruere
846 3248 879 3306 ct
903 3240 995 3306 caelo
1012 3231 1200 3304 'stabilitam
1223 3240 1417 3322 machinam,
1441 3247 1563 3325 quanta
1587 3242 1638 3323 sit,
1662 3244 1838 3310 estendere
1862 3267 1922 3331 per
1943 3248 2081 3313 ruinam.

351 3349 410 3408 100
422 3344 521 3408 nolite
545 3345 741 3430 praestulari
765 3345 805 3410 de
829 3344 922 3409 clade
946 3350 1057 3409 vestra
1073 3344 1253 3418 victoriam,
1277 3344 1377 3408 nolite
1401 3345 1601 3432 triumphum
1627 3346 1812 3433 superando
1836 3351 1975 3436 perdere
1998 3354 2082 3418 meis

423 3445 592 3512 laboribus
615 3470 689 3514 meo
714 3448 832 3513 sudore
857 3449 1052 3534 quaesitum.
1098 3445 1253 3532 quidquid
1276 3446 1316 3511 ad
1341 3447 1513 3534 tropheum
1536 3450 1642 3524 ducit.¹
1667 3451 1810 3516 obtinui:
1842 3453 1998 3540 quidquid
2022 3477 2081 3521 vos

421 3541 576 3616 inlustres
604 3552 743 3635 faceret,
776 3554 809 3616 in
840 3551 918 3617 sede
946 3552 1108 3637 congessi.
1153 3551 1246 3614 vobis
1275 3551 1387 3615 tribuit
1416 3552 1598 3618 claritatem
1621 3554 1679 3620 fax
1701 3556 1779 3636 ista,
1812 3577 1909 3642 quam
1931 3561 2078 3647 viperino
2133 3577 2163 3614 ³⁰

422 3654 549 3739 liquore
571 3657 693 3743 putatis
718 3655 875 3741 extingui.
920 3655 954 3720 in
977 3656 1155 3742 perniciem
1178 3655 1343 3740 propriam
1366 3654 1559 3738 adcenditur
1581 3659 1635 3743 qui
1660 3659 1706 3723 sic
1737 3661 1857 3740 saevit,
1887 3668 1924 3728 ut
1953 3665 2079 3749 gratiae

422 3778 500 3823 suae
523 3760 673 3844 germina
696 3766 752 3825 aut
774 3761 903 3845 plantas
927 3759 1086 3824 abscidat.
1132 3758 1265 3822 liberior
1292 3759 1377 3822 iusto
1406 3759 1573 3825 iracundia
1602 3762 1676 3846 plus
1705 3784 1803 3849 quam
1831 3765 1913 3832 alios
1945 3768 2080 3834 lacessit

351 3865 407 3925 101
423 3868 601 3930 auctorem.
647 3864 834 3951 Symmachi
864 3885 945 3950 quos
976 3864 1100 3928 vocatis
1133 3883 1308 3943 excessus,
1342 3863 1371 3926 si
1398 3870 1489 3941 sunt,
1522 3864 1578 3928 illa
1606 3885 1671 3950 qua
1700 3874 1734 3931 et
1761 3889 1819 3932 vos
1847 3873 2078 3958 expectatione

423 3967 580 4033 sustineo.
629 3969 723 4033 nefas
759 3975 810 4034 est
843 3975 1038 4056 peccantem
1073 3968 1267 4053 patientiam
1300 3965 1418 4031 iudicis
1454 3988 1519 4032 non
1548 3989 1670 4034 amare.
1720 3969 1797 4055 quid
1826 3972 1887 4038 nisi
1919 3975 2079 4041 ultionem
2093 3999 2115 4041 r·
2128 3991 2167 4032 ³⁴²

422 4070 559 4156 flagitat,
582 4071 638 4156 qui
661 4071 738 4135 dum
762 4092 837 4136 rcus
861 4071 985 4157 etipse
1011 4071 1062 4150 sit,
1086 4069 1250 4136 vindictae
1274 4071 1307 4134 in
1330 4071 1433 4136 altero
1455 4092 1565 4137 moras
1588 4079 1744 4139 accusat?
1789 4076 1871 4142 haec
1894 4080 1961 4144 illis
1984 4100 2004 4144 a
2026 4101 2080 4147 me
2135 4098 2160 4136 ³³·

276 4189 331 4230 aron.
347 4193 488 4239 aar-vox
516 4173 656 4240 debetur
686 4174 818 4255 studiis,
849 4174 926 4259 quia
957 4172 1054 4238 deum
1085 4173 1209 4239 dixisse
1240 4180 1355 4246 teneo,
1387 4195 1521 4260 pronum
1556 4198 1628 4242 esse
1657 4179 1821 4246 hominem
1843 4183 1876 4246 iu
1898 4184 2025 4248 malitia
2047 4191 2081 4252 ct

350 4279 550 4343 insomnem
586 4299 718 4344 carnem
752 4280 891 4344 amicam
925 4299 1000 4343 esse
1035 4279 1189 4363 peccatis.
1242 4278 1317 4342 nolo
1351 4279 1524 4344 occasione
1559 4303 1721 4368 personae
1753 4285 1934 4351 innumeris
1963 4287 2081 4352 datum

422 4381 616 4467 dignitatem
633 4382 691 4446 fiat
708 4381 741 4446 in
765 4382 949 4447 abiectione
973 4383 1137 4468 possessio
1161 4403 1233 4460 nec,
1257 4382 1333 4446 dum
1358 4383 1453 4447 homo
1477 4385 1661 4461 incessitur,
1687 4389 1742 4452 lex
1765 4388 1876 4454 divine
1899 4390 2079 4477 frangatur.

422 4485 500 4549 mihi
524 4485 665 4562 credite,
696 4485 723 4550 si
746 4493 822 4550 sunt
850 4487 914 4550 ista
937 4507 1021 4572 quae
1048 4487 1169 4566 dicitis,
1198 4485 1353 4572 respicio,
1381 4488 1457 4572 quia
1480 4494 1513 4551 et
1536 4489 1568 4552 in
1592 4489 1673 4570 illis,
1703 4490 1743 4556 de
1767 4491 1885 4577 quibus
1908 4494 1988 4559 nihil
2012 4497 2080 4562 tale

268 4587 606 4668 uom.n‚1s.dicebatur,
628 4588 706 4673 quid
728 4589 843 4654 fuisset
865 4590 1004 4675 inspexi.
1051 4597 1138 4655 errat
1161 4591 1215 4674 qui
1238 4590 1308 4654 falli
1331 4590 1394 4655 deo
1417 4593 1602 4676 proximum
1627 4593 1745 4659 credit:
1780 4597 1868 4661 ‘mihi
1890 4599 2079 4680 vindictam,

351 4692 484 4777 103eg0
508 4691 698 4774 retribuam,
722 4691 801 4758 dicit
824 4693 996 4760 dominus⁷.
1036 4715 1093 4758 vos
1111 4696 1219 4780 potius
1236 4695 1312 4757 olim
1336 4694 1392 4774 fili,
1415 4695 1456 4760 dc
1481 4697 1598 4781 quibus
1622 4699 1777 4784 spiritalis
1793 4707 1942 4768 ventrem
1965 4709 2080 4788 partus

526 4987 543 5042 5
560 4992 683 5058 quicquid
699 4991 724 5042 V
802 4993 886 5060 capud
899 4991 925 5043 B
1050 4991 1067 5044 6
1085 4994 1233 5061 prophetam
1246 4995 1271 5044 A
1402 4992 1417 5045 7
1436 4994 1636 5062 relinquitesB¹
1664 5009 1666 5015 ’
1767 4997 1784 5050 8
1801 5001 1912 5052 successi
1932 5001 1956 5066 (e
1973 5018 2005 5054 ec
2020 4999 2041 5069 i)
2056 5001 2082 5054 B

422 5077 505 5129 eseias
517 5075 595 5143 BV1,
618 5077 679 5130 isiae
695 5075 777 5143 m,
799 5080 876 5131 isaiae
889 5078 940 5130 Aa
1042 5077 1059 5130 9
1078 5081 1153 5132 undis
1176 5078 1198 5143 (s
1216 5097 1271 5147 sup.
1290 5079 1347 5146 lira.)
1366 5079 1391 5131 B
1501 5079 1536 5133 10
1552 5100 1645 5136 uocare
1663 5085 1730 5151 qued
1748 5085 1784 5137 ait
1797 5086 1848 5136 AB
1957 5085 1988 5139 11
2007 5085 2081 5154 haec]

314 5213 315 5216 ,
423 5163 472 5215 hoc
486 5163 522 5214 Ob
590 5165 678 5232 greum
689 5163 741 5216 BR
850 5162 884 5216 14
901 5165 1039 5218 iuueniscit
1051 5165 1135 5230 BVL,
1154 5167 1298 5218 iuuenescit
1315 5169 1362 5219 rel.
1432 5167 1586 5236 diuulsioue]
1605 5170 1731 5224 diuisione
1744 5171 1822 5224 Sim.
1893 5175 2044 5228 eclesiastici
2056 5173 2082 5226 B

423 5251 498 5302 nouis
521 5247 574 5317 me]
597 5252 736 5304 nouissimo
756 5251 816 5304 ObA
958 5251 990 5304 18
1014 5252 1105 5304 iudicis
1122 5251 1194 5303 BVa
1332 5251 1365 5304 21
1388 5255 1508 5307 usitatisb
1602 5259 1692 5326 urguit
1709 5257 1734 5308 B
1872 5257 1907 5311 22
1928 5262 2017 5314 stubra
2035 5261 2081 5312 13⁰

422 5336 546 5388 scribtum
562 5336 588 5387 B
683 5340 823 5392 fornicatur
844 5338 888 5389 Βιι
906 5374 910 5382 ·
1026 5337 1061 5390 23
1079 5340 1240 5407 oblegations
1256 5339 1363 5391 BVLT
1445 5355 1447 5358 ·
1496 5340 1531 5395 24
1552 5347 1725 5412 possessiones
1740 5345 1785 5395 Va
1922 5343 1957 5398 25
1977 5348 2039 5400 mali
2056 5348 2080 5400 Α

422 5419 457 5473 26
474 5423 590 5476 luctibus
608 5425 685 5489 (cras.
703 5425 728 5490 a)
742 5425 766 5476 B
877 5424 910 5477 27
929 5423 1062 5491 subruere]
1076 5427 1184 5478 obruere
1194 5426 1234 5478 Bb
1348 5424 1383 5477 28
1401 5429 1550 5495 praestulari
1560 5427 1593 5493 B,
1610 5432 1759 5498 praestolari
1770 5433 1846 5484 celeri
1957 5431 1992 5486 29
2010 5436 2082 5502 quic·

423 5509 486 5574 quid
501 5508 526 5557 V
535 5509 593 5575 (bis)
699 5510 731 5564 31
750 5515 899 5566 accenditur
913 5511 937 5562 V
1002 5510 1039 5578 ut]
1058 5513 1085 5564 iu
1099 5511 1174 5563 ΔΒΕ
1189 5519 1212 5564 et
1229 5511 1308 5565 Siros.
1412 5511 1447 5566 32
1465 5512 1518 5580 aut]
1537 5523 1566 5567 ut
1579 5515 1653 5568 ΑΒΕ
1667 5525 1691 5568 et
1705 5517 1782 5568 Sim.
1887 5515 1921 5570 33
1938 5518 2081 5588 auctorem]

423 5609 526 5646 suarem
537 5594 563 5645 B
629 5613 747 5650 excessos
759 5597 785 5649 B
888 5594 923 5650 35
940 5594 1008 5663 reus]
1026 5599 1087 5650 retis
1103 5595 1165 5648 V¹L
1269 5596 1303 5650 38
1322 5616 1369 5650 nec
1381 5599 1414 5664 B,
1431 5617 1464 5652 ne
1477 5602 1552 5652 ceteri
1614 5603 1794 5656 incenseturB
1898 5602 1932 5656 39
1949 5606 1981 5657 de
1994 5605 2082 5671 Bran,

423 5697 472 5731 om.
492 5683 567 5732 ceteri
668 5681 701 5734 41
721 5693 746 5735 ot
763 5701 811 5751 ego
827 5683 884 5734 CPh
954 5683 990 5735 fili
1002 5685 1035 5750 B,
1053 5687 1100 5737 filii
1118 5685 1192 5738 ceteri
