4596 6450
597 369 708 424 onxrn
726 370 847 438 (esen.
865 372 890 436 a,
907 373 954 440 44)
973 402 1006 412 -
1025 372 1121 428 cnxv
1141 373 1260 439 (oren.
1279 375 1304 438 a,
1322 375 1376 442 re).

528 543 686 609 Omnibus
708 545 741 608 in
764 543 862 608 rebus
887 567 1074 615 sermonum
1097 567 1240 634 purpura
1262 554 1394 632 regnat:

526 646 600 712 Oris
624 648 664 712 ad
688 649 848 736 inperium
872 650 1065 714 submittunt
1088 651 1173 715 oolla
1195 650 1353 736 chelydri.

528 751 649 836 Algida
673 773 746 816 oum
770 773 866 816 roseo
890 754 1094 818 iuveniseant
1117 754 1274 836 sanguine
1299 753 1406 834 eorda,

446 869 471 906 ¹⁰
528 854 716 921 Primeevos
739 855 858 940 gelidis
882 857 1025 921 ostendit
1048 858 1159 921 littera
1181 857 1346 923 membris.

527 959 637 1025 Vertit
660 960 700 1024 ad
725 959 917 1047 obsequium
941 968 1086 1054 naturae¹
1103 983 1239 1028 munera
1262 962 1389 1044 doetus,

527 1063 667 1129 Aetates
692 1067 820 1150 species
844 1087 1014 1130 mensures
1038 1070 1187 1152 tempora
1209 1067 1342 1131 formas.

785 1386 925 1455 cmv
948 1389 1056 1475 (clun.
1073 1396 1103 1474 2,
1121 1391 1188 1478 45).

614 1585 765 1658 INTRA
792 1585 996 1659 HORTVM
1023 1587 1183 1660 SVPRA
1210 1590 1367 1664 LIMEN.

528 1754 712 1820 conlaudet
735 1756 849 1841 spetile
872 1755 1039 1819 hortorum
1064 1755 1233 1820 commoda
1256 1757 1361 1839 lautis,

576 1859 722 1923 Plurima
745 1860 796 1922 eui
821 1860 941 1923 satiant
964 1861 1079 1944 iugera
1103 1861 1191 1924 eulta
1214 1861 1351 1925 famem:

527 1963 637 2028 Ditior
660 1970 813 2027 extentos
837 1969 972 2049 superet
994 1961 1054 2027 dos
1078 1963 1170 2048 larga
1193 1964 1364 2028 minorum.

574 2066 739 2131 Nobilitas
763 2088 842 2131 vera
865 2072 926 2148 est,
951 2086 1034 2152 quae
1058 2067 1141 2130 nitet
1165 2068 1198 2130 in
1221 2065 1369 2134 modieis.

459 2186 470 2223 ⁵
529 2171 629 2236 Venit
651 2170 692 2235 ad
714 2171 876 2235 inclusum
901 2176 1104 2256 postponens
1128 2169 1243 2236 Gratia
1266 2192 1409 2258 campos,

575 2272 725 2336 Prodidit
747 2273 895 2358 angustis
920 2272 996 2357 quid
1019 2272 1119 2336 iseiat
1143 2273 1296 2338 studium.

528 2377 653 2442 Vernat
675 2379 708 2442 in
732 2378 887 2462 ingressu·
908 2376 1058 2442 viridanti
1081 2379 1225 2464 porticus
1248 2379 1373 2458 umbra,

576 2483 637 2548 Oui
660 2483 744 2549 fudit
766 2485 899 2568 genium
923 2484 1033 2549 vitifer
1054 2485 1124 2572 ipse
1148 2484 1239 2550 deus.

530 2587 704 2652 Exornans
727 2589 853 2674 magnis
875 2588 1027 2652 foliorum
1050 2594 1143 2652 texto
1166 2589 1304 2653 racemis

446 2709 472 2746 ¹⁰
577 2693 722 2757 Aestivis
746 2695 852 2779 iungit
876 2692 1046 2758 commode
1068 2694 1257 2779 frigoribus.

529 2799 616 2864 Lilia
637 2820 713 2864 nam
736 2801 847 2864 laurus
871 2802 960 2864 oleas
985 2799 1163 2865 commixta
1185 2801 1304 2866 rosetis

576 2902 627 2968 De
651 2905 741 2967 oultu
763 2904 929 2990 proprium
953 2905 1031 2968 iecit
1054 2904 1175 2969 habere
1199 2904 1296 2968 diem.

531 3007 628 3072 Serta
650 3008 860 3088 triumfantis,
883 3007 1044 3090 frondem,
1069 3030 1152 3094 quoe
1175 3013 1335 3073 monstrat
1357 3009 1507 3088 amioum,

576 3109 724 3175 Contulit
747 3111 788 3176 ad
811 3112 899 3176 fetus
923 3133 1024 3177 aurea
1046 3119 1134 3177 terra
1158 3133 1243 3177 suos.

447 3229 471 3266 ¹⁵
529 3213 658 3300 Largus
683 3235 782 3300 opum
805 3221 920 3301 poseat
943 3216 1074 3280 maioris
1097 3215 1243 3302 praemia
1266 3214 1345 3296 voti,

577 3318 650 3383 Hoc
675 3319 753 3384 satis
777 3325 828 3384 est
852 3319 959 3401 nobis,
983 3319 1070 3404 quod
1094 3319 1164 3384 sine
1187 3318 1303 3384 fraude
1327 3317 1417 3383 libet.

802 3643 921 3712 clxv
944 3645 1052 3732 (omn.
1069 3650 1098 3729 2,
1115 3646 1181 3732 46).

319 3841 675 3916 EPIGRAMMATA
703 3842 764 3913 DE
791 3841 993 3916 MVRENA
1021 3843 1110 3915 lNL.
1138 3843 1176 3914 F.
1204 3841 1436 3917 FlRMlNAE
1464 3845 1594 3935 QVAE
1621 3845 1669 3918 IN

506 3978 726 4098 PISTllClO
755 3979 1047 4067 CLAVDITVR,
1075 3980 1157 4051 ITA
1184 3979 1354 4054 TENVIS
1381 3982 1479 4055 EST.

532 4147 673 4235 Spiritus
698 4147 860 4212 exhausto
885 4147 1000 4211 volitet
1023 4147 1248 4232 praelubricus
1272 4169 1362 4213 auro.

533 4250 681 4317 Candida
703 4252 863 4315 lassatum
887 4252 942 4316 vix
965 4251 1072 4336 tangit
1094 4251 1243 4316 membra
1264 4251 1444 4317 metallum.

530 4355 670 4420 Adflixit
693 4353 820 4442 pondus
843 4356 984 4440 pretium
1007 4355 1149 4420 fornacis
1172 4355 1322 4422 anhelae.

267 4617 292 4650 v.
312 4598 329 4650 8
347 4599 481 4666 eelydriB
586 4617 610 4651 v.
627 4599 644 4650 9
661 4600 830 4651 iuueneseant
846 4597 899 4661 VL,
917 4599 1089 4650 iuueneseunt
1105 4598 1162 4650 C'Pb
1232 4599 1389 4667 sanguneB

269 4703 395 4772 [CLXIV]
435 4704 485 4772 sup
502 4703 546 4753 VJ,
676 4722 701 4754 v.
722 4703 734 4753 l
760 4705 847 4755 lautus
863 4700 902 4751 V¹
1037 4722 1062 4754 v.
1079 4702 1097 4754 3
1120 4705 1217 4755 dictio·
1230 4701 1254 4767 (r
1271 4721 1327 4769 sup.
1347 4701 1394 4766 lit.)
1407 4701 1433 4752 B
1527 4703 1780 4769 larganmiuoruum
1798 4701 1824 4752 B

165 4811 189 4844 v.
208 4791 225 4842 5
243 4801 321 4845 uenat
336 4791 362 4842 B
431 4808 538 4858 campus
555 4789 647 4842 VLOP
750 4809 775 4841 v.
795 4788 810 4839 'l
829 4791 950 4842 uiridanti
967 4789 1005 4854 B,
1030 4791 1167 4842 uiridantia
1185 4790 1261 4842 reteri
1364 4807 1388 4841 v.
1407 4787 1424 4839 9
1442 4789 1552 4840 liliorum
1569 4787 1612 4840 13¹
1681 4789 1782 4840 rsoimis
1799 4787 1824 4838 Β

165 4896 189 4930 v.
211 4877 245 4930 10
263 4880 347 4945 iungit
365 4878 475 4942 Hartel,
497 4879 588 4944 iunget
606 4878 666 4928 libri
777 4894 802 4926 v.
822 4874 855 4927 12
872 4877 967 4928 babere
985 4877 1093 4941 Hand,
1115 4893 1192 4929 suere
1211 4877 1272 4927 libri
1291 4877 1335 4942 (cf.
1356 4875 1397 4926 01
1409 4881 1459 4926 ud
1477 4875 1525 4938 ol.)
1639 4893 1664 4926 v.
1685 4871 1718 4925 13
1735 4875 1823 4925 trium·

165 4965 266 5032 phontis
283 4965 308 5014 V
395 4967 504 5016 frontem
523 4964 620 5015 Hortel
711 4970 835 5015 monstret
851 4962 944 5012 VLOP
1031 4965 1153 5014 amictum
1172 4963 1268 5014 Hartel
1400 4980 1424 5012 v.
1444 4959 1477 5013 14
1494 4962 1526 5012 ad
1544 4964 1628 5014 foetus
1639 4961 1663 5025 b,
1680 4962 1778 5012 adietos
1791 4959 1824 5024 Β,

164 5051 276 5103 adiectos
291 5050 345 5114 Vn,
363 5052 468 5102 affectos
483 5051 534 5114 ΟΡ,
552 5051 659 5102 affectus
678 5049 758 5101 Simu.

268 5152 381 5221 [CLXV]
417 5155 491 5222 epigr
506 5152 551 5204 VL
657 5153 684 5204 1⁴¹.
705 5153 833 5204 Firminus
846 5151 953 5216 Hortel,
977 5153 1092 5205 firminae
1109 5153 1146 5216 B,
1169 5155 1194 5204 l.
1214 5151 1260 5203 VL
1364 5153 1470 5220 pistaeio
1494 5150 1556 5217 (sive
1572 5147 1702 5219 psittaeio)
1726 5149 1825 5216 scripsi,

164 5241 275 5308 septaris
286 5241 320 5305 Β,
337 5241 443 5309 septioio
455 5241 532 5292 ceteri
600 5241 637 5291 ita
648 5238 682 5303 Β,
701 5247 727 5290 et
739 5239 814 5290 ceteri
883 5245 974 5290 tenues
987 5237 1012 5288 Β
1081 5248 1120 5291 est
1131 5238 1164 5302 Β,
1182 5225 1227 5299 ult
1243 5239 1297 5302 VL,
1314 5255 1399 5290 rorum
1413 5237 1439 5288 P
1541 5255 1565 5288 v.
1584 5235 1602 5286 3
1619 5237 1713 5288 afflixit
1729 5235 1753 5284 V
