4566 6532
868 407 964 464 onan
983 407 1117 476 (craso.
1136 408 1172 472 s).
1793 411 1849 472 ιιι

197 583 318 650 sufficit
341 583 367 648 si
398 605 450 648 me
480 584 515 648 in
544 590 619 648 roto
649 582 856 669 praedicetis.
902 603 964 666 ego
998 590 1109 648 tamen
1145 581 1176 646 in
1212 580 1336 644 foribus
1369 581 1552 667 scriptionis
1590 579 1676 666 quod
1714 580 1855 645 vivificat

198 707 263 750 non
297 686 425 751 tacebo.
475 686 573 750 deum
608 692 676 750 tota
708 687 827 751 mentis
861 686 1045 750 intentione
1084 682 1213 748 mundis
1248 691 1359 749 teneto
1395 683 1574 748 visceribus
1608 691 1641 748 et
1677 685 1763 749 circa
1796 685 1886 748 vcs2

197 811 332 875 precum
366 789 631 874 frequentatione
665 789 816 868 mulcete,
850 789 947 855 nullis
978 789 1019 854 ab
1048 809 1087 853 eo
1119 789 1300 853 animarum
1330 787 1610 862 fornicationibus,
1637 789 1727 852 nulla
1749 794 1855 852 trans-

198 893 325 958 actione
355 891 488 958 diducti.
534 893 642 958 fovete
671 893 770 958 etiam
801 894 976 978 proximos,
1010 913 1092 978 quos
1126 892 1205 956 facit
1236 893 1384 956 naturale
1419 892 1603 976 collegium,
1639 899 1672 956 et
1698 913 1740 956 ne
1769 891 1855 977 quod

130 1022 141 1058 ι
196 995 290 1060 vobis
328 997 449 1060 factum
486 995 589 1061 dolori
626 1001 733 1074 esset,
776 1016 835 1060 vos
878 995 994 1060 fecisse
1033 992 1216 1079 gaudeatis.
1275 994 1370 1058 huius
1403 994 1481 1059 boni
1513 996 1637 1059 fructus
1676 999 1727 1058 cst
1764 993 1853 1079 quia-

195 1099 272 1183 quid
296 1105 437 1184 optatur.
482 1119 535 1162 me
559 1105 670 1164 tamen
701 1097 757 1161 diu
785 1105 962 1164 tenuerunt
992 1099 1125 1164 anxium
1155 1097 1401 1163 deliberationis
1433 1099 1566 1178 incerta,
1597 1102 1705 1163 utrum
1729 1097 1771 1162 ad
1794 1093 1884 1161 vos3

194 1223 254 1288 per
276 1223 408 1268 carmen
432 1223 473 1268 an
498 1203 666 1287 epistulari
690 1203 764 1286 lege
788 1204 891 1268 verba
912 1202 1164 1288 promulgarem.
1211 1203 1297 1286 clegi
1321 1203 1532 1267 affectionem
1556 1223 1663 1266 meanr
1686 1201 1775 1266 circa
1797 1222 1854 1266 vos

196 1312 334 1391 utroque
358 1305 489 1370 dicendi
513 1306 596 1371 calle
619 1307 818 1393 patefacere,
842 1307 919 1392 quia
941 1311 974 1370 ct
997 1305 1254 1392 praecipientem
1278 1305 1374 1370 decet
1397 1305 1490 1369 fortis
1514 1305 1654 1370 elocutio
1676 1310 1708 1369 et
1731 1305 1854 1390 pressis

197 1409 419 1476 admonitione
443 1410 609 1476 mentibus
633 1410 791 1477 mollioris
820 1413 887 1477 stili
915 1428 993 1478 eura
1020 1410 1222 1477 subvenitur.
1269 1432 1347 1496 ergo
1375 1411 1511 1495 benigni
1541 1415 1660 1474 exacta
1687 1410 1855 1497 suscipite.

120 1573 146 1613 ¹⁰
839 1563 958 1630 Leve
981 1563 1211 1630 VERSVVM.

667 1677 824 1753 Quamvis
849 1679 892 1744 sit
913 1683 1065 1742 tenerum
1090 1675 1222 1742 madore
1245 1677 1353 1742 mellis

666 1781 901 1867 Quodcumque
926 1779 1067 1866 strepuit
1090 1801 1209 1865 parens
1234 1779 1388 1858 Camena,

668 1885 846 1951 Ethelum
869 1883 980 1971 lepido
1005 1884 1110 1950 nitore
1135 1905 1267 1948 carmen

669 1990 823 2076 Captiret
845 1990 962 2055 docilis
986 1995 1153 2054 momenta
1177 1987 1293 2066 cordis,

669 2094 739 2160 Nec
763 2117 895 2182 semper
918 2094 1037 2158 deceat
1060 2114 1179 2178 poema
1203 2093 1316 2172 virtus,

667 2197 764 2273 Quod
787 2200 843 2264 lex
866 2197 1073 2284 praecipiens
1097 2201 1211 2261 tenere
1235 2197 1356 2260 fluxum

666 2301 823 2367 Resolvat
847 2300 956 2366 studio
980 2300 1116 2365 iubente
1140 2300 1256 2365 fortes:

667 2404 712 2468 At
735 2426 795 2470 nos
819 2405 950 2470 Pieriae
974 2402 1104 2468 modum
1128 2403 1278 2488 loquelae

665 2506 703 2571 ln
728 2513 855 2573 tantum
879 2509 1049 2594 sequimur
1069 2514 1222 2572 monente
1247 2529 1334 2588 aura,

670 2610 836 2683 Quantum
860 2611 916 2676 dat
939 2612 1057 2697 genius
1081 2611 1238 2696 vigorque
1261 2612 1339 2676 veri.

667 2713 788 2778 Christi
812 2714 924 2778 militis
948 2714 1081 2778 insitum
1105 2713 1247 2798 rigorem

666 2815 842 2882 Elumbem
864 2817 1008 2903 patimur
1029 2837 1147 2881 carere
1171 2816 1315 2884 ductum.

303 2950 393 3036 Ergo
410 2951 569 3018 dictorum
587 2957 786 3042 aliquotiens
803 2978 944 3022 amoena
959 2957 1134 3042 fugientes,
1157 2957 1328 3021 materiam
1345 2955 1483 3020 solidam
1500 2975 1627 3018 succro
1640 2952 1885 3034 celebremus‚4

197 3075 239 3120 ne
268 3053 390 3118 sentiat
413 3055 551 3122 virilitas
584 3060 694 3144 operis
719 3062 866 3125 enervati
889 3061 1008 3126 damna
1032 3063 1203 3126 sermonis.
1249 3080 1314 3124 non
1339 3059 1459 3143 refugit
1483 3057 1723 3144 professionem
1745 3077 1852 3121 meam

119 3171 144 3210 2⁵
198 3157 367 3222 monitoris
397 3159 554 3242 officium,
583 3163 660 3246 quia
687 3162 785 3228 dccet
814 3164 1054 3250 praecedentes
1085 3163 1286 3242 emendatio,
1319 3169 1352 3228 et
1375 3164 1458 3227 sicut
1481 3168 1556 3248 post
1579 3167 1709 3246 tergum
1733 3161 1853 3225 relictis

196 3282 255 3346 par
283 3267 334 3326 eat
362 3260 468 3327 fecem
496 3263 537 3329 de
566 3265 755 3332 innocentia
786 3269 961 3354 praeferri,
992 3270 1037 3333 ita
1065 3270 1149 3333 ratio
1178 3268 1319 3352 flagitat,
1350 3273 1386 3331 ut
1417 3267 1514 3330 etiam
1537 3265 1645 3330 vorbis
1676 3265 1738 3329 iter
1766 3263 1854 3350 quod
1966 3333 1969 3340 ,

197 3371 376 3449 aequantur
398 3368 564 3450 ostendas,
588 3393 661 3435 curn
686 3371 786 3437 divini
809 3393 888 3437 voce
912 3379 1042 3438 constet
1064 3373 1272 3438 hortaminis:
1298 3377 1411 3458 ‘argue
1436 3371 1630 3458 eapientem,
1653 3371 1775 3436 amabit
1796 3370 1840 3437 te'
1879 3367 1981 3412 ΡΜ·

1843 3421 1851 3454 ι
1954 3451 1959 3461 .

197 3474 230 3532 et
253 3489 316 3532 non
339 3471 477 3536 reticeat
500 3475 681 3539 saecularis
705 3475 869 3540 adsertor:
1903 3425 1952 3472 Μ

626 3584 699 3657 ‘Qui
722 3593 972 3673 praeceptorem
996 3588 1102 3652 sancti
1125 3588 1259 3652 voluere
1284 3588 1429 3673 parentis
1890 3581 1970 3686 pp&
2000 3641 2003 3646 Ι

120 3695 146 3734 ⁸⁰
676 3689 759 3754 Esse
783 3688 876 3756 lccc.’

197 3795 267 3860 iure
299 3797 385 3861 enim
413 3799 445 3861 in
476 3799 659 3864 affectionis
688 3803 863 3888 supercilio
893 3803 1092 3880 conlocatur,
1122 3825 1218 3888 quern
1246 3802 1432 3887 benignitas
1460 3801 1644 3886 corrigendi
1672 3801 1884 3886 promptius5

197 3901 320 3966 adserit
354 3922 451 3986 quaro
483 3903 556 3989 ipsa
589 3911 716 3969 natura.
767 3925 927 3989 generare
962 3905 1083 3972 etenim
1113 3912 1145 3970 et
1174 3905 1319 3972 libidinis
1353 3905 1574 3972 testimonium
1606 3909 1671 3984 est,
1706 3901 1851 3968 erudisse

198 4003 341 4090 pietatis.
387 4026 465 4092 ergo
493 4005 535 4070 ad
566 4005 809 4094 disciplinarum
837 4030 946 4076 arcem
974 4015 1187 4098 properantes
1219 4017 1356 4074 matrem
1388 4011 1546 4074 bonorum
1580 4029 1715 4094 operum
1744 4013 1852 4072 amate

198 4105 446 4188 verecundiam,
475 4129 558 4194 quae
589 4109 634 4174 ita
657 4131 700 4175 ex
723 4133 759 4178 se
782 4112 946 4177 uariarum
970 4113 1098 4198 species
1121 4113 1276 4178 virtutum
1302 4112 1441 4180 fecunda
1465 4118 1498 4178 et
1520 4114 1611 4197 virgo
1636 4112 1787 4198 parturit,
1816 4117 1853 4174 ut

121 4219 145 4257 ³⁵
199 4208 390 4295 inpudentia
406 4233 528 4299 procax
545 4217 577 4277 ct
594 4221 747 4300 corrupta
759 4215 922 4279 vitiorum.
958 4215 1039 4279 haec
1053 4237 1111 4280 ros
1128 4216 1189 4284 hac
1202 4239 1293 4296 racc,
1312 4225 1348 4282 ut
1363 4218 1405 4282 ad
1425 4239 1497 4283 eam
1514 4216 1667 4296 tendatis,
1691 4214 1852 4279 hortetur:

872 4372 1181 4438 VERECVNDIA.

563 4482 720 4568 Tinguite
744 4483 922 4550 candentes
947 4506 1043 4549 roseo
1066 4486 1107 4550 de
1130 4487 1254 4550 murice
1278 4487 1386 4551 vultus

610 4585 719 4670 Atque
741 4586 841 4650 fidem
865 4609 989 4652 morum
1012 4588 1146 4674 pandite
1171 4589 1211 4654 de
1237 4591 1329 4654 facie.

566 4689 605 4753 ln
628 4690 723 4754 niveo
748 4711 908 4775 spargens
933 4693 1079 4756 maculas
1104 4693 1147 4756 sis
1171 4692 1314 4777 pulcrior
1337 4715 1404 4773 cre,

614 4789 696 4856 Cum
722 4793 842 4857 sudans
866 4799 1016 4859 tenerum
1041 4795 1170 4859 roscida
1192 4797 1277 4859 colle
1299 4797 1396 4862 feras.

565 4895 619 4960 Nil
644 4896 703 4961 tibi
726 4897 801 4982 plus
824 4898 936 4983 lingua
959 4897 1085 4962 tribuae
1109 4920 1206 4984 quam
1230 4905 1401 4964 stemmate
1425 4901 1549 4964 frontis.

611 4999 774 5085 Quicquid
798 5021 908 5065 amara
934 5000 1024 5080 libet,
1048 5001 1124 5065 hinc
1148 5002 1207 5066 tibi
1231 5003 1377 5066 concilia.

301 5205 315 5257 l
334 5207 437 5259 sufficet
450 5207 476 5258 Β
544 5215 606 5260 uota
625 5209 782 5277 praedicares
794 5207 820 5258 Β
922 5204 940 5258 4
958 5209 1055 5260 diducti
1068 5207 1153 5273 BVL,
1172 5210 1275 5261 deducti
1290 5211 1364 5262 ceteri
1434 5212 1563 5263 naturales
1575 5207 1616 5260 13¹
1683 5211 1816 5278 colligium
1829 5211 1853 5262 B

196 5291 323 5346 blaciaco
334 5293 360 5344 B
465 5292 479 5345 l
499 5309 583 5348 meam
601 5296 668 5348 mres
685 5312 733 5346 uos
751 5309 835 5348 meam
846 5293 872 5345 B
976 5293 993 5346 8
1010 5295 1078 5348 decit
1089 5294 1115 5345 B
1219 5292 1236 5345 9
1253 5296 1427 5349 admonitione
1439 5297 1465 5348 B
1534 5296 1598 5348 atilli
1609 5295 1635 5346 Β
1702 5297 1808 5363 benigni
1819 5296 1854 5360 B,

196 5381 307 5448 benigne
319 5381 395 5431 ceteri
504 5378 537 5432 12
554 5383 623 5448 qnod
640 5399 699 5434 cum
718 5383 780 5448 qnid
793 5381 819 5434 Β
923 5379 955 5433 li
974 5383 1100 5435 reasoluat
1111 5381 1137 5432 B
1200 5383 1307 5435 inuenta
1319 5383 1345 5435 Β
1415 5380 1502 5450 fortes]
1521 5389 1603 5434 cortes
1615 5382 1660 5433 Β(ι
1764 5381 1798 5434 18
1815 5382 1853 5451 at]

195 5466 229 5520 ed
240 5465 266 5516 Β
382 5463 418 5517 20
434 5467 526 5533 genior
537 5466 563 5520 B
674 5465 707 5520 21
727 5468 798 5519 aristi
809 5466 835 5518 Β
948 5465 983 5520 25
999 5468 1068 5520 decit
1084 5468 1260 5535 praecidentes
1275 5466 1301 5518 Β
1409 5466 1443 5520 26
1460 5469 1583 5536 praeferri
1600 5469 1692 5536 canpe
1703 5485 1760 5520 οιιιιι
1773 5469 1853 5522 rara

195 5553 264 5604 misc.
275 5569 301 5618 p.
317 5557 359 5617 50,
376 5554 485 5620 proferri
501 5553 561 5604 libri
699 5550 733 5602 27
751 5553 849 5608 amabit
861 5551 895 5616 Β,
916 5561 942 5606 et
958 5556 1055 5606 amauit
1069 5551 1149 5606 0P²t
1288 5551 1322 5606 28
1340 5563 1450 5608 asaanm
1466 5554 1490 5604 V
1624 5552 1656 5606 31
1677 5555 1817 5607 collocatur
1832 5555 1857 5604 V

194 5635 229 5690 32
247 5645 343 5692 natura
359 5655 484 5706 merare
496 5638 530 5704 Β,
551 5646 647 5694 natura
663 5641 772 5707 pneris.
791 5640 912 5707 genuisse
924 5642 999 5694 asuri
1068 5647 1094 5692 et
1106 5639 1139 5704 Β,
1157 5657 1205 5692 om.
1218 5641 1294 5694 ocari
1397 5637 1431 5692 33
1449 5649 1628 5708 prosperantes
1639 5639 1665 5690 Β
1769 5639 1803 5693 35
1821 5643 1853 5694 ad

194 5720 260 5789 eam]
278 5725 390 5776 audeam
401 5723 427 5775 Β
495 5725 612 5780 modales
628 5726 702 5778 horte
717 5725 721 5791 Ι
736 5733 805 5780 tetru
816 5726 843 5776 Β
945 5724 980 5778 39
998 5727 1101 5794 pucrior
1113 5726 1147 5790 B,
1163 5727 1295 5792 pulchrior
1310 5726 1335 5776 V
1434 5724 1470 5778 40
1488 5728 1589 5780 ruscida
1603 5726 1627 5777 Β
1731 5723 1764 5782 tl
1783 5729 1852 5780 stim·

194 5815 263 5863 mats
274 5808 308 5875 Β,
324 5809 453 5863 ιοῑιοιιιιιο
465 5809 545 5864 dira.
615 5811 693 5864 fontir
705 5809 751 5862 B⁰
