4596 6450
423 365 482 426 190
711 359 803 415 ccxi.
821 359 954 429 (OPUSC.
972 360 1011 428 4),
1027 359 1133 414 ccxii
1151 358 1274 430 (EPIST.
1292 359 1317 424 5,
1336 361 1390 428 lb),
1408 359 1528 414 ccxml
1546 359 1668 427 (uriam
1686 361 1711 424 b,
1731 360 1783 427 16).

420 534 543 618 pallore
567 531 729 598 decorata.
776 553 852 598 nam
882 533 959 597 dum
988 534 1107 598 secreti
1141 534 1279 600 nitorem
1303 533 1444 598 hominis
1467 531 1730 617 splendidissima
1751 533 1873 598 macies
1897 531 2067 612 indicaret,

421 655 485 700 non
509 634 613 700 defuit
634 643 766 700 actuum
796 637 868 700 eius
891 657 1011 722 praeco
1035 643 1230 716 consuetus,
1259 637 1490 702 inmaculatam
1514 637 1774 702 conversationis
1798 637 1900 724 ipsius
1923 637 2069 723 speciem
2082 659 2157 708 aer

419 738 479 802 sub
512 738 684 803 verborum
713 740 914 805 abundantia
944 747 977 804 et
1008 740 1175 806 relationis
1210 741 1363 806 ubertate
1397 739 1597 806 describens.
1654 741 1777 805 mixtus
1809 739 2004 826 grandaevis
2038 747 2071 804 et

419 843 603 928 praecipuis
627 850 793 928 gestorum
818 865 950 908 suorum
967 843 1151 930 lampadam
1176 866 1239 910 non
1262 844 1379 910 minori
1403 844 1565 908 intellexit
1588 842 1664 928 igne
1688 843 1831 909 rutilare.
1865 845 1995 909 metitus
2019 849 2071 907 est

366 945 539 1010 39fomitis
563 947 614 1012 sui
637 948 757 1028 lucem,
786 948 862 1013 dum
891 947 973 1012 vidit
996 949 1111 1014 alieni:
1147 949 1239 1035 quasi
1264 949 1350 1014 iuter
1379 955 1573 1013 ornamenta
1596 947 1679 1011 caeli
1703 953 1737 1012 st
1759 947 1867 1013 sidera
1889 948 1985 1033 pleno
2007 946 2070 1011 ful·
2137 975 2148 1010 a

417 1070 496 1134 gore
526 1051 681 1115 micantia
709 1051 972 1137 supervenientis
1006 1052 1086 1115 astri
1115 1051 1273 1116 claritudo
1304 1053 1462 1124 sociatum
1495 1047 1623 1116 bertarit
1652 1050 1724 1115 sino
1755 1049 1875 1116 invidia
1904 1051 2071 1136 geminare

416 1151 525 1217 radios
550 1158 583 1217 et
605 1174 664 1238 per
687 1160 865 1238 augmenta
889 1153 1020 1216 luminis
1037 1153 1181 1239 speciem
1206 1173 1361 1241 superare
1379 1154 1546 1219 novitatis:
1571 1153 1636 1220 alia
1658 1154 1823 1240 prolixiori
1847 1154 1935 1218 crine
1952 1152 2069 1219 faciem

418 1276 509 1319 suam
533 1257 630 1321 stella
654 1255 870 1336 commendat,
894 1256 958 1320 alia
981 1257 1127 1343 puriore,
1151 1277 1250 1322 uuam
1273 1256 1355 1322 ditat
1377 1257 1487 1343 potior
1509 1258 1655 1336 flamma,
1678 1256 1830 1323 nobilitat
1852 1257 1989 1322 alteram
2013 1277 2072 1344 per

415 1361 521 1446 spatia
552 1363 711 1426 nocturna
741 1361 908 1426 sincerior.
957 1361 1003 1424 sie
1023 1359 1203 1425 Antonium
1233 1369 1379 1427 nostrum
1410 1382 1470 1448 per
1496 1362 1669 1426 universas
1700 1360 1843 1426 locorum
1875 1361 2069 1425 mutationes

363 1469 436 1529 40a
454 1462 584 1528 Christo
609 1465 743 1530 veniens
767 1465 940 1551 disciplina
963 1465 1116 1529 comitata
1138 1471 1199 1528 est.
1245 1464 1387 1550 providit
1409 1471 1536 1544 tamen,
1567 1485 1609 1530 ne
1633 1465 1685 1531 oui
1707 1465 1740 1528 in
1763 1465 1820 1529 illa
1842 1464 1967 1530 nutrice
1991 1485 2067 1529 san·
2122 1489 2149 1527 ιο

417 1575 543 1632 ctorum
566 1569 683 1650 insula,
707 1591 780 1633 cum
803 1575 987 1656 praestaret
1009 1567 1144 1648 meritis,
1168 1566 1328 1654 praeferri
1350 1568 1517 1660 rideretur
1538 1567 1728 1650 honoribus,
1752 1569 1859 1633 sciens
1881 1569 1914 1632 in
1938 1567 2068 1632 humili·

416 1672 498 1734 tatis
528 1670 639 1736 radice
674 1672 857 1759 plantatum
894 1672 935 1736 ad
970 1677 1128 1735 centenos
1160 1670 1286 1736 fructus
1322 1671 1510 1756 adsurgere.
1565 1671 1704 1738 blandus
1737 1673 1926 1746 iuvenibus,
1960 1673 2069 1757 gravis

414 1775 567 1854 maturis,
596 1773 711 1840 doctus
734 1775 864 1861 peritis,
897 1775 1077 1839 submissus
1101 1773 1275 1840 existendo
1300 1773 1521 1862 simplicibus,
1545 1779 1647 1840 totam
1669 1776 1758 1840 illam
1781 1774 1935 1840 dominici
1957 1777 2068 1862 gregis

414 1877 580 1962 legionem
603 1877 791 1942 distinctam
820 1886 912 1959 actu,
941 1877 1099 1943 variatam
1131 1878 1301 1962 gentibus,
1332 1877 1425 1963 quasi
1454 1898 1553 1943 unam
1576 1879 1718 1944 animam
1746 1877 1778 1942 in
1807 1899 1867 1942 sua
1894 1879 2068 1944 affectione

362 1988 398 2047 ti
415 1981 558 2066 collegit.
593 1982 639 2046 ibi
661 1981 792 2046 biennio
815 2002 851 2045 se
875 1982 947 2066 ipso
971 1981 1078 2068 potior
1100 1980 1211 2045 mundi
1235 1981 1327 2044 istius
1351 1981 1515 2046 sarcinam
1538 1979 1717 2067 deponens,
1739 1981 1843 2046 victor
1865 1981 2068 2064 insidiarum,
2115 2009 2150 2050 e

416 2106 496 2169 quas
519 2085 645 2170 antiqui
661 2086 824 2170 serpentis
845 2091 939 2172 parat
954 2083 1087 2162 astutia,
1111 2083 1198 2148 diem
1221 2090 1368 2148 nostrum
1392 2089 1426 2148 et
1448 2083 1555 2148 luceru
1572 2085 1756 2171 praesentis
1773 2085 1895 2150 saeculi
1918 2086 2069 2172 perpetui

414 2189 543 2253 luminis
568 2188 745 2274 adeptione
769 2190 990 2256 commutavit.
1027 2193 1123 2252 taceo
1147 2188 1288 2272 qualiter
1311 2187 1412 2251 vitam
1435 2187 1538 2272 ipsius
1561 2189 1675 2252 mortis
1697 2187 1857 2253 claritudo
1881 2189 2069 2276 signaverit,

414 2313 455 2356 ue
478 2294 632 2358 universa
661 2292 816 2378 digerens
844 2313 909 2357 uon
943 2299 1009 2356 tam
1032 2293 1206 2358 veritatem
1230 2312 1381 2356 narrasse
1410 2311 1507 2376 quam
1530 2293 1689 2379 praedicti
1709 2291 1860 2358 laudibus
1884 2293 1996 2360 videar
2018 2295 2069 2358 in·

360 2397 401 2458 42
415 2402 567 2462 moratus.
599 2397 702 2461 veluti
726 2396 849 2482 siquis
872 2397 1034 2460 consitum
1056 2396 1166 2460 lucum
1182 2394 1344 2460 frondium
1368 2393 1531 2460 densitate
1545 2396 1738 2482 reppererit,
1762 2418 1805 2462 ex
1828 2417 1890 2481 quo
1913 2417 2066 2462 somnam
2080 2430 2103 2472 a
2116 2423 2159 2462 sss

415 2499 500 2564 ferro
524 2501 707 2586 stringente
724 2500 911 2587 subripiens
934 2501 1069 2585 genium
1091 2500 1205 2580 silvae,
1228 2498 1305 2564 dum
1328 2499 1509 2585 praesumit
1531 2520 1642 2586 parva,
1665 2520 1729 2564 uon
1752 2507 1899 2566 amovet:
1923 2501 2066 2566 meliori-
2123 2527 2151 2565 so

414 2602 474 2666 bus
498 2604 648 2688 equidem
672 2604 714 2669 de
738 2605 873 2669 Antonii
897 2604 998 2670 nostri
1021 2603 1129 2682 factis,
1158 2625 1242 2689 quae
1267 2604 1342 2668 stilo
1366 2624 1431 2668 non
1454 2602 1567 2689 adtigi,
1590 2603 1753 2670 narranda
1775 2605 1912 2670 servavi.
1957 2605 2072 2668 vincar

413 2706 497 2770 forto
521 2709 729 2792 eloquentiae
752 2709 896 2788 flumine,
921 2730 1016 2773 nemo
1040 2729 1092 2772 me
1116 2708 1203 2771 cirea
1226 2707 1318 2772 illum
1342 2707 1513 2792 superabit
1535 2707 1666 2773 affectu.
1712 2706 1834 2771 habeat
1856 2708 1911 2793 qui
1937 2713 2070 2771 secutus

413 2809 510 2874 fuerit
533 2810 574 2875 de
598 2813 736 2898 peritiae
760 2832 868 2876 messe
891 2812 1098 2888 iactantiam,
1127 2811 1207 2875 mihi
1229 2810 1368 2896 gratiam
1393 2811 1480 2876 beati
1504 2811 1643 2876 hominis
1666 2831 1762 2876 nemo
1784 2810 1981 2896 praeripiet,
2012 2811 2068 2896 qui

412 2913 454 2976 ad
479 2915 677 3002 explicanda
698 2917 769 2980 eius
792 2916 878 2982 bona
901 2915 1026 3003 primus
1049 2917 1186 2982 accessi.

1043 3171 1178 3240 ecxnl
1200 3174 1309 3259 (srrsr.
1322 3178 1352 3256 5,
1372 3173 1436 3258 15).

999 3350 1236 3426 ENNODIVS
1263 3350 1484 3426 SENARIO.

382 3498 394 3556 ¹
521 3480 722 3596 Numquam
738 3511 825 3597 apud
840 3513 937 3577 deum
961 3512 1035 3577 fusa
1057 3513 1246 3599 deprecatio
1263 3516 1373 3578 votivo
1388 3513 1531 3578 nudatur
1547 3511 1676 3592 effectu,
1700 3509 1786 3596 apud
1802 3530 1898 3594 quem
1918 3507 2068 3572 hilaritas

410 3610 552 3678 lacrimis
577 3615 744 3680 obtinetur
769 3622 802 3680 et
825 3637 954 3680 maeror
977 3619 1096 3681 transit
1118 3618 1151 3681 in
1176 3619 1345 3682 laetitiam.
1383 3617 1489 3682 adfuit
1512 3615 1690 3681 divinitatis
1713 3613 1869 3677 auxilium
1893 3610 2068 3676 desideriis

409 3716 492 3780 meis
516 3723 549 3780 et
572 3725 619 3798 te,
648 3719 776 3783 animae
799 3742 893 3784 meae
925 3721 1030 3785 maior
1051 3723 1173 3809 portio,
1203 3722 1245 3787 de
1269 3723 1404 3809 prolixis
1427 3721 1573 3808 gentium
1596 3719 1715 3784 finibus
1738 3715 1959 3782 misericordia
1980 3715 2067 3778 duce

409 3823 585 3886 revocavit.
630 3844 708 3888 vere
739 3845 805 3889 non
832 3845 968 3910 possum
999 3826 1172 3910 epistulam
1201 3827 1234 3891 in
1265 3827 1368 3891 multa
1398 3825 1499 3890 verba
1521 3823 1703 3889 diffundere
1732 3817 1896 3908 inpeditus
1919 3818 2065 3896 fletibus,

379 3935 493 4007 equos
515 3925 637 4010 gaudia
659 3928 692 3991 iu
716 3929 882 3992 cumulum
899 3927 1040 3992 adducta
1057 3937 1266 4015 pepererunt.
1306 3929 1369 4008 fac,
1393 3929 1437 3993 mi
1459 3928 1601 4007 domine,
1623 3925 1775 4012 parvitati
1797 3945 1891 3988 meae
1907 3922 2065 3985 caelestis

408 4026 486 4091 doni
509 4029 747 4114 plenitudinem
776 4053 840 4096 uon
864 4033 982 4118 perire.
1028 4054 1128 4097 uuum
1159 4041 1297 4119 uterque
1329 4032 1510 4098 habeamus
1537 4029 1714 4115 hospitium
1745 4048 1805 4090 nec
1832 4024 1873 4089 de
1901 4025 2065 4111 parietum

409 4133 561 4216 angustia
578 4133 762 4198 sollicitudo
779 4142 970 4220 generetur,
995 4137 1123 4222 quando
1143 4159 1244 4203 unum
1266 4145 1382 4223 pectus
1405 4135 1570 4201 sufficiens
1586 4130 1755 4198 animabus
1778 4130 1898 4196 uostris
1914 4135 2065 4215 praestat

409 4236 642 4302 babitaculum.

1025 4409 1184 4479 GXmrlI
1206 4410 1315 4497 (srrsr.
1332 4418 1362 4490 5,
1382 4413 1448 4498 16).

958 4589 1195 4664 ENNODIVS
1222 4588 1520 4664 PAMFRONIO.

377 4745 389 4803 1
506 4716 648 4829 Magna
679 4751 755 4808 sunt
783 4745 919 4830 imperia
942 4747 1145 4832 gaudiorum.
1191 4770 1310 4835 expers
1334 4756 1386 4814 est
1409 4747 1629 4814 continentiae
1652 4743 1799 4809 hilaritas
1829 4747 1862 4803 et
1888 4739 1920 4802 in
1944 4761 2064 4804 rocem

407 4852 508 4936 gestit
532 4869 715 4935 erumpere.
753 4849 843 4913 venit
866 4855 998 4935 optatus
1018 4850 1190 4917 desideriis
1213 4854 1284 4919 dies
1307 4861 1341 4918 et
1363 4853 1429 4936 ille,
1454 4873 1552 4939 quern
1574 4868 1750 4934 numquam
1772 4845 1814 4910 de
1836 4843 1961 4907 meritis
1977 4845 2064 4909 meis

508 5058 526 5110 3
542 5061 683 5112 discribens
696 5058 772 5109 BVL
865 5055 883 5108 4
900 5060 955 5126 igni
970 5058 1045 5110 VM*
1135 5059 1252 5129 bqnasi]
1270 5079 1335 5128 quas
1346 5062 1380 5128 B,
1397 5058 1613 5129 qnasisiHor-ld
1702 5051 1718 5104 'l
1736 5053 1825 5104 sscien
1837 5049 1871 5115 B,
1887 5053 1968 5102 laeam
1986 5052 2066 5102 oetas·

405 5145 423 5199 8
440 5149 569 5216 puriorem
582 5145 607 5196 Β
745 5144 762 5196 9
780 5147 932 5198 mutationes
944 5145 970 5196 B
1108 5146 1142 5200 10
1158 5158 1304 5203 sanctornm
1322 5151 1351 5200 irs
1367 5149 1403 5200 la
1418 5147 1443 5198 Β
1581 5141 1612 5195 ll
1635 5141 1716 5194 insola
1733 5138 1759 5189 B
1861 5137 2020 5188 humilitates
2038 5137 2066 5188 Β

408 5231 440 5284 13
457 5233 645 5284 sxbistendoB
705 5241 789 5284 totum
800 5230 827 5281 Β
926 5230 959 5284 15
976 5232 1081 5300 eolligat
1093 5233 1118 5284 B
1179 5236 1290 5303 dapem
1307 5253 1362 5302 sup.
1376 5235 1421 5286 lia.
1436 5251 1454 5284 n
1466 5233 1491 5284 B
1590 5228 1623 5281 16
1639 5227 1740 5280 astudia
1751 5223 1777 5274 B
1872 5220 1908 5272 20
1924 5223 2009 5274 siluos
2021 5222 2066 5273 13¹

406 5318 436 5369 21
462 5319 536 5386 attigi
557 5318 582 5368 V
714 5315 749 5368 24
772 5317 874 5384 explies
895 5333 951 5383 sup.
972 5319 1018 5369 liu.
1043 5319 1093 5371 uda
1110 5325 1170 5372 nal
1182 5321 1208 5371 B
1311 5321 1414 5372 secani.
1437 5319 1543 5387 explicit
1572 5317 1625 5368 uita
1647 5313 1714 5366 beati
1732 5311 1818 5364 aaroni
1843 5309 1951 5368 (antonii
1973 5307 2066 5375 l'LT)

406 5406 513 5456 feliciter
531 5405 625 5470 (taliter
637 5403 670 5468 B,
689 5404 767 5459 falc-,⁴
775 5402 831 5469 VJ.)
844 5401 952 5453 BVLT

509 5507 632 5576 [ccxii]
668 5507 702 5561 ‘db
724 5510 814 5562 notius
831 5509 856 5560 Β
993 5506 1027 5560 27
1050 5510 1180 5576 optinetur
1195 5511 1241 5563 Vn
1377 5509 1413 5562 28
1435 5507 1552 5577 genitum
1569 5503 1595 5556 Β
1695 5492 1874 5560 misericordis]
1899 5496 1984 5561 grstia
2003 5497 2067 5548 01²⁸

404 5593 440 5647 29
457 5597 606 5650 deffunders
618 5597 643 5648 B

509 5701 646 5770 [dextri]
681 5701 716 5752 34
734 5702 874 5752 Panirouio
887 5699 966 5750 Sim.
1069 5698 1105 5750 35
1120 5701 1274 5766 gaudiorum
1291 5701 1397 5767 imperis
1412 5696 1530 5749 1⁷1th
1629 5689 1664 5744 36
1680 5696 1763 5758 gestet
1774 5687 1800 5738 Β
