4596 6450
427 333 487 397 ras
1102 329 1194 386 ccxc
1213 327 1402 400 (censen.

396 505 611 569 donatorem:
636 524 774 591 quorum
797 509 908 570 tamen
924 505 1073 590 probitas
1095 504 1188 571 libris
1204 503 1359 570 mandata
1381 503 1490 585 luerit,
1515 523 1628 569 eornm
1644 502 1756 568 vitalis
1773 507 1825 568 est
1841 503 1960 568 obitus.
1994 501 2081 567 dicat

422 607 560 673 forsitan
583 608 746 694 interpres
770 608 949 672 austerior:
975 608 1103 673 abiurat
1124 608 1378 694 praedicationis
1401 606 1611 672 dulcedinem
1635 605 1808 692 perfuncta
1830 627 1924 671 mens
1948 606 2080 670 saeculo

423 717 456 776 ot
479 710 586 775 carnis
615 711 750 776 vinculis
773 711 939 776 absolutus
961 733 1025 776 non
1048 711 1229 791 desiderat,
1259 731 1343 797 qnae
1374 711 1460 776 inter
1483 711 1609 775 incerta
1631 709 1744 774 mundi
1767 710 1888 794 gessit,
1922 709 2075 795 agnosci3

421 813 481 880 sed
504 815 578 878 illos
601 813 762 879 humanus
786 835 899 880 carcer
926 817 996 880 sine
1026 816 1188 886 libertatis
1221 815 1393 902 dispendio
1423 814 1546 881 refudit
1576 813 1699 901 opifici,
1731 812 1807 878 dum
1836 815 1923 879 inter
1953 814 2077 900 polluta
2093 847 2114 889 p.
2128 838 2167 878 ιιι

423 915 577 1004 gradiens
600 919 740 984 nitorem
770 938 864 983 suurn
894 920 1003 984 anima
1026 919 1089 985 deo
1112 927 1224 986 nostro
1254 921 1380 985 intenta
1403 917 1584 1004 geminavit
1614 924 1647 984 et
1670 938 1730 1004 per
1753 917 1981 982 mandatorum
2005 937 2078 980 cae·
2146 943 2158 980 s

422 1021 554 1086 lestinm
577 1023 683 1088 lineas
705 1022 946 1088 lenocinantem
970 1023 1067 1087 huius
1096 1024 1176 1088 lucis
1206 1045 1270 1089 non
1301 1025 1405 1088 sensit
1435 1043 1592 1087 errorem.
1638 1021 1731 1087 nobis
1754 1042 1832 1086 vero
1856 1021 1920 1086 ista
1944 1021 2079 1086 revivis-

424 1129 510 1206 cant,
533 1126 628 1191 nobis
652 1126 824 1212 protutura
847 1131 1028 1202 serventur,
1053 1126 1171 1212 quibus
1195 1127 1222 1190 si
1245 1126 1287 1202 ab
1312 1124 1420 1190 studio
1444 1123 1539 1190 deest
1561 1124 1680 1190 sectari
1703 1124 1851 1204 meliore,
1875 1123 1915 1190 de
1939 1123 2080 1204 illorum,

425 1228 480 1314 qui
504 1229 608 1294 lacem
632 1229 889 1294 conversationis
912 1248 992 1295 snae
1015 1229 1215 1315 praeierunt,
1239 1229 1352 1294 venire
1375 1227 1474 1293 debet
1497 1227 1660 1314 exemplo.

392 1333 410 1392 4
531 1317 582 1397 Τιι
605 1339 725 1412 antem,
749 1333 947 1399 venerabilis
972 1333 1057 1398 abba
1072 1332 1200 1412 Leonti,
1224 1331 1333 1418 quiid
1357 1331 1435 1396 mihi
1459 1331 1568 1418 operis
1591 1331 1772 1412 iniunxisti,
1795 1329 1913 1396 adiuva
1932 1329 2079 1395 oratione

423 1435 618 1502 titubantem
634 1443 668 1503 ct
686 1437 866 1503 siccitatem
884 1438 950 1501 stili
966 1442 1153 1501 sanctarum
1170 1458 1304 1523 precum
1320 1436 1423 1502 imbre
1438 1437 1615 1522 locupleta.
1648 1436 1751 1502 facies
1767 1435 1865 1517 enim,
1889 1442 1924 1501 ut
1940 1433 2079 1516 confido,
2133 1461 2159 1500 rc

422 1539 546 1604 meritis
568 1540 791 1626 praecipuum,
814 1535 900 1627 quod
924 1539 1058 1626 adgredi
1081 1563 1134 1606 me
1152 1542 1222 1628 ipsc
1239 1540 1373 1606 inssisti.
1411 1559 1548 1627 pronum
1566 1547 1617 1606 est
1632 1539 1826 1605 beatitudini
1843 1546 1919 1605 tuae
1937 1539 2080 1604 ieiunam

390 1644 641 1730 teloquentiam
664 1644 813 1709 iocundis
836 1645 1043 1711 innocentiae
1065 1645 1198 1711 ferculis
1221 1646 1390 1732 ampliare.
1429 1644 1554 1710 credite
1572 1644 1662 1722 mibi,
1685 1663 1743 1708 vos
1759 1645 1914 1730 respiciet
1930 1647 2079 1708 extortae

427 1754 484 1813 aut
507 1747 604 1834 culpa
626 1755 682 1813 ant
706 1749 822 1834 genius
846 1747 1012 1831 dictionis,
1046 1751 1140 1814 cuius
1164 1749 1227 1815 nisi
1250 1749 1467 1815 substantiam
1492 1747 1647 1833 religiosa
1669 1747 1865 1812 anctoritate
1889 1747 2079 1826 firmaveris,

424 1849 587 1916 videbitur
621 1851 733 1917 indicii
767 1853 816 1917 tui
849 1851 965 1918 clauda
999 1852 1081 1918 tides
1116 1854 1278 1939 delegisse
1311 1843 1420 1919 minus
1453 1851 1624 1933 idoneum,
1659 1852 1710 1916 cui
1744 1849 1923 1916 venerandi
1956 1850 2079 1915 laboris

425 1955 624 2042 provinciam
648 1955 850 2022 commisisti.
2132 1978 2157 2017 rs

654 2110 925 2178 DESCRIPTIO
955 2109 1095 2178 VITAE
1131 2108 1397 2178 anulssnss
1430 2108 1603 2175 ANTONI
1637 2105 1860 2175 nonaum.

393 2232 414 2292 6
531 2229 636 2316 Igitur
660 2231 750 2297 beati
772 2230 897 2297 Antoni
920 2238 1110 2298 narraturus
1133 2232 1274 2318 insignia
1297 2232 1436 2320 primurn
1461 2231 1567 2296 sancti
1591 2230 1725 2318 spiritns
1747 2229 1830 2296 mibi
1852 2229 2005 2295 maiestas
2029 2228 2080 2293 in-

425 2330 572 2396 vocanda
596 2337 656 2414 est,
679 2338 716 2397 nt
738 2335 792 2418 qni
815 2334 908 2399 illum
932 2334 1030 2400 rebus
1054 2333 1187 2399 divitem
1211 2332 1300 2414 iecit,
1325 2355 1377 2399 me
1401 2335 1434 2398 in
1456 2333 1507 2400 bis
1524 2332 1732 2419 explicandis
1755 2354 1814 2418 per
1829 2333 1962 2418 linguae
1988 2332 2081 2397 irena

424 2434 613 2501 moderetur
643 2443 676 2501 et
705 2436 865 2502 labiorum
899 2437 1012 2503 sordes
1040 2438 1190 2524 prosatici
1219 2438 1368 2504 carbonis
1399 2437 1525 2505 diluere
1553 2444 1695 2503 maturet
1723 2436 1892 2517 incendio,
1925 2457 1967 2501 nc
1999 2457 2078 2501 con-

424 2539 583 2604 scientiae
607 2540 737 2605 nebulis
761 2541 868 2606 lucem
885 2542 1140 2607 conversationis
1162 2543 1252 2608 illius
1276 2551 1333 2608 aut
1355 2542 1565 2629 amplissimis
1589 2562 1768 2628 pauperem
1792 2541 1911 2607 faciam
1927 2539 2080 2605 laudibus
2133 2572 2160 2612 ιο

394 2644 482 2706 taut
503 2642 641 2708 infantie
664 2650 778 2710 arente
802 2643 1028 2710 devenustem.
1074 2647 1279 2712 benedicitur
1300 2646 1440 2712 indivisa
1461 2646 1591 2712 trinitas
1613 2645 1697 2712 dens
1720 2651 1843 2726 noster,
1870 2644 1926 2731 qui
1948 2663 2078 2708 servum

428 2763 523 2810 suurn
546 2743 726 2812 Antonium
749 2752 842 2813 tanta
864 2749 1022 2814 virtutum
1045 2749 1123 2816 dote
1146 2750 1319 2814 sublimem
1343 2750 1428 2816 eirca
1450 2748 1593 2814 Danubii
1616 2748 1757 2814 fluminis
1779 2749 1867 2835 ripas
1891 2748 2079 2814 incivitate

423 2847 559 2913 Valeria
575 2848 762 2914 Secundino
786 2857 880 2937 patre
909 2852 992 2916 lucis
1016 2852 1112 2917 huius
1135 2853 1264 2917 ianuam
1288 2853 1385 2918 iussit
1408 2853 1541 2919 intrare.
1588 2853 1642 2937 qui
1667 2852 1815 2937 quamvis
1839 2851 1880 2916 do
1904 2849 2077 2938 splendore
2091 2882 2167 2932 nnc

423 2952 581 3018 natalium
605 2955 823 3020 conscientiae
847 2956 942 3020 iubar
964 2955 1127 3038 hauserit,
1152 2964 1264 3022 tamen
1287 2957 1450 3042 fulgorem
1473 2957 1584 3043 stirpis
1608 2956 1806 3041 praecipuae
1828 2975 1953 3020 morum
1979 2953 2079 3018 radiis

424 3055 646 3138 obumbravit,
677 3059 810 3123 vincens
840 3058 994 3125 decorem
1025 3061 1194 3146 sanguinis
1217 3061 1341 3146 ingenii
1364 3061 1528 3134 claritate,
1559 3060 1636 3124 dnm
1666 3065 1893 3125 coruscantem
1921 3059 2079 3144 germinis
2133 3091 2159 3130 ιι

425 3160 474 3224 sui
497 3161 683 3248 lampadam
706 3169 839 3229 actuum
862 3164 1041 3229 serenitate
1066 3165 1286 3244 transcendit,
1319 3171 1353 3230 et
1381 3163 1486 3228 factus
1511 3169 1561 3228 est
1584 3163 1688 3228 victor
1709 3163 1891 3228 stemmatis
1924 3161 1991 3239 sui,
2020 3183 2080 3248 per

392 3263 512 3349 Sqnod
543 3265 713 3330 universos
750 3267 918 3332 nascendo
947 3261 1123 3354 superavit.
1177 3268 1232 3352 qni
1262 3263 1340 3331 dnm
1371 3265 1479 3331 adhuc
1507 3263 1550 3331 de
1579 3267 1693 3330 matris
1721 3265 1883 3352 penderet
1910 3265 2078 3346 uberibus,

428 3387 525 3452 quern
548 3369 724 3454 praescivit
746 3368 800 3434 dei
822 3371 930 3456 gratia
953 3392 1017 3435 non
1042 3371 1182 3456 reliquit,
1205 3392 1267 3437 nec
1290 3391 1388 3457 passa
1411 3376 1462 3434 est
1485 3370 1615 3456 inopem
1639 3369 1759 3434 favoris
1776 3368 1920 3434 existere
1942 3368 2077 3454 dispen-

426 3470 510 3535 satio
534 3472 696 3555 caelestis,
720 3494 817 3558 quern
840 3473 1089 3538 remunerandis
1112 3474 1245 3560 plenum
1270 3473 1386 3539 studiis
1410 3473 1614 3559 adprobavit.
1658 3474 1712 3557 qui
1735 3495 1776 3538 ne
1801 3473 1906 3537 sancti
1927 3472 2079 3536 instituta

424 3573 581 3661 propositi
607 3587 668 3662 ‘per
694 3581 866 3663 parentum
896 3572 1122 3641 blandimenta
1152 3577 1339 3662 frangeret,
1369 3595 1527 3641 annornm
1559 3576 1661 3640 ferme
1689 3583 1760 3641 octo
1790 3574 1948 3661 genitoris
1975 3576 2080 3640 tutela
2133 3609 2161 3648 ιο

393 3675 567 3742 9nudatus
590 3685 652 3744 est.
696 3699 775 3745 mox
796 3686 907 3744 tamen
928 3677 970 3744 ad
992 3680 1260 3744 inlustrissimum
1283 3679 1388 3744 rinnn
1406 3677 1601 3745 Severinum
1624 3679 1740 3765 ignara
1761 3680 1829 3744 luci
1851 3685 1943 3744 aetas
1965 3679 2078 3744 evola-

423 3780 485 3858 vit,
513 3779 668 3864 quidum
692 3801 768 3846 curn
790 3782 949 3846 mulceret
971 3781 1110 3862 osculis,
1140 3781 1250 3846 irrtrna
1278 3783 1311 3845 in
1339 3787 1443 3868 pne'ro
1471 3783 1558 3847 bona
1587 3783 1678 3867 qnasi
1710 3788 1876 3848 transacta
1898 3783 2079 3868 relegebat.

423 3881 486 3946 luit
507 3877 612 3965 enim,
644 3881 735 3948 cuius
762 3885 889 3950 meritis
918 3884 1000 3948 nibil
1029 3890 1118 3949 esset
1147 3885 1387 3950 absconditum.
1432 3886 1488 3950 ille
1512 3886 1598 3950 hunc
1629 3885 1691 3950 sibi
1718 3885 1865 3950 interum
1887 3886 2080 3971 participem

422 3988 479 4074 pia
500 3981 622 4073 ubique
645 4009 725 4054 voce
747 3990 978 4076 praedicabat,
1009 3990 1123 4069 credo,
1151 3996 1188 4054 ut
1209 3990 1398 4076 incipientis
1422 3989 1571 4054 tirocinia
1590 4009 1670 4075 spes
1694 3989 1885 4054 adnuntiata
1913 3987 2081 4054 solidaret.

373 4088 412 4149 lll
534 4089 602 4156 ded
624 4096 798 4179 postquam
827 4093 944 4158 beatus
967 4094 1018 4157 vir
1046 4091 1197 4157 humanis
1226 4093 1324 4159 rebus
1357 4100 1529 4179 exemptus
1557 4099 1624 4173 est,
1653 4091 1826 4157 'Constanti
1857 4091 2011 4156 antistitis
2039 4112 2080 4157 ea
2132 4127 2158 4166 as

423 4199 625 4280 tempestate
649 4196 870 4261 florentissimi
892 4197 1023 4261 innotus
1048 4196 1212 4282 obsequiis
1235 4196 1388 4281 gloriosis
1413 4196 1568 4282 operibus
1592 4196 1678 4261 vitae
1701 4193 1887 4261 rudimenta
1903 4193 2078 4260 dedicavit.

426 4298 579 4384 quicum
609 4297 696 4364 inter
727 4300 970 4365 ecclesiasticos
1001 4306 1198 4387 exceptores
1226 4301 1404 4365 caelestem
1432 4299 1580 4364 militiam
1611 4300 1707 4363 ‘iussit
1734 4299 1845 4366 ordiri.
1890 4298 2079 4365 eratenim

373 4405 409 4467 11
425 4401 621 4467 venerabilis
646 4403 800 4468 sacerdos
817 4403 940 4468 Antoni
964 4405 1067 4469 nostri
1089 4409 1236 4491 patruus.
1276 4401 1334 4467 sed
1358 4423 1535 4488 numquam
1558 4403 1613 4467 ille
1637 4403 1820 4488 magisterii
1841 4403 1984 4488 rigorem
2000 4422 2080 4467 con-

425 4501 656 4592 sanguinitatis
684 4508 759 4592 lege
787 4508 928 4572 mollivit
951 4530 1012 4574 nec
1035 4509 1115 4573 iecit
1137 4525 1287 4572 securum
1311 4506 1351 4571 de
1375 4505 1620 4572 necessimdinc
1643 4505 1840 4593 discipulum
1863 4527 1930 4571 non
1952 4507 2079 4589 timore,

424 4609 478 4675 cui
504 4609 645 4696 gratiam
670 4609 814 4675 doctoris
848 4611 910 4674 nisi
943 4632 1082 4677 censura
1107 4627 1173 4676 non
1202 4607 1375 4697 praestitit.
1429 4616 1540 4674 tantus
1569 4609 1631 4674 init
1659 4611 1745 4675 circa
1774 4617 1972 4676 sectatorem
2002 4608 2078 4675 dili·
2131 4643 2158 4683 rc

424 4714 556 4800 gantiae
573 4712 703 4797 modus,
727 4719 883 4800 qnantum
907 4714 1028 4780 iudicia
1044 4715 1267 4780 contulerunt:
1292 4714 1443 4779 meritum
1468 4735 1562 4780 snum
1586 4715 1618 4778 in
1641 4713 1724 4780 facie
1740 4715 1909 4802 monitoria
1932 4714 2076 4800 agnovit.
2091 4744 2113 4786 p.
2127 4737 2168 4778 na

373 4816 413 4878 12
426 4819 485 4885 sed
512 4819 577 4884 iarn
600 4825 810 4905 pcccatorum
837 4819 1076 4884 consummatio
1099 4819 1279 4884 Pannoniis
1302 4818 1488 4884 minabatur
1509 4818 1689 4899 excidium,
1715 4817 1781 4881 iam
1810 4818 1939 4883 succisa
1967 4815 2078 4883 radice

426 4922 631 4989 substantiae
654 4923 799 5009 regionis
821 4924 909 4989 illins
938 4929 1043 4989 status
1072 4923 1106 4987 in
1133 4945 1272 5011 pronum
1301 4924 1493 4990 deflexerat.
1539 4945 1599 5012 per
1627 4924 1776 4989 incursus
1805 4923 1892 4988 enim
1915 4923 2079 4988 variarum

526 5214 544 5268 2
562 5218 716 5272 dulcidinem
728 5217 754 5268 B
851 5217 869 5271 3
886 5221 952 5271 inter
969 5215 1076 5286 incerta]
1094 5217 1192 5270 ineerta
1210 5217 1260 5284 (ter
1277 5220 1303 5271 in
1321 5236 1376 5285 susp.
1390 5215 1447 5284 lin.)
1460 5217 1485 5269 B
1550 5219 1676 5285 agnoscis.
1696 5219 1740 5270 sed
1752 5217 1779 5269 B
1876 5217 2026 5270 4liberatis
2038 5214 2080 5268 B¹

423 5303 521 5372 opificis
533 5304 559 5355 B
676 5302 691 5354 7
711 5305 785 5358 nobis
804 5346 808 5357 .
824 5346 829 5357 .
848 5306 1013 5359 reuiuescsut
1029 5306 1058 5357 in
1075 5305 1155 5356 littra
1167 5304 1193 5354 B
1270 5303 1313 5371 ab]
1332 5307 1375 5357 ab
1491 5301 1508 5355 9
1525 5305 1569 5370 qni
1587 5301 1622 5370 id]
1640 5305 1702 5372 qnid
1714 5301 1821 5355 ΒΜ·1
1939 5301 1972 5354 16
1989 5304 2081 5370 incipit

423 5391 552 5458 discriptio
565 5431 570 5443 .
583 5431 588 5444 .
600 5431 606 5444 .
617 5431 623 5444 .
636 5391 745 5443 BVLT
820 5392 889 5444 uitae
901 5409 950 5443 orn.
963 5391 989 5441 B
1104 5387 1137 5441 1‘1
1155 5393 1254 5444 antonii
1268 5391 1364 5443 Vhtu
1428 5392 1534 5459 spiritus
1551 5393 1633 5444 sancti
1646 5391 1725 5444 sim.
1844 5389 1876 5442 19
1895 5391 2036 5458 prophetici
2051 5389 2081 5450 V,

420 5477 512 5544 profici
523 5475 549 5527 B
663 5476 698 5528 26
716 5478 850 5530 stimmatis
862 5478 888 5528 B
1011 5473 1210 5544 tuaequae
1325 5476 1360 5529 29
1377 5478 1530 5545 approbanit
1545 5476 1567 5526 V
1678 5475 1713 5529 33
1731 5479 1795 5529 nihil
1814 5504 1846 5514 -
1865 5478 1935 5529 hunc
1952 5477 1974 5528 si
1991 5475 2080 5540 (bunsi

424 5579 480 5629 sup.
494 5563 538 5614 lin.
555 5563 580 5630 c)
598 5563 627 5615 in
645 5565 726 5615 littero
737 5564 763 5614 B
866 5561 901 5615 85
918 5564 1061 5615 constantia
1078 5564 1206 5616 anmstitiv
1218 5563 1251 5628 B,
1268 5565 1405 5617 comtandi
1423 5566 1544 5618 antistitis
1556 5567 1631 5618 actori
1734 5565 1769 5618 36
1786 5569 1906 5638 operibus
1924 5568 1952 5636 (b
1969 5584 2000 5618 cc
2017 5567 2041 5638 e)
2054 5566 2081 5622 B

424 5646 459 5704 38
476 5649 575 5706 antonii
591 5648 687 5702 Vtro
752 5648 937 5720 magesteriiB
1040 5646 1076 5704 42
1093 5651 1144 5702 hm
1161 5651 1261 5707 succisa
1272 5650 1306 5716 B,
1322 5667 1383 5704 nam
1400 5652 1502 5708 succus
1518 5653 1593 5708 ceteri
