4538 6436
770 376 944 430 LIBELLVS
964 377 1035 433 PRO
1055 377 1211 433 SYNODO.
1778 383 1819 444 57

162 551 310 616 collectio
335 549 521 636 synodalis?
561 557 617 614 aut
640 571 741 636 parva
764 555 867 628 erant,
891 569 974 635 quae
998 550 1039 616 de
1062 552 1181 616 vestris
1205 573 1276 616 curn
1302 552 1363 616 hac
1387 549 1595 616 multitudine
1618 550 1819 617 facinoribus

161 654 415 720 damnarentur?
461 674 569 718 nenne
592 652 717 718 directa
740 653 842 718 verba
865 658 940 717 sunt
963 675 1133 736 canonum,
1158 655 1352 741 quicumque
1378 654 1569 720 clericorum
1592 654 1634 720 ab
1658 655 1813 742 episeopo
1833 665 1919 759 ,fffij
1935 659 1955 748 ξ

163 779 221 823 suo
246 763 322 822 ante
346 757 528 822 sententiae
552 763 682 843 tempus
707 778 765 844 pro
788 755 888 821 dubia
911 758 1096 843 suspicione
1120 758 1323 838 discesserit,
1352 757 1562 823 manifestam
1586 780 1660 824 eum
1684 779 1818 824 manere

163 867 356 928 censuram?
394 860 436 926 ad
452 860 549 924 huius
566 861 612 924 rei
629 860 843 925 ministerium
866 860 1021 927 devotum
1044 862 1105 927 deo
1128 862 1272 949 oportuit
1294 882 1413 947 agmen
1436 882 1619 943 occurrere,
1642 868 1679 927 ut
1700 860 1819 949 perditi
1831 865 1871 926 57

96 1016 101 1028 .
163 972 196 1031 et
217 964 379 1052 profligati
403 965 513 1050 gregis
537 963 701 1028 ulceribus
723 961 922 1028 medicorum
945 965 1112 1030 exercitus
1137 965 1334 1045 subveniret,
1359 964 1435 1049 quia
1458 963 1609 1050 quotiens
1632 966 1819 1031 morborum

161 1067 316 1133 violentia
339 1068 440 1133 celeri
462 1088 579 1153 gressu
603 1067 644 1132 ad
668 1067 797 1132 animae
830 1074 960 1132 secreta
988 1068 1139 1148 festinat,
1172 1068 1286 1133 obvias
1317 1088 1431 1132 manus
1459 1067 1588 1133 adferre
1618 1089 1681 1132 non
1711 1073 1821 1155 potest

161 1172 304 1236 salutare
337 1171 510 1235 consilium
540 1169 600 1234 nisi
632 1191 675 1234 ex
702 1170 876 1236 collatione
908 1173 1093 1238 multorum.
1138 1193 1214 1236 nam
1237 1179 1270 1236 et
1294 1172 1354 1236 hcc
1379 1193 1399 1236 a
1421 1193 1499 1257 rege
1529 1177 1641 1237 nostra
1668 1171 1820 1258 poposcit

160 1275 326 1361 allegatio,
349 1281 385 1339 ut
408 1275 547 1340 abscisis
571 1273 762 1339 clericorum
779 1274 989 1358 praeiudiciis
1009 1275 1049 1340 de
1067 1282 1294 1339 accusatorum
1310 1296 1417 1360 papae
1433 1276 1551 1341 merito
1567 1275 1819 1360 perhumanum

97 1377 100 1380 ’
162 1401 198 1443 οι
222 1399 397 1464 supernum
421 1376 582 1442 iudicaret
604 1378 786 1463 imperium.
827 1378 994 1444 videamus
1011 1385 1132 1460 tamen,
1157 1379 1184 1443 si
1204 1380 1322 1464 placet,
1348 1385 1381 1442 et
1403 1380 1478 1443 illas
1502 1379 1691 1444 didascalici
1715 1378 1818 1443 libelli
1831 1380 1872 1443 58

85 1515 111 1552 m
162 1483 262 1548 vestri
277 1482 463 1568 relegamus
481 1481 640 1567 argutias:
664 1481 863 1549 habentibus
880 1483 979 1547 etiam
996 1482 1087 1548 nobis
1103 1489 1180 1546 ante
1197 1483 1309 1547 oculos
1326 1487 1454 1569 patrum
1469 1482 1656 1548 sanctiones
1673 1480 1817 1569 (quibus)

160 1606 357 1652 excessuum
369 1590 552 1650 vestrorum
568 1585 699 1650 sentina
711 1584 918 1671 ponderetur.
953 1585 1009 1650 lex
1027 1585 1250 1652 ecelesiastica
1263 1586 1450 1673 pontificem
1465 1586 1506 1652 ab
1524 1587 1598 1651 aliis
1615 1593 1816 1666 accusatum,

159 1690 347 1776 priusquam
371 1687 432 1753 sub
456 1689 531 1752 luce
554 1688 684 1753 obiecta
705 1689 921 1770 constiterint,
944 1690 1048 1775 exigit
1071 1710 1135 1753 non
1158 1688 1307 1775 relinqui.
1353 1710 1412 1753 vos
1434 1710 1512 1754 vcro
1536 1688 1648 1771 divini,
1671 1694 1707 1754 ut
1729 1695 1818 1775 pute,

162 1791 240 1857 iuris
263 1812 438 1873 memores,
462 1791 519 1876 qui
541 1792 628 1856 levia
651 1798 759 1858 errata
782 1793 970 1880 despicitis,
994 1793 1048 1879 qui
1072 1794 1200 1879 pcccati
1223 1792 1395 1860 nobilitate
1418 1792 1585 1879 gaudetis,
1608 1815 1649 1860 ne
1673 1815 1739 1858 una
1761 1814 1819 1858 vos

71 1933 92 1974 ι.
106 1925 144 1966 ιιι
163 1920 205 1964 cx
228 1897 412 1963 desertione
436 1897 617 1962 sacerdotis
641 1897 738 1984 eulpa
765 1898 960 1984 respiceret,
992 1896 1171 1962 accusastis
1195 1907 1267 1960 cum
1291 1896 1502 1962 incrementis
1526 1896 1730 1961 delictorum.
1776 1893 1817 1960 ad
1830 1898 1872 1959 59

84 2031 109 2071 ιι
163 2000 246 2066 hanc
268 2022 325 2066 vos
348 1999 561 2065 valitudinem
584 1999 657 2081 illc,
690 2002 744 2086 qui
767 2007 817 2066 ost
838 2001 990 2087 praeuius
1013 2006 1135 2081 uester,
1166 2000 1319 2082 adduxit,
1347 2006 1384 2064 ut
1411 2006 1486 2088 post
1514 1999 1716 2081 desolatum,
1744 2005 1820 2086 post

160 2105 333 2192 inpetitum
368 2105 554 2192 pontificem
594 2105 664 2170 sine
692 2105 790 2169 ullius
822 2105 935 2191 vigore
968 2105 1151 2170 sententiae
1183 2105 1282 2168 totius
1315 2126 1401 2191 pene
1430 2102 1548 2169 Italiae
1585 2101 1820 2190 inprobandam

160 2209 342 2274 antistitum
366 2208 543 2275 crederetis
567 2229 642 2274 case
665 2229 852 2284 censuram;
876 2207 1039 2295 quomodo
1064 2207 1196 2294 quidam
1219 2207 1303 2273 dixit
1325 2209 1366 2273 de
1390 2207 1523 2274 cohorte
1547 2212 1671 2273 vestra:

569 2330 780 2396 festinantem
804 2330 945 2395 animam
968 2329 1063 2394 morti
1086 2345 1152 2394 non
1176 2328 1313 2395 credidit
1336 2330 1403 2395 uni.
1855 2323 1940 2428 {effi

161 2455 305 2534 potesne,
329 2471 421 2516 mens
445 2450 610 2532 indocilis,
635 2451 806 2516 eriminum
830 2450 895 2515 iam
919 2450 1022 2516 ditata
1044 2450 1262 2532 successibus,
1286 2472 1306 2514 a
1328 2450 1517 2516 detestabili
1539 2449 1707 2538 proposito
1730 2451 1821 2515 velut

85 2609 96 2620 .
162 2551 261 2618 effeta
275 2553 410 2619 fedari?
449 2555 506 2621 ille
523 2576 581 2619 vos
598 2556 648 2620 his
663 2556 844 2642 locupletes
868 2554 963 2619 malis
987 2555 1108 2636 effecit,
1133 2554 1184 2618 cui
1208 2552 1386 2618 elationum
1411 2553 1527 2640 copiae
1551 2574 1630 2640 opes
1652 2553 1819 2638 angelicas

162 2657 365 2722 sustulerunt
387 2664 421 2723 ct
443 2658 589 2724 divinum
613 2680 747 2724 censum
769 2657 909 2724 nocendi
932 2679 996 2744 quo
1021 2657 1182 2723 exuberat
1205 2656 1380 2723 thesaurus
1404 2658 1529 2725 inridit.

269 2757 337 2825 Sed
359 2763 511 2847 promissi
533 2784 695 2829 memores
719 2763 882 2843 universa,
905 2782 989 2847 quae
1012 2762 1103 2846 operi
1124 2761 1269 2847 ipsorum
1288 2762 1463 2828 recolimus
1478 2763 1612 2843 inserta,
1636 2766 1819 2846 tangamus.
1831 2759 1873 2820 60

161 2864 308 2948 arguitur
330 2865 406 2930 stilo
429 2865 693 2952 splendidissimo
716 2887 803 2952 papa
826 2866 1059 2952 Symmachus,
1094 2886 1195 2951 qnare
1223 2865 1476 2932 conventionem
1503 2867 1718 2953 praeueniens
1746 2888 1819 2931 cum

161 2968 353 3052 populorum
384 2969 531 3035 coetibus
562 2989 702 3036 examen
735 2970 862 3035 intrarit
885 2976 919 3035 et
945 2975 1060 3055 postca
1088 2967 1226 3044 iudicia,
1259 2991 1332 3034 cum
1363 2975 1519 3035 evocatus
1548 2977 1666 3056 quater
1694 2970 1819 3049 fuisset,

162 3071 332 3156 spreverit.
369 3071 415 3136 sic
431 3092 452 3136 a
466 3072 558 3138 vobis
573 3073 642 3156 reri
665 3072 818 3138 discessit
840 3074 981 3151 allectio,
1004 3079 1042 3137 ut
1063 3071 1309 3138 mendaciorum
1332 3073 1462 3139 nebulis
1487 3073 1574 3139 orbis
1598 3073 1819 3139 testimonium

159 3173 283 3259 putetis
306 3175 429 3240 involvi
451 3181 485 3240 et
506 3176 657 3242 fallaciae
680 3178 833 3263 peniculo
862 3177 991 3263 depicta
1014 3176 1117 3243 verba
1145 3176 1219 3261 plus
1241 3177 1357 3242 virium
1389 3177 1527 3242 credatis
1554 3176 1691 3256 habere,
1723 3198 1820 3263 quam

158 3277 331 3342 veritatem
360 3276 465 3343 Roma
495 3301 592 3367 quam
623 3282 766 3347 retinet?
812 3302 935 3367 ergone
967 3281 1023 3346 ille
1055 3279 1327 3366 disceptationem
1355 3281 1409 3346 vel
1438 3281 1632 3367 inportunus
1661 3280 1740 3347 adiit
1768 3275 1870 3345 vellii

159 3388 353 3468 expectatus
386 3385 532 3470 aufugit?
585 3408 708 3473 ergene
742 3387 833 3452 illam
866 3385 1107 3451 multitudinem
1139 3383 1291 3450 devotae
1312 3384 1374 3450 dec
1409 3385 1516 3472 plebis
1550 3404 1616 3448 non
1649 3405 1708 3470 pro
1743 3380 1819 3449 fidei

160 3483 330 3571 diligentia
346 3485 530 3554 Christiana
552 3491 657 3577 magis
680 3491 866 3578 expectatio
889 3512 987 3576 quam
1009 3491 1099 3554 furor
1115 3488 1286 3554 evocavit?
1326 3488 1540 3574 quisquamne
1557 3489 1599 3553 ad
1615 3487 1819 3555 inferendam

82 3613 109 3652 ιι
161 3588 351 3655 violentiam
367 3613 502 3658 currens
518 3594 668 3660 lacrimas
684 3595 821 3660 comites
838 3594 939 3660 habet
962 3593 1072 3680 etqui
1096 3591 1207 3657 studet
1230 3611 1302 3656 esse
1326 3590 1501 3672 formidini,
1524 3591 1650 3656 vultum
1672 3591 1819 3658 timentis

162 3692 326 3758 ostendit?
371 3697 545 3763 multitudo
567 3699 625 3764 illa
648 3699 758 3764 iuncta
783 3699 963 3767 sacerdotis
986 3699 1101 3764 officiis
1126 3695 1243 3761 adtulit
1272 3695 1315 3761 ad
1342 3717 1400 3761 nos
1429 3697 1587 3778 lamenta,
1616 3696 1874 3778 nonistorum

71 3819 146 3870 aas
162 3816 224 3862 nee
247 3799 338 3862 venit
359 3800 436 3865 telis
457 3801 580 3884 minax,
605 3803 664 3868 sed
685 3804 816 3870 fletibus
838 3803 1047 3882 miserabilis,
1070 3823 1137 3866 una
1159 3805 1286 3864 tantum
1308 3800 1527 3866 intentionem
1542 3806 1686 3866 vestram
1709 3806 1820 3865 osten-

162 3900 287 3968 tatione
310 3909 503 3988 graratura,
536 3906 614 3992 quia
635 3907 794 3973 uberibus
818 3907 987 3973 oculorum
1014 3903 1201 3970 fluminibus
1229 3902 1493 3985 demonstrabat,
1526 3924 1624 3990 quam
1652 3908 1741 3968 esset
1762 3923 1823 3989 per

162 4001 373 4070 acerbitatem
403 4012 548 4073 vestram
579 4009 725 4075 condicio
761 4009 901 4075 dolenda
934 4007 1073 4095 pulsati,
1108 4012 1142 4072 et
1171 4006 1205 4070 in
1236 4005 1415 4072 sobrietate
1446 4005 1625 4072 venerandi
1658 4006 1819 4071 examinis

85 4130 110 4170 ιι
163 4103 349 4174 adflictione
376 4113 509 4199 propria
539 4113 790 4180 commendabat
812 4134 908 4200 quem
931 4132 1011 4176 voce
1033 4131 1099 4176 non
1121 4115 1262 4197 poterat.
1308 4109 1366 4175 sed
1391 4109 1520 4175 habetis
1542 4109 1751 4175 manifestum
1776 4131 1819 4174 ex
1831 4111 1872 4174 63

163 4208 224 4275 hac
247 4233 282 4277 re
305 4213 361 4298 qui
383 4214 484 4281 bilem
506 4217 597 4282 furor
619 4216 791 4299 adcendat,
815 4217 892 4303 quia
913 4236 1019 4302 paene
1043 4214 1213 4279 absolutus
1237 4213 1281 4278 ad·
1301 4211 1424 4278 iudicia
1438 4213 1541 4294 venit,
1563 4234 1623 4300 pro
1645 4234 1708 4300 quo
1731 4212 1819 4277 orbis

163 4313 356 4383 inlacrimat.
392 4325 426 4385 et
441 4318 518 4384 dum
534 4319 633 4385 rebus
649 4327 842 4388 extraneam
858 4321 891 4385 in
907 4318 1111 4408 praedictum
1126 4317 1281 4384 insidiam
1297 4337 1448 4384 sermone
1465 4317 1630 4404 colligitis,
1652 4316 1821 4406 paulisper

265 4575 282 4630 3
299 4595 359 4631 eum
375 4579 435 4644 RS,
459 4597 539 4633 naum
550 4579 588 4644 Β,
613 4598 673 4633 eum
696 4579 735 4645 (in
757 4599 813 4648 sap.
833 4581 877 4633 lin.
896 4581 959 4632 add.
976 4599 1010 4633 m.
1023 4579 1048 4646 1)
1065 4579 1094 4644 V,
1117 4582 1143 4632 in
1166 4596 1226 4632 sum
1243 4576 1366 4640 crem,
1391 4594 1451 4630 sum
1473 4576 1542 4642 (sius
1563 4593 1620 4644 nep.
1638 4594 1688 4630 scr.
1705 4594 1739 4628 m.
1754 4575 1781 4642 2)
1794 4577 1819 4628 Δ

166 4679 293 4717 mmsnare
306 4665 365 4718 ePe
453 4664 469 4718 l
485 4665 632 4734 collatione]
650 4684 729 4720 conse
744 4667 749 4732 Ι
764 4669 858 4720 latione
870 4668 904 4732 B,
921 4669 956 4735 cs.
976 4666 1129 4732 CGLXIII,
1147 4669 1177 4718 13
1271 4662 1288 4715 8
1305 4664 1452 4716 abscissisb
1500 4661 1556 4731 per]
1573 4681 1619 4731 pro
1630 4662 1657 4715 Β
1662 4670 1679 4701 ⁶
1730 4665 1819 4716 liuma-

166 4767 226 4801 num
237 4750 286 4817 Bb,
303 4769 408 4804 manum
419 4753 494 4805 ceteri
511 4751 612 4818 (manus
624 4751 673 4818 A);
691 4757 724 4822 ef.
733 4771 764 4820 p.
777 4759 820 4818 64,
833 4758 849 4805 6
948 4751 965 4804 9
977 4756 1054 4821 placit
1065 4754 1091 4805 Β
1143 4751 1307 4804 didasehalici
1319 4749 1344 4800 B
1437 4746 1471 4801 10
1482 4751 1577 4817 quibus
1589 4751 1616 4802 tn
1629 4749 1821 4803 VLTGPARS

165 4835 344 4904 interpolantes
360 4855 409 4890 orn.
421 4839 447 4890 Β
551 4838 585 4891 12
601 4841 686 4892 lucem
701 4840 770 4892 VLO
785 4849 807 4892 et
820 4839 898 4893 Siras.
960 4839 1097 4893 obiectuB
1202 4835 1236 4889 13
1251 4836 1415 4905 dispicitesB
1521 4834 1555 4888 14
1571 4838 1710 4890 accusastis
1722 4836 1820 4902 Buce,

166 4925 288 4975 sconsstis
299 4924 346 4976 rel.
462 4923 494 4977 19
512 4927 656 4994 potestnsb
729 4928 858 4980 indoctilis
872 4926 914 4978 Β1
983 4928 1136 4980 detestabli·
1149 4925 1195 4976 ΒῦΙ
1307 4921 1343 4976 20
1360 4925 1450 4976 effecta
1466 4921 1547 4975 V¹cu
1616 4925 1657 4976 his
1673 4941 1722 4976 om.
1739 4923 1819 4977 Sirra.

166 5006 297 5076 locupletis
308 5009 346 5074 B,
369 5013 510 5080 locupletos
525 5012 597 5063 VLB
725 5012 759 5065 21
777 5015 933 5066 thensaurus
945 5014 970 5064 B
1099 5009 1134 5064 22
1156 5027 1281 5064 memoras
1298 5045 1375 5064 .....
1390 5011 1485 5061 inserts
1498 5009 1528 5060 in
1543 5025 1592 5076 naq.
1610 5010 1659 5077 ins.
1676 5010 1760 5077 suppl.
1774 5010 1819 5061 Bu

165 5090 198 5144 23
214 5097 372 5162 argueturB
439 5100 640 5151 conuentionum
649 5098 693 5148 Ba
796 5095 830 5150 24
842 5101 943 5152 intrarit
952 5099 1052 5166 cerebri,
1066 5099 1173 5151 intrauit
1184 5098 1290 5161 cedma,
1306 5095 1547 5148 intraueritllartcl
1649 5092 1684 5148 25
1695 5098 1819 5164 spreuitb

166 5180 232 5233 orbis
243 5180 277 5248 B,
294 5184 368 5236 urbis
384 5185 467 5249 σείει-ι’,
485 5185 571 5237 uerbis
583 5183 643 5249 AB,
659 5186 694 5252 ef.
701 5203 731 5252 p.
746 5189 790 5250 64,
804 5189 820 5236 9
839 5189 881 5249 57,
891 5187 926 5238 36
944 5189 984 5250 10,
996 5187 1030 5236 33
1153 5179 1188 5235 28
1206 5185 1253 5236 den
1272 5200 1327 5250 susp.
1343 5183 1388 5234 lin.
1401 5181 1465 5234 odd.
1477 5178 1523 5231 Β1
1650 5179 1686 5234 30
1702 5183 1784 5236 studit
1794 5183 1820 5236 Β

165 5263 197 5317 31
214 5268 300 5321 attulit
316 5268 340 5319 V
438 5268 473 5324 36
489 5273 612 5324 accendat
626 5269 651 5320 V
750 5269 784 5323 37
801 5272 934 5340 collegites
945 5268 1025 5335 BV1,
1041 5271 1168 5338 collegitis
1184 5267 1278 5322 V2LR

266 5437 301 5492 24
320 5437 424 5494 Relatio
440 5439 514 5509 episc.
526 5440 655 5510 ndrcpcm
668 5441 759 5511 (Tbid
765 5460 794 5512 p.
808 5447 883 5513 676):
909 5444 945 5500 ad
964 5460 1068 5515 papam
1086 5443 1136 5513 qni
1154 5442 1344 5514 impetebatur
1361 5441 1463 5510 quater
1481 5439 1692 5497 consacerdotes
1709 5444 1819 5496 noeros

167 5539 199 5578 ex
215 5524 337 5580 secunda
354 5525 461 5593 synodo
479 5525 642 5592 direximus,
661 5533 693 5584 ut
710 5529 747 5584 ad
765 5529 901 5584 iudicium
919 5529 1092 5593 conveniret;
1117 5528 1165 5584 sed
1183 5543 1325 5584 occurrere
1343 5542 1372 5581 se
1389 5524 1554 5581 audientiae
1573 5529 1687 5582 nonnae
1705 5527 1819 5598 penitus

167 5629 221 5667 non
248 5628 328 5682 possa
355 5614 476 5668 testatus
498 5617 547 5669 est.
576 5645 609 5654 —
636 5618 770 5687 Anonyrn.
794 5615 901 5670 Veron„-
927 5617 1029 5672 iterum
1054 5619 1083 5670 et
1106 5614 1190 5671 tertio
1212 5613 1364 5669 seeundum
1388 5612 1513 5683 regulas,
1539 5615 1572 5667 ut
1596 5612 1633 5667 ad
1657 5613 1820 5682 synodalem

167 5697 314 5752 conveniat
331 5697 514 5766 audientiam,
531 5717 580 5770 per
598 5701 741 5757 anusbtaa
758 5701 925 5756 admonmm
942 5701 1107 5772 nullumque
1125 5700 1260 5772 dignatus
1278 5702 1321 5754 ast
1339 5698 1406 5754 dare
1424 5714 1597 5769 responsum.

266 5791 404 5848 Ennomus.
1595 5791 1613 5846 8
