4538 6436
929 391 1017 446 urus
1036 391 1191 446 usuram.
1847 398 1888 460 87

229 559 320 628 dives
342 579 441 648 passa
463 563 633 632 refrenari.
676 561 856 630 festinabat
877 561 919 630 ad
941 563 1105 630 leviticam
1127 563 1321 650 dignitatem
1345 565 1562 644 conscientia,
1590 585 1888 652 quam-numquam

229 671 306 734 rota
327 673 630 754 praesumpserant:
654 663 812 751 exigebat
834 668 1040 734 conversatio
1063 667 1150 754 quod
1173 667 1337 736 desideria
1359 669 1493 754 penitus
1516 668 1725 754 ignorabant.

337 766 434 836 Circa
461 775 567 838 metas
594 776 706 838 tamen
734 769 875 856 praefati
898 769 1030 838 honoris
1053 779 1087 838 ct
1108 773 1284 840 terminum
1307 793 1408 840 unum
1431 773 1503 838 eius
1527 775 1721 861 opusculum
1744 795 1887 840 summo·
1901 774 1938 836 21

230 879 326 940 teum
349 871 432 942 libet
452 871 636 961 adtingere.
675 873 839 940 Summias
855 874 1018 940 vocitatur
1037 897 1127 961 ager,
1151 875 1206 961 qui
1222 877 1256 941 in
1272 896 1312 942 eo
1329 876 1393 943 loci
1409 876 1491 942 situs
1508 883 1570 957 cst,
1593 876 1627 942 in
1644 898 1708 963 quo
1724 883 1890 944 terrenum

164 997 177 1034 τι
228 976 410 1062 marginem
438 979 575 1062 gulosus
597 973 725 1042 Pedani
753 976 891 1062 gurgitis
921 999 1049 1044 morsus
1073 978 1202 1044 adrodit
1225 984 1259 1044 et
1281 979 1431 1046 flexuose
1454 999 1590 1066 serpens
1613 980 1731 1046 fluvius
1754 982 1892 1066 largitur

228 1081 262 1144 in
285 1079 469 1166 conpendio
493 1081 629 1148 alterius
652 1078 740 1166 quod
762 1080 890 1148 furatur
912 1081 954 1147 ab
977 1081 1093 1160 altero,
1123 1083 1284 1167 simulque
1307 1073 1344 1146 tit
1366 1083 1492 1150 lucrum
1515 1082 1644 1148 finitimi
1667 1084 1776 1150 alisna
1799 1086 1888 1150 cala-

228 1183 334 1250 mitas.
380 1183 421 1249 de
444 1183 541 1250 limus
564 1179 693 1271 praedii
714 1183 835 1250 finibus
858 1185 992 1270 antiqua
1016 1207 1089 1252 cum
1112 1186 1241 1252 clericis
1264 1185 1374 1252 Burco
1401 1186 1533 1272 quidam
1563 1187 1619 1254 lite
1643 1187 1800 1256 certabat.
1846 1187 1888 1254 ad
1901 1186 1942 1248 22

228 1284 315 1372 quod
338 1287 478 1372 iurgium
500 1285 718 1354 dirimendum
740 1287 845 1354 senile
869 1288 964 1354 nimis
988 1297 1020 1354 et
1044 1294 1296 1376 praeterquam
1328 1290 1433 1356 conici
1463 1291 1568 1376 possit
1595 1310 1754 1357 annosum
1781 1291 1888 1360 adhuc

229 1409 312 1476 puer
337 1390 399 1456 iste
429 1389 590 1477 dirigitur.
634 1391 762 1458 clectus
794 1396 846 1456 est
875 1392 979 1473 enim,
1011 1393 1067 1478 qui
1090 1399 1123 1458 et
1145 1393 1276 1460 fortiter
1297 1394 1417 1462 inlatas
1440 1395 1641 1463 intentiones
1664 1396 1834 1483 exciperet
1857 1402 1890 1462 et

153 1513 179 1554 ιο
229 1493 418 1564 mataritatc
442 1495 572 1562 consilii
594 1493 783 1562 inferendas
806 1501 1017 1584 temperaret.
1057 1495 1177 1562 adtulit
1200 1502 1310 1564 tamen
1332 1497 1418 1584 quod
1442 1499 1527 1564 solet
1550 1498 1694 1564 omnium
1718 1495 1942 1564 criminum23

228 1604 335 1664 mater
363 1597 514 1665 intentio.
565 1618 642 1664 nam
669 1617 829 1686 processu
861 1601 1020 1668 sermonis
1050 1605 1085 1670 et
1112 1599 1257 1668 scandali
1291 1601 1362 1687 ipsc
1390 1601 1513 1683 Burro,
1547 1602 1603 1689 qui
1637 1602 1781 1668 malitiae
1809 1623 1890 1670 suae

229 1701 362 1770 sordido
394 1704 637 1772 bnodnmetur
665 1703 824 1788 adsensa
856 1727 1017 1774 summum
1048 1708 1174 1774 facinus
1204 1709 1275 1774 sine
1305 1707 1415 1792 aliquo
1445 1706 1563 1772 timore
1593 1706 1766 1773 commisit.
1815 1727 1890 1771 nam

230 1813 379 1874 sanctum
403 1807 578 1875 abamita
606 1808 693 1876 fuste
722 1811 900 1896 percussit,
931 1817 968 1876 ut
990 1813 1123 1899 sanguia
1147 1814 1294 1899 protinus
1317 1811 1480 1878 ebulliret.
1525 1810 1639 1878 atille
1662 1808 1888 1896 paratissimae

229 1913 312 1980 iram
335 1913 492 2000 repressit
509 1933 570 1982 nec
586 1913 750 1982 vindictae
773 1935 832 2002 spe
855 1923 1053 2003 provocatus
1076 1916 1240 1998 efferbuit,
1264 1915 1495 2001 turbatumque
1518 1915 1628 2002 potius
1652 1920 1685 1980 et
1707 1911 1887 1980 adtonitum

153 2031 178 2072 ¹³
230 2035 456 2104 percussorem
485 2015 699 2086 blandissimo
728 2018 896 2086 deisnibat
929 2021 1041 2087 allatu.
1086 2022 1162 2086 ilico
1192 2020 1345 2086 miseram
1368 2040 1404 2084 se
1427 2019 1573 2084 clamans
1596 2024 1629 2084 ct
1651 2017 1800 2083 orbatam
1821 2016 1888 2082 lilio
1901 2013 1941 2076 24

230 2119 273 2186 ob
306 2121 516 2189 atrocitatem
549 2121 627 2190 facti
655 2121 811 2210 Oapraria
838 2123 998 2191 Bucconis
1034 2130 1139 2192 mater
1172 2123 1325 2190 occurrit.
1378 2121 1532 2190 crederes
1567 2142 1641 2187 eam
1675 2121 1761 2187 circa
1794 2121 1891 2188 funus

139 2243 162 2286 r·
176 2237 213 2278 ³⁸³
231 2224 378 2310 pignoris
401 2225 452 2290 sui
475 2225 533 2292 illa
553 2245 619 2311 qua
641 2227 774 2313 fugatur
797 2245 892 2316 omne
916 2227 1086 2292 consilium
1108 2226 1142 2290 in
1165 2245 1314 2292 carorum
1338 2223 1494 2290 mortibus
1510 2223 1744 2290 lamentatione
1765 2223 1891 2291 iactari.

230 2327 398 2396 lambebat
426 2329 567 2415 vestigia
593 2331 789 2398 sanctissimi
818 2331 945 2398 iuvenis
977 2330 1128 2398 heiulans
1158 2336 1326 2396 meteret
1355 2325 1475 2415 ‘parce'
1504 2326 1667 2394 clamabat
1698 2327 1759 2408 illi,
1793 2347 1891 2413 quem

230 2451 408 2518 numquam
429 2433 473 2500 ad
494 2433 753 2520 indignationem
776 2435 826 2502 vis
849 2435 917 2502 ulla
939 2436 1143 2522 conpulerat.
1188 2442 1222 2500 at
1253 2435 1309 2502 ille
1338 2433 1577 2522 supplicantem
1607 2432 1818 2518 prohibebat,
1849 2453 1891 2498 ne

152 2559 179 2600 so
229 2534 293 2602 sibi
314 2535 471 2604 invidiam
494 2539 639 2624 mgando
663 2541 850 2619 concitaret,
874 2559 917 2605 ne
940 2559 976 2606 se
1000 2559 1064 2604 non
1088 2544 1269 2607 merentem
1293 2537 1395 2604 delati
1411 2537 1545 2602 honoria
1561 2536 1695 2602 sarcinis
1716 2535 1889 2623 inpediret.
1930 2526 1934 2536 '

230 2639 361 2706 turbata
383 2647 435 2709 est
455 2648 593 2731 repente
624 2643 756 2722 civitas,
787 2644 931 2710 omniurn
956 2640 1215 2708 Christianorum
1237 2641 1272 2708 in
1294 2640 1438 2708 furorem
1461 2659 1576 2704 versae
1599 2645 1737 2706 mentes.
1782 2639 1890 2704 Buroo
1903 2639 1943 2702 25

229 2743 272 2810 ad
288 2745 427 2814 exitium
442 2748 640 2835 poscebatur
654 2754 689 2815 et
704 2747 739 2814 iu
756 2752 848 2814 anto
863 2746 1031 2812 homiuum
1047 2744 1255 2812 multitudine
1278 2764 1376 2810 nemo
1398 2741 1558 2830 placidus,
1580 2742 1641 2810 nisi
1663 2742 1719 2830 qui
1741 2743 1891 2808 iniuriam

229 2848 338 2916 fuerat
359 2871 489 2936 passus,
513 2851 666 2920 inventus
689 2857 752 2920 est.
792 2850 894 2918 flebat
916 2850 1071 2936 egregius
1095 2850 1244 2937 pontifex
1267 2848 1307 2915 de
1330 2846 1572 2914 intinnitatibus
1596 2848 1662 2914 suis
1685 2853 1719 2912 et
1734 2845 1892 2912 molestiis

231 2951 396 3038 gaudente
418 2953 588 3043 discipulo.
632 2977 709 3024 nam
733 2955 779 3022 ita
801 2954 1026 3022 satisfaciebat
1048 2974 1108 3040 pro
1131 2974 1186 3034 eo,
1210 2952 1264 3038 qui
1287 2950 1465 3038 putabatur
1486 2951 1648 3034 inimicus,
1677 2949 1831 3036 singulis,
1854 2955 1891 3014 ut

153 3077 178 3118 a
230 3075 292 3124 ncc
314 3057 453 3144 gloriam
474 3059 639 3146 parcendo
661 3061 823 3126 iactanter
844 3063 1022 3144 quaereret
1042 3077 1104 3124 nec
1121 3055 1317 3124 uindicando
1340 3053 1493 3124 mandata
1509 3055 1668 3124 caelestia
1683 3055 1888 3140 praeteriret.

338 3160 438 3229 Brevi
460 3155 536 3250 post
558 3163 600 3230 ad
621 3163 762 3231 diaconii
783 3167 918 3228 avectus
941 3161 1061 3226 infulas
1084 3160 1301 3228 vicensimum
1324 3179 1445 3224 anuum
1467 3158 1585 3226 aetatm
1613 3158 1775 3239 ascendit,
1805 3157 1889 3224 facie
1903 3157 1944 3220 26

230 3263 370 3330 necdum
398 3265 484 3333 benc
512 3267 659 3334 barbata.
711 3267 906 3336 turbabatur
935 3266 1083 3352 suscepti
1114 3265 1246 3334 honoris
1277 3262 1425 3330 tirocinio
1453 3263 1568 3343 homo,
1601 3263 1656 3348 qui
1682 3264 1746 3330 iam
1772 3263 1888 3327 dacem

231 3372 361 3452 poterat
383 3369 519 3457 implere
542 3371 774 3438 Christianum.
820 3370 1024 3457 singulorum
1047 3391 1106 3456 pro
1129 3368 1253 3456 pudore
1275 3365 1466 3434 declinabat
1493 3373 1661 3453 aspectus,
1692 3387 1790 3452 quem
1817 3364 1889 3432 uui-

231 3489 326 3536 versa
353 3473 468 3540 civitas
499 3476 591 3560 quasi
620 3476 733 3544 salutis
761 3477 890 3564 signum
920 3474 1052 3562 aliquod
1085 3472 1296 3541 adtendebat.
1341 3470 1469 3540 interea
1494 3493 1595 3558 supra
1624 3471 1728 3538 dictus
1752 3467 1943 3536 consterit

156 3595 183 3636 so
234 3597 364 3644 omem
387 3581 632 3650 seetesimmee
655 3583 911 3650 conversationis
933 3581 1150 3648 substantiam
1173 3585 1207 3644 et
1229 3577 1360 3643 divitias
1390 3595 1572 3662 pauperum
1600 3579 1731 3642 ‘suorum
1758 3575 1791 3640 in
1821 3574 1891 3644 cius

232 3686 396 3766 potestate
427 3686 600 3754 committit
626 3688 740 3754 rolens
769 3693 846 3754 ante
878 3686 1106 3773 episcopatum
1138 3701 1356 3769 cognoscere,
1386 3681 1517 3766 qualem
1543 3680 1660 3746 futuris
1688 3679 1891 3765 temporibus

232 3795 445 3872 praepararet
467 3789 669 3878 episcopum.
712 3797 844 3858 etcum
867 3791 924 3856 rix
947 3790 999 3868 sit,
1023 3795 1060 3855 ut
1082 3787 1124 3854 ab
1148 3808 1261 3854 eorum
1284 3785 1443 3872 personis,
1472 3783 1513 3850 de
1536 3784 1652 3868 quibus
1675 3782 1890 3849 successionis

142 3924 163 3966 a
177 3915 217 3957 asc
236 3889 355 3956 aeritur
376 3894 674 3982 quantulacumque
696 3895 848 3982 suspicio,
873 3893 996 3960 invidia
1018 3899 1230 3980 temperetur,
1253 3891 1287 3956 in
1302 3891 1397 3956 iatius
1414 3889 1521 3974 gratia
1537 3888 1598 3954 sibi
1614 3887 1771 3954 credebat
1786 3888 1891 3976 perire

234 3999 366 4060 sanctus
383 4002 479 4082 pater
492 3997 652 4085 quidquid
673 3999 782 4066 minus
806 4000 921 4066 suamc
945 3998 1143 4064 exhibitum:
1168 3995 1330 4082 quaedam
1353 3995 1385 4058 in
1408 3993 1463 4058 illo
1488 4013 1558 4072 sua,
1581 3991 1743 4078 quaedam
1758 3991 1893 4058 volebat

155 4119 181 4158 ss
234 4116 309 4162 asae
332 4099 467 4168 maiora
503 4107 539 4168 at
561 4104 624 4169 iate
647 4102 834 4170 cottidianis
856 4102 1056 4190 profectibus
1080 4102 1177 4166 edam
1201 4097 1405 4185 cupidissimi
1426 4097 1459 4162 in
1481 4095 1628 4163 oratione
1642 4097 1798 4182 genitoris
1814 4101 1891 4160 vota
1902 4091 1944 4156 28

234 4201 490 4271 transcenderat
529 4208 704 4273 eratenim
726 4206 866 4292 genitor,
890 4205 982 4272 cuius
1003 4225 1082 4272 eum
1104 4225 1164 4289 per
1185 4201 1394 4288 evangelium
1416 4205 1609 4286 conceptum
1626 4199 1717 4266 verbi
1740 4199 1893 4266 caelestis

236 4304 361 4374 semine
383 4307 453 4374 feta
475 4310 568 4376 drus
590 4311 762 4378 affuderat.
801 4331 878 4376 nam
902 4309 942 4377 de
967 4307 1125 4396 pudicitia
1145 4307 1272 4374 iuvenis
1287 4307 1351 4373 mei
1367 4304 1444 4390 quid
1459 4305 1594 4390 loquar?
1631 4305 1745 4390 inquo
1761 4302 1891 4370 domum

236 4405 299 4474 sibi
320 4415 482 4478 statuerat
504 4414 636 4480 motas
659 4420 693 4482 ct
715 4413 918 4480 coutinentia
940 4411 1067 4478 radices
1089 4412 1207 4476 fixerat
1235 4410 1269 4474 in
1297 4408 1504 4495 profundum.
1547 4408 1651 4474 uirum
1675 4429 1711 4472 ee
1734 4428 1807 4473 esse
1830 4408 1892 4474 nisi
1905 4402 1947 4464 29

237 4531 295 4596 per
310 4513 503 4601 pabantiam
519 4517 641 4585 laboris
655 4520 844 4605 ignorabam
869 4540 1002 4585 carnem
1019 4517 1154 4596 habere,
1171 4515 1232 4584 nisi
1249 4535 1322 4581 cum
1336 4514 1528 4580 moriturum
1545 4535 1581 4580 se
1597 4533 1670 4578 csse
1686 4512 1891 4595 meminerat,

236 4616 417 4684 nmciabat.
463 4621 619 4706 quotiens
652 4628 764 4690 tamen
793 4625 884 4692 illurn
914 4642 1089 4710 corporeus
1116 4619 1294 4706 adpetitus,
1330 4618 1414 4684 sicut
1440 4616 1482 4683 ab
1509 4616 1581 4702 ipso
1608 4614 1722 4696 didici,
1756 4615 1892 4682 ludebat

236 4717 432 4806 imaginibus
458 4725 674 4810 somniorum
704 4728 779 4795 ilico
802 4727 844 4794 ad
866 4727 997 4813 vigilias
1026 4731 1174 4804 sanam,
1204 4721 1394 4790 continuata
1416 4719 1552 4800 ieiunia,
1581 4717 1689 4786 standi
1707 4718 1891 4788 diutissime

236 4894 372 4904 ——-—...
388 4899 439 4906 ἡ,
454 4901 646 4910 ,μὴ-ῃ

338 5030 356 5082 2
374 5043 580 5101 praesumserant
594 5037 618 5088 V
683 5040 822 5108 exigebant
833 5039 859 5090 B
967 5033 986 5086 4
1002 5036 1128 5102 attingere
1139 5034 1165 5084 V
1227 5050 1339 5085 summas
1355 5050 1411 5100 cap.
1424 5033 1469 5084 lin.
1482 5033 1491 5084 i
1503 5050 1573 5083 mcc.
1586 5037 1599 5082 1
1612 5031 1637 5083 Β
1703 5038 1836 5084 nocctatur
1847 5030 1893 5081 Ba

235 5115 486 5182 louaaloeoat
610 5122 786 5180 badradatB
908 5119 1068 5188 teuJaB
1188 5117 1304 5174 annm
1325 5116 1891 5186 amalmnihilsmicutamucamp,

235 5203 378 5268 «ΗΜ
480 5205 787 5276 anamma-saa.
849 5208 1020 5277 nemra
1118 5205 1294 5260 rancura
1392 5201 1567 5271 rant-sa
1671 5201 1896 5256 renarrant

241 5286 274 5341 lb
290 5289 419 5346 aaran
435 5296 534 5364 scripsi,
550 5298 680 5354 ddinabat
691 5299 725 5364 B,
739 5299 867 5352 delinibat
883 5296 959 5350 mart
1073 5292 1105 5345 16
1123 5289 1193 5358 saud]
1212 5293 1271 5346 fasti
1282 5291 1327 5348 ΒΦΙ
1397 5291 1507 5346 credaris
1519 5290 1546 5342 B
1659 5288 1691 5342 18
1708 5291 1829 5346 {mdabat
1843 5287 1894 5354 Bl,

237 5373 413 5430 lna-mat
499 5380 794 5451 ibadam.B‚inscrt
847 5379 963 5450 n]adB
1048 5377 1283 5433 mensuralis
1368 5375 1582 5434 fflcxatiuth
1666 5373 1894 5445 ttdampnlrssc

237 5459 622 5536 abnndantaatatala
743 5467 993 5524 fiiuicu'munl'
1109 5464 1272 5518 ttbsrbaa
1293 5462 1534 5518 affirmamur.
1655 5460 1896 5520 Wattsndcbatl’

237 5549 342 5602 ΝΜ·
358 5549 385 5600 Β
521 5551 558 5608 ii)
572 5559 745 5612 desuadeas
760 5558 786 5612 B
922 5554 956 5608 31
979 5555 1115 5608 comndta‘t
1131 5553 1221 5618 Tora,
1242 5553 1408 5608 committitur
1423 5551 1500 5604 BVL
1638 5548 1673 5602 32
1690 5551 1858 5604 nomionis
1873 5549 1898 5600 V

236 5630 272 5686 3³
287 5635 481 5704 fficiosst't
602 5641 636 5698 ss
650 5645 776 5712 ¹quaequac
791 5645 816 5696 r
883 5644 976 5698 nam
990 5640 1170 5696 memsam
1291 5636 1326 5690 35
1343 5639 1478 5694 maana
1493 5637 1518 5688 ν
1631 5635 1666 5690 ae
1684 5636 1894 5692 messena

238 5715 271 5773 37
289 5719 360 5792 nam]
377 5723 501 5796 iamsort.
562 5725 604 5800 ds]
622 5730 649 5781 di
661 5730 706 5785 B⁶
803 5728 837 5786 39
854 5729 950 5784 laboris
967 5727 1114 5794 patientiam
1129 5725 1187 5780 01³⁶
1287 5721 1322 5776 40
1338 5726 1467 5794 appetitus
1484 5723 1510 5774 V
1608 5720 1641 5774 41
1660 5724 1729 5776 illico
1741 5723 1786 5778 Β(1
1802 5732 1831 5776 at
1841 5722 1892 5782 uisi
