4596 6450
870 489 977 543 ccxix
997 488 1117 556 (EPIST.
1138 490 1162 550 5.
1181 488 1216 556 7).
1235 487 1329 542 CCXX
1348 487 1451 556 (olor.
1468 489 1522 546 251.

1065 694 1327 761 EPITAFIVM.

736 833 790 898 Nil
814 854 915 899 sexus
937 854 998 898 nec
1020 833 1117 898 busta
1139 839 1269 914 nocent,
1293 834 1337 897 nil
1361 833 1417 898 fila
1439 853 1587 898 sororum

783 938 917 1016 Vltima,
940 937 1049 1001 fallaci
1074 938 1193 1023 pollice
1217 958 1300 1023 quae
1325 943 1471 1002 tenuant.

737 1041 843 1106 Mixta
866 1040 928 1106 deo
951 1042 1068 1106 mulier
1091 1042 1170 1104 vivit
1192 1047 1267 1126 post
1290 1041 1405 1106 lunera
1426 1039 1533 1119 lactis,

785 1146 935 1219 Mascula
957 1146 1100 1211 feminco
1123 1145 1253 1210 tramite
1277 1152 1373 1230 gesta
1395 1145 1516 1209 ferens.

739 1250 881 1336 Sanguis
905 1249 1008 1314 honor
1030 1248 1147 1335 genius
1169 1249 1317 1335 probitas
1341 1248 1528 1312 constantia
1550 1247 1659 1312 vultus

785 1354 944 1419 Viccrunt
966 1354 1066 1417 tantis
1090 1353 1227 1418 exitium
1250 1352 1377 1436 pretiis.

740 1458 886 1523 Moribus
910 1458 1056 1522 adseruit
1078 1477 1270 1542 magnorum
1296 1461 1434 1520 stemma
1458 1459 1640 1540 parentum,

784 1561 946 1626 Indicium
968 1562 1101 1645 generis
1124 1582 1218 1625 mens
1243 1560 1294 1624 eui
1318 1559 1406 1622 clara
1427 1558 1499 1622 init.

740 1665 885 1730 Instituit
908 1671 1003 1728 natos
1028 1666 1127 1730 vitam
1151 1685 1283 1729 servare
1307 1683 1469 1737 serenam,

786 1769 873 1832 Dum
896 1768 994 1833 docet
1017 1768 1176 1853 exemplis
1200 1787 1330 1852 semper
1352 1785 1463 1829 amare
1485 1764 1594 1829 deum.

1042 2057 1164 2126 ccxx
1186 2061 1279 2141 (ster.
1296 2058 1362 2143 as).
1439 2006 1443 2014 ⁴

520 2255 684 2329 VERBA
711 2255 931 2328 THETIDIS
959 2255 1057 2327 CVM
1084 2253 1329 2328 ACHILLEM
1355 2250 1564 2324 VIDERET
1590 2250 1881 2326 EXTINCTVM.

331 2417 359 2475 '¹
487 2403 683 2518 Intercepta
706 2438 756 2498 est
779 2433 834 2519 pio
858 2435 1009 2518 quaesita
1032 2434 1122 2498 fraus
1138 2441 1287 2498 materna
1304 2431 1451 2496 consilio.
1490 2430 1686 2494 invenerunt
1704 2430 1865 2494 Achillem
1882 2437 2030 2497 nostrum

374 2534 442 2598 lata
465 2539 499 2598 et
521 2534 562 2598 ab
592 2535 658 2598 alia
686 2542 802 2599 natura
833 2535 1038 2623 subreptum,
1070 2558 1132 2600 ncc
1162 2535 1285 2621 proluit
1313 2534 1400 2620 quod
1431 2553 1562 2613 sexum,
1595 2553 1692 2619 quem
1716 2533 1746 2598 ei
1769 2533 1860 2618 origo
1884 2533 2030 2616 dederat,

375 2638 496 2702 astutia
519 2640 726 2702 conmutavit.
765 2639 919 2705 laminam
943 2640 1156 2704 diuturnitate
1180 2660 1246 2703 non
1269 2637 1382 2702 didicit
1405 2644 1438 2702 et
1460 2637 1521 2700 viri
1544 2635 1634 2700 fortis
1657 2636 1800 2701 animum
1823 2639 1928 2702 mollis
1952 2659 2029 2702 con·
2085 2677 2109 2714 μ,

377 2739 515 2805 suetudo
544 2742 696 2806 servavit.
742 2743 814 2829 quis
843 2743 956 2808 credat
983 2743 1184 2808 inefficacem
1214 2743 1317 2808 fuisse
1345 2741 1576 2828 provisionem,
1609 2760 1707 2826 quam
1730 2747 1763 2806 ct
1785 2740 1849 2806 dea
1871 2749 1905 2806 et
1928 2749 2033 2807 mater

345 2844 520 2909 liuvenit?
565 2865 628 2909 non
657 2852 706 2910 est
737 2848 917 2934 praemium
947 2848 1179 2926 inmortalitas,
1211 2867 1308 2932 quam
1331 2865 1391 2910 nec
1415 2843 1567 2930 genetrix
1590 2844 1781 2908 transmittit
1804 2844 1845 2908 ad
1869 2845 2031 2922 subolem,

376 2967 438 3012 nec
460 2967 520 3032 per
543 2968 625 3027 eam,
649 2949 736 3033 quod
759 2950 861 3014 filium
879 2951 1009 3015 casibus
1025 2951 1161 3030 iuretur,
1185 2950 1335 3014 occurrit.
1374 2954 1411 3012 ut
1426 2968 1603 3033 numquam
1619 2945 1785 3012 doloribus
1803 2947 2033 3026 subducamur,

377 3052 510 3115 numina
541 3073 660 3116 sumus.
706 3073 790 3137 quae
820 3061 871 3118 est
898 3056 962 3120 ista
990 3052 1151 3134 condicio,
1183 3053 1312 3140 quando
1340 3052 1381 3117 de
1410 3050 1635 3136 penetralibus
1657 3051 1817 3115 viscerum
1848 3057 2034 3117 nostrorum

346 3153 464 3240 3quod
493 3157 559 3220 leto
591 3156 711 3221 serviat
744 3157 959 3222 exhibemus?
1005 3158 1198 3222 caelicolum
1228 3157 1407 3243 potentiam
1438 3161 1494 3218 aut
1520 3154 1635 3218 liceret
1665 3156 1850 3240 posteritati
1882 3155 2031 3221 conferre
2086 3193 2113 3231 20

377 3257 463 3343 quod
494 3259 655 3344 possidet,
686 3267 742 3324 aut
771 3261 854 3324 caris
886 3260 1122 3326 decedentibus
1150 3282 1208 3346 pro
1233 3258 1477 3324 lamentationis
1508 3259 1647 3322 termino
1672 3257 1805 3323 daretur
1827 3259 2033 3324 occumbere.

378 3360 549 3425 inferiores
572 3362 758 3428 hominibus
782 3385 892 3428 sumus
915 3365 1031 3449 quibus
1055 3365 1179 3428 similos
1201 3364 1355 3449 parimus,
1384 3363 1418 3425 in
1440 3363 1503 3426 hoc
1526 3360 1670 3426 deterius
1692 3361 1869 3426 Parcarum
1894 3362 2033 3428 ludibrio

346 3464 603 3546 4snbiacentes,
632 3468 708 3552 quia
731 3469 895 3532 nescimus
919 3469 1021 3533 exitia
1044 3468 1237 3554 pignoribus
1261 3466 1438 3551 obligatae.
1484 3485 1674 3550 superorum
1697 3466 1854 3546 maxime,
1878 3473 1935 3530 aut
1958 3488 2032 3553 pro-

376 3567 501 3652 sapiem
525 3575 667 3633 nostram
692 3571 816 3635 subduc
840 3571 982 3636 fortuitis
1007 3577 1063 3634 aut
1086 3593 1143 3635 nos
1167 3592 1224 3656 pro
1249 3569 1401 3634 beneficii
1426 3568 1609 3632 conlatione
1633 3570 1808 3634 summitte.
1855 3571 1951 3633 liceat
1974 3590 2034 3656 pro

377 3689 468 3748 caro,
499 3670 526 3734 si
554 3691 619 3735 non
642 3672 802 3736 vincimus
830 3673 1011 3752 interitum,
1042 3672 1095 3738 vel
1126 3672 1246 3737 subire.
1292 3676 1357 3734 stat
1387 3677 1463 3735 ante
1494 3671 1606 3735 oculos
1629 3692 1720 3736 meos
1744 3673 1883 3744 orbitas,
1914 3673 2034 3738 idcirco
2088 3717 2113 3755 25

377 3769 531 3851 deterior,
555 3775 631 3858 quia
653 3775 743 3839 illam
765 3796 823 3860 pro
847 3777 1051 3840 aeternitatis
1075 3796 1168 3840 meae
1193 3774 1393 3838 sublimitate
1417 3775 1591 3859 praescivi.
1629 3775 1841 3858 olugendam
1865 3777 2033 3840 numinum

376 3874 582 3959 felicitatem,
617 3901 691 3945 cum
727 3880 806 3945 illud
840 3880 924 3966 quod
957 3880 997 3944 de
1028 3880 1174 3945 adversis
1207 3879 1349 3964 ignorari
1379 3899 1442 3942 non
1473 3879 1564 3958 licet,
1599 3899 1663 3942 non
1696 3877 1837 3942 donatur
1869 3884 2034 3944 avertere!

346 3978 531 4046 5recordor
553 3983 721 4067 praeteriti
746 3983 999 4048 sollicitudinem
1023 3984 1179 4070 temporis
1204 3989 1237 4048 et
1260 4004 1354 4047 curas
1377 4003 1479 4058 meas,
1503 3981 1619 4067 quibus
1642 3981 1839 4067 nequiquam
1855 3983 2035 4067 invigilavi,

379 4083 577 4148 reminiscor.
615 4086 692 4171 quid
716 4087 837 4173 proluit
853 4086 988 4172 Stygiae
1012 4087 1140 4174 paludis
1163 4087 1286 4152 auxilio
1310 4087 1377 4152 nati
1400 4105 1520 4171 corpus
1544 4091 1715 4170 armatum,
1739 4085 1815 4149 dum
1834 4085 1924 4164 illud,
1949 4086 2036 4171 quod

378 4187 514 4251 anobis
539 4209 669 4254 sumere
693 4189 815 4270 debuit,
840 4210 1073 4276 quaereremus
1097 4211 1117 4255 a
1140 4191 1287 4275 gurgite?
1324 4191 1357 4253 in
1380 4187 1536 4254 membris
1559 4187 1659 4273 prolis
1683 4193 1831 4268 nostrae,
1851 4209 1948 4274 quam
1972 4188 2036 4254 dea
2089 4257 2095 4270 ,

376 4291 497 4372 tenuit,
529 4292 621 4355 locus
651 4299 702 4356 est
726 4294 881 4359 vulneris.
926 4316 984 4359 cur
1014 4315 1079 4358 non
1106 4294 1287 4358 laxioribus
1317 4291 1428 4377 digitis
1451 4291 1585 4378 lympha
1609 4313 1644 4354 se
1668 4291 1812 4370 miscuit,
1842 4299 1879 4356 ut
1902 4313 1944 4355 ex
1967 4299 2035 4356 toto

347 4391 366 4450 6
381 4395 576 4458 exclusisset
591 4396 675 4459 ictus
692 4397 820 4482 superis
836 4395 924 4460 unda
940 4397 1129 4461 sublimior?
1167 4397 1243 4482 quid
1260 4398 1358 4461 etiam
1376 4396 1458 4460 iuvit
1474 4393 1625 4459 Chironis
1642 4393 1784 4479 elegisse
1800 4397 2036 4480 magisterium,

382 4497 439 4582 qui
463 4498 591 4562 aetatis
607 4500 765 4564 lubricum
789 4499 937 4566 doctrina
953 4501 1127 4565 solidaret?
1165 4500 1262 4565 credo
1279 4499 1416 4563 diversis
1432 4499 1672 4563 institutionum
1691 4498 1838 4580 callibus,
1861 4507 1897 4563 ut
1912 4500 2037 4564 bellum

380 4599 447 4665 filio
478 4601 638 4687 placeret,
676 4603 868 4668 invenimus.
920 4602 1007 4690 apud
1038 4605 1230 4676 monitorem
1264 4605 1472 4669 fortissimum
1505 4608 1613 4668 actum
1645 4609 1710 4680 est,
1745 4611 1782 4667 ut
1812 4605 1914 4684 vires,
1951 4625 2037 4689 quae

380 4704 612 4789 sequebantur,
637 4707 773 4770 consilia
796 4728 860 4770 non
884 4706 1056 4772 haberent.
1095 4709 1167 4794 quis
1183 4707 1384 4772 miscendum
1399 4707 1593 4771 feminarum
1609 4706 1746 4771 latebris
1762 4708 1867 4771 virum
1885 4728 2037 4792 saporem

380 4808 460 4872 velit
486 4806 617 4872 haurire
646 4811 833 4874 certaminis
860 4815 893 4874 et
920 4811 995 4876 inde
1024 4812 1195 4899 provideat
1223 4812 1366 4898 pignori,
1395 4811 1482 4876 unde
1512 4810 1590 4875 facit
1618 4811 1724 4896 perire
1754 4810 1839 4897 quod
1862 4811 2036 4896 providet?

485 5083 499 5136 1
523 5087 664 5152 epytafium
680 5087 717 5150 B,
735 5088 892 5155 epitaphium
908 5088 932 5138 V
1066 5086 1083 5138 4
1105 5088 1175 5140 mixa
1187 5086 1229 5138 Bt
1366 5086 1384 5137 5
1405 5087 1515 5138 feminae
1537 5088 1653 5140 atramite
1666 5087 1691 5138 B
1829 5089 1847 5140 8
1868 5091 1971 5143 stimma
1989 5089 2040 5155 13¹,

381 5178 461 5222 stema
476 5169 501 5221 V
599 5172 616 5224 9
635 5171 688 5240 cui]
707 5181 753 5225 tua
766 5171 846 5225 0P2c
953 5173 986 5225 10
1003 5171 1085 5238 natos]
1102 5180 1187 5226 tantos
1200 5173 1224 5224 Β
1241 5172 1287 5240 (cf.
1302 5172 1502 5224 C'COXXXIII
1513 5171 1540 5236 8)

487 5273 599 5343 [CCXX]
638 5275 670 5326 12
685 5277 770 5328 tatidis
785 5275 810 5326 Β
879 5277 980 5329 acillem
994 5275 1019 5326 B
1130 5274 1163 5327 13
1180 5276 1320 5329 acillamB
1431 5275 1464 5328 15
1480 5277 1659 5331 consetudoB
1764 5278 1797 5332 16
1815 5282 1999 5334 ivr-efficacem
2014 5281 2040 5332 Β

382 5381 478 5431 squam
491 5363 517 5415 Β
622 5361 653 5414 17
671 5365 786 5414 sobulem
799 5361 833 5426 B,
849 5364 963 5416 sobolem
980 5363 1004 5412 V
1110 5360 1142 5412 18
1159 5371 1276 5416 occurret
1287 5362 1313 5413 B
1425 5363 1458 5415 19
1475 5366 1526 5416 ista
1543 5381 1598 5432 stup.
1612 5366 1658 5416 lio.
1670 5365 1697 5416 B
1805 5364 2041 5440 moricoliensis

381 5450 442 5500 licet
463 5457 489 5501 et
510 5451 652 5517 posteritati
665 5450 691 5500 B
811 5446 843 5500 21
863 5449 1045 5502 decedentibus
1061 5448 1090 5512 Τ,
1112 5449 1288 5501 decidentibus
1301 5448 1431 5514 BVLGP,
1454 5452 1654 5503 decendentibus
1673 5451 1751 5503 siim.
1874 5451 1909 5504 22
1927 5457 2041 5521 parimus

383 5536 483 5601 scripsi,
500 5553 617 5602 paremus
630 5537 690 5587 libri
775 5534 809 5586 23
827 5537 977 5588 subiacente
988 5535 1014 5586 Β
1065 5535 1194 5587 nescimus
1207 5533 1294 5601 exitia]
1307 5537 1324 5586 ι’.
1336 5554 1357 5588 c.
1370 5554 1422 5588 non
1439 5539 1569 5604 morimur,
1587 5555 1623 5589 aa
1635 5555 1687 5589 non
1700 5539 1829 5590 nescimus
1843 5539 1875 5604 (c.
1888 5541 1930 5603 27)
1944 5542 2041 5592 exitia?

382 5620 495 5687 obligata
512 5622 601 5671 aialim
739 5619 772 5673 24
796 5621 896 5673 subduc
908 5621 942 5686 B,
964 5622 1057 5674 subtus
1073 5619 1212 5684 vomer,
1235 5623 1323 5675 subter
1340 5625 1388 5675 hec
1405 5623 1445 5674 Τ2
1553 5627 1698 5678 summittes
1711 5625 1743 5690 Β,
1765 5628 1890 5678 summitti
1906 5626 2044 5678 VLT¹0P

382 5705 417 5759 26
434 5707 574 5774 lugendam
592 5708 618 5774 (a
634 5709 712 5774 corr.)
725 5708 751 5760 Β
884 5707 917 5760 31
936 5710 1054 5776 lymphas
1071 5725 1098 5760 sc
1117 5709 1219 5760 miscuit
1230 5709 1307 5760 BVL
1440 5710 1474 5763 32
1493 5715 1560 5764 iuuit
1574 5713 1662 5777 Siras,
1684 5713 1756 5764 iubet
1773 5713 1880 5776 codices,
1902 5714 1976 5764 iuuat
1993 5712 2042 5777 TV,

382 5795 456 5845 iuuet
468 5793 556 5845 Schott
624 5795 745 5860 chyronir
763 5795 787 5843 V
887 5794 921 5846 34
939 5797 1093 5847 munitorcm
1107 5795 1132 5845 Β
1236 5795 1270 5846 36
1288 5799 1351 5848 velit
1368 5799 1467 5866 scripsi,
1485 5799 1563 5851 uellet
1579 5800 1640 5850 libri
