4612 6442
885 399 1179 476 nivernens).
1833 416 1872 482 19

215 574 406 656 acrimine,
437 575 470 640 in
494 576 695 642 holocaustis
718 577 865 664 mysticis
889 598 955 643 nou
977 578 1100 645 habere
1124 581 1211 666 quod
1235 582 1365 665 offeras,
1389 583 1436 648 ita
1457 583 1556 670 digna
1578 585 1708 672 piaculo
1731 609 1785 654 res
1809 595 1871 671 est,

216 677 382 746 offerenda
412 680 617 747 subtrahere.
662 683 758 770 parili
788 703 929 768 namque
958 683 1081 749 iudicio
1109 685 1293 752 censendus
1317 694 1369 752 est
1391 693 1426 752 et
1448 689 1503 773 qui
1528 710 1705 774 numquam
1728 691 1873 777 loquitur

216 809 274 873 per
296 792 446 850 naturam
470 792 503 850 et
526 785 582 870 qui
606 786 693 871 quod
715 787 859 872 loquitur
881 808 947 852 non
971 787 1078 853 reddit
1100 791 1237 855 auctori.
1282 790 1414 872 idcirco,
1438 791 1580 873 domine,
1604 794 1757 880 stupendi
1773 795 1869 861 huius

216 885 328 978 opifex
359 889 529 970 elementi,
562 890 703 975 aliquam
727 889 787 954 tibi
810 911 830 953 a
852 889 948 954 nobis
971 889 1065 955 reddi
1089 893 1253 958 credimus
1275 894 1392 958 humili
1416 895 1640 962 satisfactione
1665 899 1869 983 particulam,

215 993 300 1080 quod
323 999 427 1058 totum
452 993 681 1078 cognoscimus
705 1013 765 1057 nos
788 992 921 1059 debere.
960 993 1032 1078 quis
1056 995 1142 1059 enim
1166 995 1249 1061 alius
1272 1004 1405 1084 praeter
1426 1004 1460 1063 te
1483 998 1595 1064 mundi
1618 999 1776 1066 fabricam
1791 1003 1899 1088 per-3

213 1096 388 1184 pendiculo
405 1098 598 1183 repentinae
614 1097 769 1161 iussionis
786 1103 936 1162 exactam
951 1097 1052 1162 bifida
1067 1100 1263 1166 auctoritate
1278 1101 1438 1184 solidavit,
1457 1124 1531 1168 cum
1546 1103 1687 1190 primum
1700 1106 1870 1192 praecepti

213 1204 259 1266 tui
281 1202 440 1266 miraculo
469 1207 556 1265 terra
586 1201 815 1285 coagularetur
836 1202 871 1265 in
893 1203 1032 1287 pelagus
1056 1209 1089 1267 et
1111 1202 1262 1270 deductis
1285 1204 1404 1271 deinde
1426 1227 1584 1292 aquarum
1607 1209 1869 1296 inpressionibus

212 1307 269 1371 illa
291 1305 451 1389 naufraga
473 1311 549 1391 post
571 1306 699 1370 sitiret?
745 1307 838 1370 cuius
862 1307 962 1371 etiam
985 1307 1048 1372 nisi
1072 1314 1149 1372 tuae
1172 1309 1413 1395 investigabilis
1436 1310 1506 1375 fotu
1530 1312 1685 1379 iussionis
1715 1321 1870 1402 suscepta

212 1410 361 1496 germina
383 1409 591 1473 nutriuntur?
637 1409 691 1494 qui
714 1411 857 1474 calorem
887 1411 993 1497 gignit
1019 1411 1151 1492 infusis,
1184 1413 1239 1498 qui
1267 1433 1415 1479 umorem
1443 1415 1545 1480 stillat
1574 1416 1766 1483 arentibus?
1812 1418 1899 1504 quil

213 1514 278 1579 nisi
300 1513 381 1577 dens
402 1518 517 1577 noster
539 1512 696 1577 succidua
718 1512 825 1598 iungit
852 1515 1055 1602 temporibus
1083 1521 1248 1602 tempora,
1280 1537 1417 1601 quonum
1439 1523 1548 1583 terrae
1571 1518 1659 1584 fetus
1683 1541 1769 1586 nunc
1790 1522 1868 1606 igne

212 1618 406 1698 fervescant,
432 1637 519 1680 nnnc
543 1616 648 1700 glacie
672 1621 907 1703 temperentur,
930 1639 1016 1684 nunc
1039 1624 1154 1705 teporo
1178 1620 1371 1700 animentur,
1395 1639 1481 1686 nunc
1502 1621 1616 1688 bibulo
1640 1623 1767 1708 liquore
1791 1644 1868 1689 conÎ‡

211 1727 367 1808 surgant?
412 1721 485 1806 quis
508 1719 590 1785 haec
614 1721 724 1785 omnia
747 1722 881 1786 etfacit
904 1744 947 1787 ex
970 1722 1073 1787 nihilo
1097 1729 1131 1787 et
1153 1743 1214 1808 per
1244 1723 1326 1788 lucis
1354 1724 1486 1788 ianuam
1509 1745 1529 1788 a
1551 1730 1732 1811 perpetuae
1760 1727 1867 1792 noctis

209 1825 303 1890 furva
334 1824 497 1890 densitate
530 1823 705 1888 discrevit?
750 1824 894 1910 fecitque
926 1826 1116 1911 perenniter
1147 1824 1312 1890 laudanda
1346 1825 1563 1913 dispositione
1592 1828 1760 1914 piissimus
1793 1835 1869 1916 post

208 1930 291 1994 lucis
315 1928 499 1994 claritatem
521 1948 587 1992 non
609 1928 737 1993 horreri
761 1929 916 1994 tenebras
940 1935 1146 1994 revertentes
1169 1950 1228 2016 per
1251 1928 1377 1995 dierum
1401 1929 1485 1996 dies.
1529 1931 1602 2016 quis
1618 1937 1651 1997 te
1667 1933 1722 1997 rel
1744 1932 1896 2018 dignust

209 2039 266 2097 aut
292 2031 453 2097 facundus
484 2031 634 2097 laudator
663 2033 841 2118 eloquitur,
875 2033 967 2099 cuius
998 2034 1175 2098 terminata
1203 2032 1390 2099 distributio
1422 2033 1611 2099 succedenti
1640 2036 1802 2101 uarietate
1832 2036 1869 2102 fit

207 2139 344 2222 gratior,
375 2158 439 2223 quo
466 2136 601 2202 iubente
633 2136 758 2201 dulcior
786 2138 846 2201 lux
877 2144 945 2220 cst,
977 2138 1063 2224 quod
1090 2137 1265 2223 aliquando
1294 2137 1429 2217 desinit,
1462 2158 1559 2224 quam
1587 2139 1615 2202 si
1645 2138 1766 2223 ingiter
1792 2161 1868 2226 per-

207 2246 379 2304 maneret?
439 2261 516 2306 ecce
554 2241 611 2305 illa
648 2261 732 2322 nox,
778 2262 862 2327 quae
902 2242 1058 2306 mundum
1094 2242 1254 2307 hactenus
1291 2242 1368 2328 iugo
1407 2241 1655 2308 crudelissimae
1693 2241 1868 2308 deditionis

208 2351 434 2431 oppresserat,
467 2346 607 2432 populos
636 2345 820 2410 anexibus
849 2345 1013 2411 violentae
1045 2346 1246 2411 condicionis
1273 2345 1415 2410 absolvit
1443 2351 1476 2410 et
1504 2344 1541 2410 fit
1571 2346 1734 2410 libertatis
1766 2346 1865 2410 altrix

207 2467 290 2531 quac
313 2454 419 2512 mater
441 2448 548 2513 fuerat
571 2449 747 2514 servitutis.
791 2449 824 2513 iu
839 2449 935 2515 huius
957 2451 1028 2531 tibi,
1052 2450 1191 2534 domine,
1216 2450 1443 2515 sanctissimae
1467 2450 1572 2515 noctis
1595 2449 1776 2514 ministerio
1800 2446 1895 2514 hocti

210 2572 341 2617 cereum
364 2553 476 2617 lumen
499 2552 684 2635 offerimus,
714 2575 774 2640 per
796 2554 883 2639 quod
912 2556 1016 2640 caligo
1040 2560 1172 2620 uetusta
1193 2555 1350 2641 pellatur,
1380 2553 1501 2638 inquo
1525 2552 1655 2637 species
1678 2551 1763 2616 trino
1788 2574 1866 2617 con-

206 2655 381 2740 paginatae
412 2657 577 2721 consortio
611 2658 779 2723 societatis
810 2657 1046 2745 propemodum
1075 2657 1233 2743 mysticae
1266 2657 1393 2742 glutino
1430 2655 1688 2740 coniunguntur,
1729 2676 1866 2742 quarum

206 2779 314 2824 ceram
344 2760 471 2845 paravit
499 2762 661 2826 nectareis
690 2763 849 2848 partubus
878 2762 946 2828 feta
975 2761 1160 2847 virginitas,
1191 2781 1351 2847 papyrum
1378 2758 1420 2823 ad
1449 2758 1606 2822 alimenta
1628 2757 1752 2843 ignium
1774 2759 1867 2823 limfa

204 2865 400 2944 transmisit,
429 2865 540 2928 lumen
563 2863 738 2930 adhibetur
761 2887 779 2931 e
804 2867 907 2932 caelo.
952 2866 999 2930 nil
1021 2864 1074 2930 hic
1096 2865 1198 2930 habet
1220 2885 1285 2929 vox
1303 2864 1451 2927 humana
1474 2860 1559 2948 quod
1590 2868 1778 2942 consecret,
1806 2862 1864 2927 ubi

204 2973 308 3032 totum
331 2966 441 3053 dirigit
464 2988 607 3055 superna
630 2970 792 3052 coguatio.
837 2969 987 3054 agnoscit
1018 2968 1070 3033 hic
1101 2968 1235 3033 odorem
1267 2988 1362 3032 suum
1392 2965 1582 3030 salutiferae
1605 2965 1742 3051 virginis
1765 2964 1862 3047 filius,

204 3071 261 3136 ubi
285 3071 355 3136 sine
380 3071 468 3135 coitu
491 3071 636 3136 nascitur
659 3071 814 3158 quidquid
837 3072 980 3138 offertur.
1026 3092 1091 3136 non
1115 3071 1202 3136 enim
1224 3070 1277 3136 hic
1300 3070 1485 3135 turicremis
1509 3067 1684 3134 Pancheus
1713 3066 1894 3134 adoletur?

202 3175 288 3259 ignis
317 3173 491 3256 altaribus,
521 3181 588 3239 non
616 3175 658 3239 ad
688 3176 784 3240 triste
815 3175 1032 3240 ministerium
1065 3180 1247 3240 extremum
1270 3173 1420 3259 mugiens
1442 3172 1503 3238 bos
1527 3171 1685 3259 pereussa
1706 3171 1863 3252 litabitur,

201 3299 268 3343 non
300 3276 470 3342 bidentum
505 3277 593 3342 fctus
631 3278 795 3344 carnificis
832 3279 942 3365 potius
976 3299 1074 3365 quam
1108 3277 1288 3344 sacerdotis
1317 3298 1428 3343 mucro
1456 3275 1622 3342 desecuit:
1663 3275 1785 3340 sufficit
1820 3275 1862 3340 ad

202 3381 444 3468 reparationem
467 3380 672 3446 aeternitatis
695 3381 857 3468 perditae,
880 3381 967 3467 quod
990 3402 1056 3446 non
1079 3381 1208 3446 anobis
1233 3380 1292 3445 sed
1314 3401 1373 3467 pro
1397 3379 1492 3444 nobis
1517 3399 1621 3464 agnus
1645 3377 1774 3444 occisus
1799 3385 1860 3444 est.

201 3484 315 3570 procul
338 3484 413 3549 hinc
437 3484 544 3550 aberit
566 3484 687 3550 lanista
709 3485 874 3566 Iudaicus,
899 3485 954 3570 qui
976 3506 1036 3572 per
1059 3483 1229 3549 cicatrices
1250 3484 1422 3570 inguinum
1445 3483 1570 3548 animas
1594 3481 1657 3547 sibi
1679 3481 1860 3568 adquisitas

201 3593 251 3653 tot
274 3590 359 3655 solet
381 3610 555 3655 numerare
584 3595 663 3674 quot
685 3591 847 3654 uulnerat.
893 3589 1015 3654 Christi
1046 3589 1150 3654 nostri
1181 3587 1336 3652 libamina
1365 3587 1512 3652 infucata
1543 3586 1752 3672 simplicitate
1782 3605 1860 3650 con-

200 3694 342 3778 plentur.
381 3693 511 3780 peragit
527 3693 767 3758 dedicationem
783 3694 927 3780 corporis
942 3694 1046 3758 nostri
1066 3714 1147 3757 crux
1168 3692 1257 3757 unda
1279 3691 1453 3756 confessio.
1491 3698 1525 3756 te
1548 3711 1627 3776 ergo
1651 3683 1891 3776 quaesumusâ€š8

201 3795 350 3878 domine,
382 3803 419 3862 ut
446 3798 532 3862 sicut
561 3798 669 3885 typico
698 3798 807 3883 prisca
837 3797 993 3883 mysterio
1020 3797 1068 3861 ita
1095 3795 1282 3861 renovanda
1310 3795 1442 3880 agmina
1470 3794 1570 3859 ducat
1599 3793 1683 3858 haec
1710 3794 1862 3858 columna

201 3905 290 3966 trans
321 3901 487 3986 gurgitesÍ¾
519 3907 650 3967 aestuet
673 3907 707 3966 et
730 3901 825 3966 nobis
850 3902 967 3968 semita
994 3907 1192 3988 praeparata
1213 3922 1273 3988 per
1296 3899 1400 3964 maria
1423 3904 1456 3964 et
1479 3898 1568 3963 sitiat
1590 3899 1682 3963 callis
1705 3898 1860 3984 pulveru-

200 4004 309 4070 lentus
332 4005 367 4069 in
389 4004 553 4070 fluctibus.
597 4006 645 4069 nil
668 4004 720 4070 hic
743 4012 804 4086 est,
828 4006 861 4070 in
882 4025 945 4092 quo
962 4004 1151 4091 discrepent
1167 4005 1300 4090 antiqua
1314 4002 1407 4067 novis
1428 4007 1486 4066 aut
1508 3999 1665 4066 moderna
1680 4001 1860 4066 veteribus.

200 4113 237 4173 tu
260 4130 392 4197 semper
415 4108 502 4175 idem
525 4108 689 4190 dominus,
720 4114 753 4176 et
776 4108 930 4184 sacerdos
958 4108 1084 4173 meritis
1108 4129 1167 4195 par
1192 4107 1375 4194 prophetae
1404 4112 1471 4186 est,
1502 4104 1544 4169 ad
1571 4106 1662 4170 cuius
1690 4111 1859 4191 precatum

200 4212 323 4278 fluenta
345 4214 524 4279 siccentur:
549 4234 628 4298 ergo
651 4213 748 4278 huius
764 4211 919 4296 Hebreus
943 4218 1101 4292 transeat,
1123 4213 1180 4276 ille
1196 4211 1382 4298 Aegyptius
1405 4209 1608 4296 deprimatur
1631 4214 1664 4274 et
1686 4208 1802 4273 mersis
1824 4209 1859 4272 in

199 4336 284 4402 aqna
318 4317 508 4405 corporibus
544 4318 615 4382 sola
649 4318 770 4383 sentiat
804 4317 901 4404 culpa
934 4315 1152 4402 naufragium.
1209 4315 1271 4380 hoo
1306 4321 1416 4381 autem
1450 4313 1528 4394 tibi,
1563 4311 1708 4394 domine,
1746 4303 1890 4378 castae9

200 4419 392 4506 operatricis
414 4442 533 4486 munus
557 4427 592 4486 et
614 4421 700 4486 hanc
723 4421 867 4486 intactae
890 4420 1005 4485 matris
1029 4420 1178 4486 sobolem
1201 4417 1485 4501 commendamus,
1515 4437 1694 4504 perquam
1716 4421 1861 4481 meretur

302 4765 317 4818 1
336 4767 510 4820 holochaustis
521 4766 547 4817 Î’
645 4765 662 4818 3
678 4768 766 4820 reddet
777 4767 803 4819 B
901 4766 1145 4837 bperpandiculam
1157 4765 1202 4816 Ba
1302 4763 1421 4817 bbsfida
1429 4763 1464 4830 B,
1482 4764 1597 4817 biufida
1612 4762 1637 4812 V
1730 4756 1857 4828 iooagoÎ‡

202 4852 297 4905 leretur
311 4853 338 4904 Î’
475 4850 511 4905 10
527 4861 609 4906 terrae
624 4854 678 4919 Bt,
701 4862 768 4908 terra
792 4856 868 4908 ceteri
1005 4853 1037 4906 11
1056 4849 1166 4922 liquore]
1184 4853 1289 4917 loquore
1305 4849 1350 4901 Î’(Î¹
1436 4847 1603 4918 consurgant]
1628 4846 1857 4916 consperganturb

202 4936 235 4990 14
252 4947 410 4992 mucrtantss
423 4939 447 5004 b,
463 4941 614 4992 reuertentis
626 4940 724 4993 coeca
793 4938 848 5009 per]
867 4940 948 5009 proB
1051 4936 1086 4990 15
1102 4936 1282 4990 suceedenteb
1386 4935 1419 4989 16
1437 4933 1517 5003 quod]
1536 4951 1601 5002 quae
1615 4933 1650 4986 Ob
1718 4932 1856 5000 aliquando

199 5022 224 5090 (o
240 5027 268 5077 in
286 5025 333 5093 lit)
347 5025 373 5077 Î’
477 5025 511 5077 18
529 5035 689 5094 oppresserat
702 5027 747 5078 Î’Î±Î¹
816 5029 928 5096 populus
942 5027 968 5077 Î’
1036 5026 1154 5077 absoluat
1169 5023 1195 5074 Î’
1299 5020 1331 5074 19
1349 5024 1524 5075 sanothsimse
1536 5022 1563 5086 b,
1583 5021 1741 5072 amatissime
1758 5017 1857 5070 codices

197 5107 232 5163 20
249 5113 432 5180 conpaginatas
445 5111 554 5177 Horret,
571 5115 742 5180 conpaginata
758 5114 855 5166 codices
981 5111 1014 5164 21
1033 5113 1160 5180 glutinata
1172 5110 1217 5162 Î’1
1299 5110 1498 5178 coniungaturb
1622 5105 1657 5158 23
1673 5107 1819 5159 hansmiset
1830 5103 1856 5155 B

197 5195 243 5264 nil]
261 5199 353 5250 nihilh
483 5197 518 5250 24
535 5201 654 5267 cognatio
666 5201 700 5265 Î’,
717 5202 830 5268 cognitio
842 5201 918 5252 cruri
1055 5196 1090 5250 25
1107 5198 1230 5265 quicquid
1246 5197 1271 5246 V
1358 5197 1489 5264 ptnohsus
1505 5191 1548 5245 Va
1556 5231 1565 5258 ,
1582 5209 1694 5262 panosus
1705 5191 1731 5242 Î’
1737 5187 1859 5242 V1LOP

197 5281 230 5336 26
247 5286 458 5352 ignisslntaribus
470 5284 515 5335 Î’á¿†
567 5286 682 5338 litaturi
777 5285 811 5338 29
829 5285 931 5353 lanista]
948 5284 1034 5338 lataB
1129 5281 1164 5335 30
1181 5280 1254 5352 quot]
1273 5283 1342 5349 quod
1352 5281 1404 5334 BL
1459 5281 1574 5331 infucata
1591 5277 1616 5345 (c
1633 5281 1664 5330 ert
1680 5295 1694 5330 s
1710 5296 1781 5329 mma.
1794 5277 1818 5344 1)
1830 5277 1856 5328 Î’

197 5363 227 5419 31
246 5367 412 5436 quaesumus]
431 5369 498 5434 tâ€˜ssB
514 5379 543 5421 ut
560 5372 650 5423 iterum
664 5390 692 5438 p.
713 5374 757 5436 20,
775 5374 792 5422 8
925 5369 959 5422 32
976 5372 1054 5422 ducat
1071 5387 1119 5420 orn.
1132 5368 1158 5419 Î’
1167 5370 1192 5432 Â¹,
1213 5370 1241 5420 ia
1257 5371 1314 5436 fine
1337 5369 1382 5419 lira
1400 5366 1463 5418 odd.
1476 5366 1520 5417 BÂ²
1651 5362 1686 5416 33
1706 5365 1818 5432 gurgitis
1830 5363 1856 5414 Î’

196 5459 222 5504 st
232 5463 292 5519 port
309 5462 409 5507 aestuet
427 5473 475 5506 ons.
489 5455 567 5508 sim.
648 5457 844 5524 pulucrolentus
858 5456 883 5508 Î’
1020 5452 1056 5506 34
1073 5452 1122 5521 nil]
1139 5455 1232 5505 nihilh
1371 5451 1406 5504 35
1423 5453 1520 5504 meritis
1537 5449 1592 5520 par]
1610 5461 1765 5504 memoratus
1782 5452 1856 5520 perh

196 5542 331 5609 prophetae
347 5539 386 5604 Î’,
407 5541 512 5608 profetis
529 5541 586 5605 Î¥Î’,
610 5543 739 5610 prophetis
759 5539 834 5607 á¿›á¿¸Î¡,
854 5543 1016 5610 prophetant
1103 5548 1142 5593 est
1156 5540 1182 5591 Î’
1201 5539 1265 5605 (corr
1282 5558 1322 5606 es,
1347 5547 1376 5589 nt
1393 5539 1490 5590 Horret
1507 5537 1629 5604 empsit),
1656 5538 1698 5588 hic
1719 5546 1758 5590 ast
1780 5539 1856 5590 cerem

196 5624 229 5678 36
245 5644 307 5694 ergo
322 5626 357 5691 Î’,
374 5633 404 5678 ut
421 5627 496 5679 ceteri
581 5629 659 5680 huius
672 5628 698 5679 Î’
715 5626 781 5694 (scil.
799 5630 831 5681 ad
848 5627 1005 5697 precatum),
1022 5645 1071 5679 cru.
1090 5627 1177 5688 ortem
1199 5643 1236 5677 ou
1252 5627 1334 5678 muna
1351 5627 1446 5678 virus?
1533 5624 1642 5676 hebreos
1654 5623 1680 5674 B
1766 5626 1810 5678 ille
1822 5625 1855 5690 Î’,

196 5729 242 5765 om.
260 5713 335 5766 ceteri
437 5708 471 5764 37
489 5721 561 5767 meta
576 5710 653 5766 1â·11]

1611 5801 1647 5860 gr
