4566 6532
606 390 735 446 cccxiv
755 391 878 459 (neren
897 392 922 454 ι,
940 393 968 459 a)
989 421 1019 430 -
1039 391 1170 446 cocxvr
1189 391 1312 461 (neren.
1331 395 1355 456 r,
1377 395 1427 461 ιι).

819 681 982 750 (10οΧ11
1005 685 1113 770 (nrrsr.
1133 688 1162 766 7,
1178 686 1223 770 9).

794 879 972 954 AVIENO
998 879 1249 955 ENNODIVS.

308 1026 482 1140 Pompam
510 1076 606 1141 quam
636 1057 669 1120 in
698 1055 817 1120 litteris
846 1055 959 1140 fugitis
993 1056 1163 1141 optinetie,
1201 1076 1263 1120 neo
1293 1055 1383 1120 aliud
1414 1061 1465 1120 est
1494 1055 1581 1141 loqui
1609 1062 1755 1122 vestrum
1785 1057 1877 1126 nisit

196 1157 470 1224 declamationum
494 1159 635 1243 insignia
657 1158 835 1223 custodire:
867 1159 929 1223 hoc
954 1160 987 1224 in
1011 1159 1102 1224 vobis
1127 1166 1258 1239 natura,
1283 1159 1344 1223 boc
1368 1159 1507 1246 peritiae
1530 1167 1637 1226 mater
1658 1160 1851 1226 indeficiens

113 1337 119 1346 ¹
195 1263 345 1327 lectionis
377 1283 456 1327 cura
485 1264 660 1347 congessit.
706 1262 764 1328 sed
794 1264 934 1330 miseriis
962 1265 1045 1328 meis
1077 1265 1208 1329 evenire
1240 1264 1330 1330 nulla
1358 1263 1536 1328 consolatio
1565 1270 1690 1350 potest,
1721 1264 1850 1350 quando

131 1397 142 1434 ,ι
196 1372 273 1431 ante
298 1365 409 1429 oculos
433 1372 510 1430 sunt
531 1366 639 1431 locata
662 1387 746 1451 quae
770 1367 888 1446 merui,
919 1373 951 1430 et
974 1373 1131 1452 quantum
1155 1368 1322 1453 praelatus
1346 1367 1510 1452 indignior
1532 1367 1695 1446 extiterit,
1723 1374 1851 1434 tanturn

196 1471 228 1533 in
253 1477 369 1555 aperto
392 1469 474 1534 fiunt
495 1475 633 1555 peccata
654 1471 810 1556 superati.
856 1471 932 1556 quid
956 1471 1099 1536 animum
1124 1493 1245 1553 meum,
1268 1473 1500 1538 inlustrissime
1524 1472 1700 1548 hominum,
1726 1474 1851 1538 conaris

196 1573 378 1639 adtollere?
412 1567 487 1659 quid
508 1574 540 1637 in
556 1574 634 1652 vita,
658 1595 742 1659 quae
758 1576 858 1661 plena
874 1578 1030 1640 maeroris
1048 1583 1109 1654 est,
1133 1597 1304 1641 reservare
1327 1576 1444 1640 liceat?
1477 1575 1742 1640 tribulationibus
1767 1578 1848 1642 meis

195 1698 253 1764 pro
280 1676 368 1742 bono
400 1677 656 1762 dispensationis
684 1678 839 1742 caelestis
868 1679 965 1743 linem
990 1679 1040 1742 vel
1072 1699 1145 1743 cum
1170 1681 1236 1743 vita
1264 1680 1429 1745 constitui.
1473 1679 1568 1743 vobis
1592 1687 1701 1743 temen
1725 1679 1883 1749 ineufi-2

196 1781 321 1846 cientes
346 1781 452 1846 refero
476 1782 616 1866 gratias,
640 1781 695 1866 qui
717 1782 806 1846 illam
831 1785 917 1846 circa
939 1802 992 1846 me
1017 1785 1156 1848 servatis
1179 1783 1398 1867 diligentiam,
1424 1803 1487 1867 qua
1510 1783 1672 1868 potiorem
1695 1803 1756 1845 nec
1779 1781 1850 1868 dig-

198 1885 338 1948 nissimis
361 1885 584 1970 praestaretis.
623 1883 753 1948 domine
777 1885 832 1962 mi,
857 1884 1062 1949 salutationis
1086 1887 1304 1950 reverentiam
1328 1887 1458 1950 solvens
1482 1907 1589 1972 spero,
1614 1893 1650 1950 ut
1673 1906 1768 1951 orare
1792 1905 1852 1972 pro

196 2007 248 2051 me
270 1987 403 2052 minime
427 1986 597 2052 desistatis
621 1993 654 2052 et
676 1987 718 2052 ad
742 1988 972 2078 calamitatum·
989 1989 1109 2052 solacia
1132 1988 1273 2053 ferentia
1296 2009 1391 2075 opem
1417 1991 1538 2076 scripta
1561 1989 1740 2055 mittantur.

818 2296 962 2367 CCCXV
985 2300 1095 2383 (srrsr.
1114 2303 1144 2381 7,
1163 2300 1228 2384 10).

618 2493 854 2568 ENNODIVS
881 2494 1044 2569 FLORO
1072 2494 1133 2568 ET
1159 2494 1432 2570 DECORATO.

312 2637 538 2759 Conpulsoris
569 2671 701 2736 functus
731 2671 840 2736 officio
872 2673 914 2736 ad
942 2671 1194 2737 redhibitionem
1223 2671 1445 2758 promissionis
1474 2691 1554 2735 suae
1576 2670 1633 2733 vix
1656 2668 1878 2735 advocatuml

198 2775 306 2858 coegi,
338 2780 374 2838 ut
403 2773 489 2864 quod
517 2772 684 2839 advocatis
714 2773 856 2839 debebat
880 2777 1078 2840 exsolveret.
1124 2797 1228 2861 genus
1259 2776 1359 2840 durae
1390 2775 1621 2862 professionis,
1651 2778 1688 2836 ut
1715 2795 1736 2836 a
1764 2771 1853 2836 vobis

133 2941 138 2952 ,
198 2877 337 2942 dicenda
360 2879 579 2986 praeveniam,
603 2878 645 2942 sd
661 2879 892 2944 verecundiam
914 2881 1053 2946 clericus
1069 2879 1232 2944 inclinavi.
1268 2880 1365 2964 quale
1388 2880 1431 2942 sit
1454 2899 1517 2964 quo
1541 2877 1729 2942 molliuntur
1751 2875 1852 2940 obsti-

196 2982 356 3046 natissimi
380 2981 515 3067 etquid
538 2982 696 3046 sibivelit
720 2983 774 3068 qui
797 2989 946 3069 raptores
970 2985 1089 3070 spoliat
1111 2985 1292 3047 aestimate.
1332 2981 1460 3067 argenti
1484 2980 1609 3062 libram,
1633 3001 1729 3066 quam
1753 2979 1854 3043 frater

197 3084 400 3171 Epiphanius
424 3086 523 3165 dedit,
547 3086 639 3150 fratri
664 3085 791 3151 Gaiano
816 3086 856 3150 ad
882 3108 939 3150 vos
963 3086 1190 3175 perferendam
1216 3085 1350 3167 tradidi,
1376 3086 1479 3171 pactis
1503 3092 1612 3148 tamen
1636 3083 1742 3148 adhuc
1766 3082 1853 3168 apud

197 3209 248 3252 me
277 3211 361 3276 quae
394 3192 524 3276 suscepi
555 3191 748 3256 constitutis.
794 3197 899 3254 restat
927 3199 977 3269 ut,
1011 3192 1037 3253 si
1067 3190 1198 3254 tradere
1230 3188 1384 3266 debeam,
1417 3187 1609 3274 designetis.
1655 3185 1775 3250 domini
1797 3186 1886 3264 mi,2

198 3294 429 3358 salutationem
445 3294 667 3380 plenissimam
686 3292 797 3357 dicens
814 3314 904 3377 rogo,
928 3299 964 3357 ut
987 3295 1127 3379 primum
1150 3314 1210 3378 per
1234 3299 1364 3356 sanctos
1388 3314 1447 3378 pro
1470 3313 1522 3356 me
1547 3312 1638 3356 orare
1663 3287 1854 3374 dignemini,

120 3437 124 3450 ·
198 3395 317 3462 deinde
340 3396 468 3476 domnis
492 3398 692 3463 amatoribus
716 3397 835 3462 vestris
859 3397 1018 3482 obsequia
1042 3419 1115 3461 mea
1139 3399 1199 3461 sub
1225 3397 1281 3461 illa
1306 3416 1369 3480 qua
1393 3416 1444 3459 me
1468 3416 1588 3481 cupere
1613 3393 1701 3456 scitis
1724 3392 1853 3456 bumili-

196 3507 263 3564 tate
286 3500 442 3568 reddatis.

812 3704 975 3774 cccxvl
999 3703 1110 3792 (aaran
1128 3709 1156 3786 7,
1177 3705 1240 3790 ll).

774 3902 1012 3976 ENNODIVS
1039 3901 1278 3975 AGNELLO.

302 4050 408 4144 Male
440 4085 491 4143 est
517 4080 625 4142 animo
656 4101 744 4158 meo,
775 4079 862 4165 quod
892 4079 932 4144 dc
963 4080 1136 4146 facundiae
1162 4101 1240 4144 suae
1265 4078 1398 4145 dotibus
1422 4077 1502 4141 mibi
1526 4074 1726 4140 abundantia
1748 4074 1885 4138 vestral

198 4183 243 4247 nil
274 4182 390 4247 tribuit
420 4189 453 4247 et
482 4183 528 4246 ita
555 4183 763 4266 eloquentiae
796 4183 913 4269 opibus
945 4184 1095 4260 incubat,
1128 4189 1163 4247 ut
1193 4189 1319 4268 partem
1350 4203 1392 4246 ex
1424 4181 1473 4246 eis
1505 4179 1615 4244 faeere
1648 4175 1855 4260 sacrilegium

121 4327 145 4362 .,
200 4291 414 4374 computetur.
461 4286 564 4371 turpis
588 4293 639 4350 est
662 4285 814 4372 equidem
837 4289 1065 4352 universarum
1090 4308 1199 4352 rerum
1222 4285 1373 4349 avaritia:
1399 4283 1535 4367 contigit
1559 4289 1681 4358 tamen,
1705 4281 1732 4346 si
1757 4279 1857 4344 verba

199 4391 359 4475 deneges,
388 4389 462 4476 plus
486 4388 648 4476 pudenda.
694 4409 793 4475 saepe
817 4391 917 4454 etiam
940 4391 1067 4469 evenit,
1097 4397 1133 4454 ut
1156 4389 1345 4475 frequenter
1367 4386 1549 4452 scribentes
1573 4385 1680 4450 minus
1703 4383 1858 4469 diligant;

198 4514 375 4580 numquam
404 4499 514 4558 tamen
548 4494 703 4574 accessit,
737 4500 775 4558 ut
803 4493 941 4579 aliquid
957 4495 1085 4559 caritati
1115 4499 1261 4558 reservet
1292 4491 1347 4576 qui
1379 4491 1411 4553 in
1443 4493 1604 4575 perpetua
1634 4486 1858 4553 taciturnitate

198 4597 363 4688 perdurat.
408 4602 520 4684 potest
550 4599 641 4662 nasci
672 4596 713 4662 de
745 4598 976 4684 epistolaribus
1002 4597 1236 4663 blandimentis
1264 4593 1478 4679 ambiguitas:
1512 4597 1602 4658 certa
1633 4589 1715 4656 fides
1744 4595 1794 4655 est
1817 4589 1858 4653 ab

198 4722 252 4781 eo,
276 4702 332 4786 qui
356 4707 466 4766 servat
490 4701 669 4776 silentium,
698 4721 764 4766 non
787 4701 900 4766 amari.
946 4702 1028 4767 baec
1054 4709 1144 4781 sunt,
1174 4719 1258 4785 quae
1282 4699 1314 4762 in
1337 4696 1548 4760 festinatione
1570 4694 1743 4781 perlatoris
1767 4693 1887 4760 celer2

121 4838 147 4878 m
202 4805 348 4890 scripsi,
371 4805 509 4890 geminis
545 4804 684 4870 stimulis
716 4805 870 4871 incitatus
900 4808 950 4874 vel
981 4804 1223 4894 properationis
1252 4802 1354 4866 baiuli
1383 4801 1434 4864 vel
1465 4799 1598 4864 doloris.
1643 4819 1722 4884 ergo
1752 4795 1860 4862 taedio

254 5081 256 5086 ,
281 5049 448 5132 ¹[ceonrvl
471 5059 498 5115 ²1
519 5067 583 5117 nnn.
602 5066 704 5118 ιιιιιιιο
721 5067 735 5116 c
863 5061 880 5116 a
901 5065 997 5132 ageas
1013 5063 1039 5114 n
1060 5063 1062 5074 ²
1167 5057 1182 5112 r
1204 5045 1320 5113 aranee
1341 5059 1366 5110 V
1453 5053 1529 5114 nea
1550 5057 1760 5110 msmsonrsus
1781 5055 1861 5107 mear

195 5149 354 5216 dietiapmm
371 5150 431 5201 libri
560 5149 577 5202 9
595 5151 754 5219 diligentiam
772 5192 777 5202 .
792 5190 798 5202 .
812 5189 837 5202 ..
858 5152 1055 5218 praesentaretis
1073 5147 1134 5213 (ric)
1153 5149 1222 5199 irater
1241 5148 1322 5198 lineas
1340 5147 1426 5214 suppl.
1439 5145 1464 5197 Β
1596 5142 1629 5195 10
1646 5143 1690 5210 mi]
1709 5143 1770 5195 mihi
1785 5141 1862 5193 BVL

198 5236 227 5289 ll
248 5239 380 5290 ferentium
394 5236 419 5288 B
488 5237 620 5292 scribtaB
692 5239 799 5290 mittetis
818 5237 896 5289 Sirra.

302 5337 434 5406 [CCCXV]
473 5338 508 5393 15
527 5342 699 5394 nerleondiam
712 5340 738 5391 Β
833 5340 975 5391 moliuntur
990 5337 1032 5388 Va
1167 5333 1200 5386 16
1216 5336 1267 5388 sibi
1284 5333 1358 5387 uellit
1370 5333 1381 5399 ΙΙ
1393 5333 1434 5384 laic
1451 5333 1520 5384 deest
1536 5333 1564 5383 in
1575 5331 1602 5382 Β
1613 5331 1723 5383 dmm
1739 5331 1863 5398 plagulae

197 5427 290 5490 solium
302 5425 348 5493 (cs.
360 5445 390 5494 p.
401 5430 458 5490 228,
472 5425 521 5491 13),
533 5427 602 5496 quod
615 5428 668 5478 iam
682 5427 765 5478 editor
777 5427 860 5478 Boril.
873 5425 1033 5476 deddercvr't.
1062 5421 1245 5474 intercidentia
1255 5422 1333 5472 verbo
1345 5437 1411 5486 queue
1424 5425 1563 5484 eeqrranw
1575 5433 1654 5483 ueqrrc
1665 5417 1703 5468 ad
1709 5435 1738 5482 p.
1750 5419 1808 5480 236,
1819 5419 1864 5475 33:

199 5513 278 5565 edidit
292 5514 396 5580 primm
410 5513 489 5566 Sina.
622 5512 655 5564 18
672 5515 774 5565 domine
791 5513 837 5564 To
929 5508 975 5578 ml]
994 5511 1058 5564 mibi
1073 5509 1116 5560 Vh
1249 5506 1281 5558 19
1299 5521 1402 5572 per=me
1420 5512 1522 5558 motos
1544 5520 1590 5570 pro
1608 5520 1648 5554 me
1667 5501 1738 5566 Vm,
1759 5521 1805 5570 pro
1823 5520 1864 5554 me

200 5609 303 5652 saumae
318 5599 396 5652 Siren.
501 5598 536 5652 20
554 5600 647 5652 norum
661 5599 740 5651 Siras.

304 5700 450 5770 [cccxvl]
488 5699 523 5753 24
541 5702 606 5753 nibil
622 5701 702 5753 Sirm.
1680 5727 1682 5732 v

1602 5781 1657 5836 30*
