4566 6532
455 375 519 436 aaa
1081 369 1273 422 ouxxxvm
1292 367 1427 428 ‹orxsc
1444 369 1481 432 5).

455 551 490 608 et
505 541 623 607 Galeni
647 544 788 606 contrita
810 543 965 606 subsidiis
988 542 1030 606 ad
1052 543 1248 606 adiutorium
1270 541 1369 606 fidele
1386 561 1422 604 se
1438 537 1614 603 transtulit.
1637 537 1815 623 aliqnando
1831 539 1988 602 sentiens
2007 535 2125 601 mundi

404 649 437 708 11
454 644 679 711 blandimenta
696 667 874 710 vanescere
897 655 931 710 et
953 647 1105 710 humanis
1128 647 1292 710 bominem
1316 643 1490 730 praesidiis
1512 664 1578 706 uon
1602 643 1715 706 iurari.
1754 643 1820 705 iam
1843 641 1991 706 duorum
2016 642 2125 705 ferme

454 771 603 813 mensum
627 750 797 814 curriculis
822 749 924 813 cladis
947 750 1043 813 buius
1065 771 1116 814 mc
1134 751 1195 814 sibi
1211 771 1366 836 pressura
1381 747 1593 820 submiserat;
1615 748 1680 810 iam
1695 745 1831 811 remedii
1846 748 1923 810 rice
1940 746 2123 810 transitum

454 853 682 938 praestolabar
707 862 740 916 et
769 853 851 916 nihil
882 874 983 917 suave
1013 854 1055 917 de
1078 873 1178 916 usura
1200 854 1281 916 lucis
1304 854 1399 915 istius
1422 852 1573 915 recolens
1595 851 1791 935 abrumpere
1813 871 1929 914 moras
1954 850 2021 912 etsi
2046 869 2124 912 cum

403 956 582 1041 ltpeccati
612 958 716 1020 iturus
744 955 836 1020 fasce
864 957 1045 1042 cupiebam.
1091 957 1271 1043 expendite
1300 958 1451 1040 legentes
1475 975 1560 1040 quae
1583 955 1636 1018 bic
1660 955 1806 1038 flagella,
1836 975 1926 1039 quae
1951 961 2124 1017 tormenta

452 1079 506 1124 me
534 1061 730 1138 manserint,
761 1069 798 1123 ut
828 1062 1059 1146 suppliciorum
1089 1061 1312 1148 praesentium
1341 1069 1429 1122 meta
1458 1060 1630 1142 gehennae
1653 1079 1777 1144 poenas
1800 1065 2001 1143 expeterem
2027 1065 2063 1121 et
2087 1065 2124 1120 ut

453 1160 495 1224 ad
518 1161 575 1225 illa
597 1164 793 1227 immortalis
816 1165 934 1227 camini
958 1174 992 1228 et
1013 1165 1119 1228 dirum
1142 1165 1330 1229 anhelantis
1354 1163 1483 1250 piacula
1505 1162 1709 1226 festinarem.
1747 1161 1805 1225 sed
1829 1183 1897 1225 non
1914 1161 2025 1225 defuit
2041 1161 2124 1224 mibi

307 1279 382 1332 1⁸³3-
393 1284 414 1332 ²,
423 1285 444 1322 ε.
454 1263 620 1340 dominus,
649 1269 704 1352 qui
728 1268 901 1330 mortificat
924 1277 958 1332 et
981 1269 1137 1334 vivificat.
1167 1268 1299 1332 deducit
1320 1267 1363 1331 ad
1384 1267 1507 1330 inferos
1531 1275 1565 1328 et
1587 1264 1729 1335 reducit,
1758 1266 1937 1329 maiestate
1960 1285 2041 1334 sua,
2066 1265 2123 1327 ille

311 1383 439 1434 nasas.
454 1369 548 1432 cuius
571 1377 623 1432 est
645 1371 834 1455 promissio:
865 1371 972 1434 adbuc
995 1373 1098 1435 rerba
1120 1372 1153 1434 iu
1177 1393 1234 1436 ore
1258 1381 1325 1436 tuo.
1349 1381 1383 1434 et
1405 1391 1484 1434 ecce
1507 1368 1632 1440 adsum,
1655 1366 1733 1432 dicit
1756 1369 1919 1432 dominus.

404 1473 442 1534 13
561 1472 646 1536 Nam
674 1495 747 1537 cum
779 1495 864 1538 unus
894 1475 935 1538 de
964 1475 1030 1542 his.
1061 1477 1115 1560 qui
1145 1475 1340 1538 adsidebant
1370 1474 1449 1537 mihi
1480 1481 1513 1536 et
1540 1493 1600 1558 per
1623 1474 1767 1556 singulos
1790 1471 1864 1536 dies
1888 1471 2047 1536 ditabant
2071 1473 2122 1534 in·

453 1577 686 1661 aequalitatem
715 1598 821 1640 meam
852 1578 1022 1663 dispendio
1052 1579 1264 1644 facultatum.
1298 1578 1457 1640 lassatum
1485 1599 1521 1640 se
1547 1577 1652 1639 fuisse
1683 1584 1863 1639 testaretur
1895 1597 1959 1639 neo
1993 1573 2121 1658 aliquid

453 1681 655 1744 remansisse
686 1680 773 1766 quod
801 1681 910 1761 fieret,
940 1684 1015 1746 ilico
1046 1682 1125 1745 milii
1151 1703 1242 1767 spem
1266 1683 1353 1746 ritae
1376 1681 1496 1745 detulit
1518 1679 1706 1764 desperatio
1729 1681 1902 1743 curatoris.
1949 1699 2028 1742 nam
2054 1679 2124 1742 illic

453 1785 654 1869 promptiora
692 1793 769 1848 sunt
810 1786 964 1848 caelestis
1003 1787 1090 1849 bona
1128 1787 1317 1850 iuvaminis.
1356 1785 1412 1848 ubi
1445 1806 1481 1847 se
1515 1784 1740 1847 subtraxerint
1773 1783 1937 1868 obsequia
1973 1783 2123 1846 infausta

403 1886 441 1946 11
454 1887 698 1972 languentibus.
735 1890 889 1953 continuo
907 1911 960 1954 me
977 1890 1019 1954 ad
1035 1891 1125 1954 beati
1138 1890 1281 1954 Victoris
1298 1891 1449 1974 martyris
1465 1887 1631 1973 praesidia
1655 1907 1755 1972 saepe
1778 1895 1920 1972 experta
1944 1887 2121 1950 transvexi

452 1997 487 2054 et
508 2012 606 2076 opem
628 1991 800 2056 fortissimi
822 2003 977 2079 precatus
1000 1993 1063 2057 deo
1086 2015 1146 2079 per
1169 1995 1276 2080 ipsum
1300 2015 1373 2057 cum
1396 1993 1539 2056 lacrimis
1561 1990 1736 2075 alleganda
1751 1992 1915 2054 commisi:
1943 1992 2028 2053 satis
2045 2010 2121 2053 esse

451 2093 493 2157 ad
524 2095 775 2180 promerendam
808 2098 1018 2161 clementiam
1051 2100 1140 2170 eius,
1176 2100 1203 2161 si
1233 2119 1364 2182 semper
1393 2107 1470 2161 ante
1502 2096 1615 2158 oeulos
1649 2115 1728 2157 suos
1760 2103 1903 2172 statuat,
1938 2091 2031 2156 unde
2061 2114 2121 2156 nos

452 2199 645 2283 sumpserit;
680 2221 741 2264 nec
771 2201 870 2265 facile
899 2201 942 2264 ad
975 2201 1210 2265 sublimitatem
1240 2201 1467 2264 mandatorum
1502 2200 1589 2262 illius
1619 2219 1693 2261 cum
1721 2199 1899 2261 velocitate
1931 2207 2121 2261 extremam

403 2303 595 2386 lbmigrare
618 2323 715 2388 posse
739 2306 922 2368 materiam.
967 2307 1117 2389 quamvis
1140 2327 1200 2390 per
1223 2304 1401 2368 secundam
1424 2304 1470 2389 pii
1494 2311 1644 2367 naturam
1666 2301 1873 2388 baptismatis
1897 2301 2054 2365 ablutum
2077 2302 2121 2364 sit

454 2404 607 2489 quicquid
630 2407 672 2470 de
695 2408 773 2470 limo
796 2417 932 2493 parente
950 2408 1144 2484 sorduimus,
1168 2417 1279 2472 minen
1295 2411 1382 2493 quia.
1406 2408 1483 2471 dum
1499 2408 1650 2471 inimicus
1668 2406 1782 2469 salutis
1799 2415 1935 2469 nostrae
1953 2407 2120 2469 inclusum

453 2508 686 2574 blandimentis
708 2511 799 2574 fucat
821 2512 1000 2584 interitum,
1032 2512 1120 2576 dulci
1144 2514 1222 2576 vitia
1244 2533 1360 2599 sapore
1383 2511 1537 2588 condivit,
1566 2518 1599 2572 et
1621 2509 1698 2572 dum
1721 2510 1850 2595 pruritu
1872 2510 2016 2590 aurium,
2040 2509 2119 2572 dam

306 2631 368 2672 aaa.
379 2636 400 2682 s,
409 2634 444 2676 ai.
453 2612 607 2696 gustandi
634 2614 858 2678 oblectatione
888 2615 1107 2701 producimur,
1136 2639 1222 2680 mors
1250 2637 1309 2701 per
1334 2617 1498 2680 fenestras
1522 2613 1717 2698 ingreditur:
1752 2634 1817 2698 quo
1847 2613 2044 2697 fugiendam
2069 2619 2121 2676 est

452 2715 495 2778 ab
526 2717 575 2780 ira
602 2718 719 2802 ipsius.
749 2719 811 2780 nisi
835 2717 876 2780 ad
899 2719 1153 2784 misericordiam
1178 2720 1265 2786 eius.
1296 2721 1351 2803 qui
1375 2719 1529 2782 reducem
1553 2718 1653 2780 filium
1678 2725 1713 2780 et
1735 2737 1917 2781 concessae
1940 2717 2120 2802 prodigum

450 2820 620 2904 portionis,
646 2821 769 2906 (quem)
787 2833 962 2908 postquam
986 2843 1060 2886 eum
1085 2826 1192 2909 porcis
1209 2844 1268 2908 per
1284 2825 1463 2887 obscenum
1479 2823 1670 2906 siliquarum
1686 2823 1794 2885 cibam
1812 2821 1943 2885 addixit
1959 2821 2120 2885 inmunda

452 2924 650 3004 communio,
684 2924 726 2989 ad
761 2927 880 2989 stolam
914 2926 1105 3006 candidam,
1139 2927 1180 2990 ad
1215 2929 1347 2991 anulum
1381 2927 1578 3013 pretiosum.
1613 2925 1655 2987 ad
1685 2924 1817 2988 diuitias
1850 2925 1925 2987 illas
1954 2933 2120 3010 paternae

402 3028 681 3111 lfipossessionis,
705 3029 799 3114 quasi
822 3050 954 3115 semper
975 3041 1140 3094 servasset
1163 3032 1263 3108 iussa,
1286 3032 1471 3095 revocarit?
1508 3039 1660 3115 precatus
1684 3051 1754 3092 sum
1778 3050 1840 3113 per
1862 3030 2010 3092 electum
2035 3031 2117 3098 eius,
2178 3061 2188 3095 ι

453 3137 489 3192 ιι1
512 3129 624 3194 debita
646 3133 727 3196 mihi
750 3134 845 3218 plara
868 3133 1059 3208 dimitteret,
1083 3145 1119 3197 ut
1142 3136 1216 3219 plus
1239 3135 1432 3218 diligentiae
1455 3135 1627 3197 absolutus
1650 3133 1854 3196 exhiberem.
1894 3141 1928 3194 et
1951 3132 2018 3195 hoe
2044 3155 2119 3196 eum

453 3235 676 3318 promissionis
705 3257 786 3300 suae
814 3236 1033 3322 chirographo
1064 3245 1096 3300 et
1120 3247 1212 3300 casta
1233 3239 1408 3324 sponsione
1431 3238 1631 3301 conveniens
1655 3236 1806 3320 poposci,
1835 3243 1871 3297 ut
1895 3235 1994 3298 daret
2019 3238 2119 3298 etiam

452 3357 512 3422 per
540 3346 718 3424 praecepta
749 3361 810 3403 sua
841 3341 976 3404 amabili
1003 3340 1182 3405 devotione
1211 3361 1262 3404 me
1286 3363 1432 3406 currere:
1464 3341 1539 3425 quia
1564 3361 1637 3402 eum
1660 3340 1702 3401 sit
1726 3340 1812 3401 illius
1837 3337 1924 3422 quod
1950 3359 2120 3404 vocamur.

453 3440 540 3502 illius
564 3441 650 3526 quod
667 3443 773 3504 vocati
797 3442 1051 3527 adquiescimus,
1077 3445 1213 3507 anobis
1237 3453 1401 3530 tamquam
1427 3446 1492 3508 sint
1514 3451 1585 3506 orta
1608 3451 1832 3506 munerantur.
1869 3443 2010 3504 attolle
2032 3457 2118 3504 recta

305 3561 396 3604 Phila.
408 3566 439 3604 n.
454 3551 488 3606 et
514 3545 674 3629 perficere
704 3547 777 3632 ipse
806 3551 968 3631 suggerit:
1000 3559 1110 3612 tamen
1141 3571 1202 3612 ceu
1232 3569 1291 3633 pro
1320 3558 1431 3612 nostra
1455 3548 1617 3611 obnoxius
1640 3545 1816 3609 devotione
1839 3544 1897 3607 dat
1919 3547 2118 3630 praemium.

402 3647 586 3731 lipromisi
617 3650 733 3724 etiam,
768 3650 794 3713 si
825 3651 973 3714 clarioris
1003 3651 1100 3714 studii
1134 3673 1187 3714 me
1218 3673 1278 3736 per
1308 3652 1446 3735 gratiam
1477 3672 1568 3713 suam
1599 3649 1738 3712 donaret
1765 3649 1903 3727 affectu,
1944 3649 1988 3713 de
2019 3671 2118 3713 manu

452 3751 584 3836 linguae
620 3774 715 3817 meae
750 3755 914 3818 confessio
946 3757 1009 3818 ista
1043 3756 1254 3841 procederet.
1289 3756 1330 3818 de
1362 3755 1553 3818 muneribus
1584 3753 1687 3836 ipsius
1718 3753 1878 3834 ingenioli
1911 3755 1981 3817 mei
2010 3753 2117 3816 eidem

452 3853 583 3940 adipem
616 3857 759 3936 litarem,
794 3867 831 3922 ut
861 3879 1038 3943 numquam
1074 3860 1138 3923 stili
1173 3880 1251 3921 cura
1280 3859 1322 3921 de
1361 3857 1577 3921 saecularium
1610 3877 1717 3919 rerum
1747 3863 1884 3918 ventosa
1916 3858 2118 3920 executione

452 3957 647 4034 lassaretur;
677 3964 823 4048 reliquas
847 3965 947 4028 etiam
971 3965 1090 4050 quibus
1112 3963 1316 4048 suggillabar
1339 3962 1514 4027 foeditates
1537 3959 1699 4028 abnuere,
1727 3959 1753 4020 si
1776 3965 1889 4022 tamen
1912 3961 2003 4045 ipse,
2032 3959 2118 4044 quod

402 4062 544 4148 isloqui
578 4066 764 4151 inspiravit,
801 4069 887 4132 velle
918 4088 972 4131 me
1000 4068 1111 4131 faciat.
1158 4069 1339 4154 supplicavi
1371 4074 1408 4130 ut
1437 4066 1568 4129 adesset
1600 4066 1634 4128 in
1663 4085 1715 4127 me
1746 4062 1918 4126 beneficiis
1955 4065 2026 4127 siais
2057 4084 2116 4127 nec

452 4175 617 4232 averteret
640 4190 676 4232 se
698 4169 741 4234 ab
766 4191 817 4248 eo,
842 4191 938 4256 quem
962 4171 1095 4254 genuini
1120 4171 1274 4256 praesidii
1297 4171 1404 4233 tutela
1424 4169 1620 4233 destitutum
1643 4168 1780 4230 fovisset
1802 4167 2070 4230 misericorditer
2086 4174 2118 4230 et

452 4270 532 4350 illis,
562 4273 616 4355 qui
640 4280 814 4358 parentum
837 4275 1049 4338 laetabantur
1072 4274 1281 4340 defensione.
1310 4275 1539 4359 praetulisset:
1570 4279 1603 4334 et
1626 4279 1662 4334 ut
1684 4271 1766 4334 haec
1789 4271 2029 4340 tribuerentur,
2053 4292 2116 4334 non

452 4372 557 4437 ricem
586 4375 794 4440 innocentiae
825 4398 919 4442 meae
949 4376 1106 4452 reddidit,
1136 4377 1194 4440 scd
1217 4385 1374 4461 quantum
1397 4378 1523 4460 gratiae
1547 4377 1618 4439 eius
1641 4375 1779 4438 deberet
1803 4374 1885 4438 felix
1909 4384 1945 4438 et
1968 4376 2117 4439 eraditus

453 4485 619 4560 peccator,
651 4479 807 4544 ostendit.
852 4501 926 4543 nam
960 4483 986 4544 si
1015 4484 1097 4546 recti
1128 4482 1327 4556 custodiam,
1359 4483 1517 4569 pietatem
1540 4487 1689 4548 secutus.
1720 4500 1785 4542 non
1810 4480 1978 4563 linqueret
2002 4487 2038 4543 et
2060 4499 2117 4541 nos

452 4587 596 4646 terreret
623 4589 661 4645 ut
691 4582 817 4647 arbiter
838 4593 873 4648 et
894 4606 959 4648 non
982 4595 1019 4648 ut
1046 4597 1140 4670 pater
1168 4587 1310 4664 foveret,
1339 4608 1498 4671 nusquam
1523 4587 1575 4648 via
1598 4585 1727 4654 salutis,
1757 4601 1921 4665 nusquam
1952 4581 2114 4646 evadendi

452 4683 560 4748 aditus
584 4693 726 4772 pateret.

555 4895 573 4949 3
594 4915 713 4949 mensum
728 4897 781 4960 Vt,
804 4899 931 4949 mensium
948 4898 1030 4949 Tc'Po
1155 4898 1172 4948 9
1194 4901 1262 4952 dicet
1279 4900 1304 4950 Β
1426 4897 1460 4948 lo
1480 4900 1512 4950 de
1534 4900 1574 4948 his
1595 4899 1695 4963 scripsi,
1720 4913 1747 4948 se
1765 4897 1805 4946 lais
1822 4895 1855 4958 B,
1882 4913 1910 4946 ss
1928 4913 1961 4947 sx
1982 4897 2025 4947 hia
2043 4895 2117 4945 reteri

452 4984 609 5036 adsedebant
621 4983 647 5034 B
781 4983 811 5035 ll
831 4985 991 5036 falcultatum
1004 4985 1030 5036 B
1124 5004 1171 5037 nee
1188 4987 1223 5037 ali
1241 4988 1267 5036 in
1281 4988 1316 5037 lia
1330 4985 1355 5035 Β
1490 4982 1523 5033 12
1541 4986 1607 5035 fierit
1618 4983 1644 5033 B
1737 4983 1806 5032 illico
1819 4981 1845 5032 Β
1940 4983 2083 5049 disperatio
2093 4980 2118 5030 B

454 5067 487 5119 13
503 5073 664 5138 prumptiora
679 5069 704 5119 Β
767 5071 897 5122 inbabinis
913 5071 939 5122 Β
1045 5071 1076 5122 lt
1096 5075 1214 5139 martyris
1232 5075 1260 5139 (y
1278 5071 1365 5128 inliti
1379 5071 1404 5120 B
1508 5070 1539 5120 15
1556 5071 1681 5136 elegenda
1694 5069 1719 5119 Β
1822 5067 1856 5120 16
1877 5087 1940 5119 suos
1957 5087 2017 5135 sap.
2034 5071 2081 5118 lia.
2095 5068 2119 5117 Β

452 5153 485 5205 l'l
502 5158 636 5208 amimam
649 5155 676 5205 Β
810 5155 842 5207 18
859 5157 1019 5209 babtismatis
1031 5156 1076 5206 Βα
1210 5155 1245 5207 20
1262 5161 1334 5223 fugat
1347 5155 1388 5207 13¹
1483 5159 1581 5223 proritu
1593 5156 1619 5207 Β
1751 5154 1783 5205 21
1801 5157 1906 5222 gustadi
1925 5173 1984 5221 sup.
1998 5157 2044 5206 lia.
2064 5173 2082 5205 n
2094 5153 2119 5204 Β

451 5243 594 5309 fugandum
605 5243 633 5294 Β
741 5241 776 5293 23
794 5259 870 5308 quem
888 5261 937 5296 orn.
951 5243 1039 5294 Schott
1108 5261 1167 5294 eum
1184 5245 1284 5309 ser-ipsi,
1306 5260 1366 5294 cum
1384 5243 1445 5292 libri
1513 5245 1587 5294 cibas
1600 5243 1625 5294 Β
1732 5241 1766 5292 ‘24
1783 5244 1916 5293 communi
1933 5259 1993 5309 rap.
2007 5243 2054 5294 afn
2067 5239 2119 5292 οΒ

450 5329 543 5380 diuitia
553 5329 580 5380 B
704 5327 739 5379 2⁷>
755 5346 872 5380 seruans
884 5329 911 5380 B
1002 5330 1107 5382 aliatum
1120 5328 1146 5379 Β
1275 5326 1310 5378 26
1326 5330 1469 5381 demitteret
1481 5329 1507 5380 Β
1593 5331 1715 5382 exhibere
1727 5329 1753 5380 Β
1880 5327 1915 5379 27
1933 5333 2075 5398 eymgrato
2088 5329 2120 5392 Β,

450 5417 611 5483 cyrographo
627 5415 652 5465 V
769 5413 804 5465 29
822 5425 951 5481 tamquam
970 5433 1018 5466 om.
1032 5415 1058 5465 Β
1178 5414 1214 5467 30
1231 5418 1286 5483 ipss
1306 5415 1392 5483 (dnm)
1412 5419 1529 5484 suggerit
1543 5418 1637 5468 Hartel
1714 5418 1812 5483 sugerit
1825 5417 1851 5466 Β
1931 5421 2120 5473 deuotionisB

451 5497 484 5550 31
503 5502 599 5552 affectu
610 5500 644 5562 Β,
667 5501 787 5552 affectum
806 5502 881 5551 ceteri
1002 5499 1037 5550 32
1056 5503 1196 5568 procideret
1210 5503 1235 5553 Β
1354 5503 1388 5554 33
1406 5505 1515 5555 litteram
1534 5512 1563 5555 ut
1581 5521 1702 5569 umquam
1716 5503 1740 5553 Β
1826 5519 1916 5556 curam
1929 5505 1957 5556 B
2048 5525 2120 5561 exse

451 5586 555 5637 cutione
575 5586 600 5634 V
737 5583 773 5637 34
794 5587 887 5654 suggel
903 5587 914 5649 ll
931 5587 977 5636 bar
996 5586 1019 5636 B
1124 5588 1249 5638 foeditatis
1266 5588 1290 5637 Β
1392 5591 1532 5641 abnuerem
1547 5591 1641 5640 Hartel
1779 5589 1814 5640 36
1837 5593 1959 5662 fouisset]
1985 5601 2080 5652 tuimet
2099 5599 2122 5650 Β

451 5669 486 5722 39
502 5673 625 5739 linquiret
639 5672 666 5723 B
768 5672 805 5725 40
821 5675 922 5726 terriret
934 5673 959 5723 Β
