4612 6442
903 503 905 510 Ι
960 408 972 470 1
991 411 1094 483 (olor.
1114 411 1150 486 1).
1864 427 1883 490 3

226 595 427 678 praestares,
462 589 550 675 paris
580 587 672 668 facti,
704 589 789 677 quod
819 590 908 656 dictu
937 593 1031 660 nefas
1060 599 1125 674 est,
1160 594 1337 658 multorum
1369 595 1522 682 exempla
1550 603 1752 684 suggerens?
1799 621 1883 686 quae

226 696 358 783 quidem
380 702 416 760 tu
440 694 574 760 vitanda
596 695 785 781 despiciens
809 702 842 761 et
864 695 907 761 ad
923 695 1098 762 vindictam
1123 699 1231 764 sereni
1254 701 1412 786 temporis
1436 721 1570 767 servans
1594 704 1772 770 memoriae
1795 728 1883 772 com-

227 803 357 880 misisti,
381 799 592 866 detestabilia
614 801 772 881 retinens,
796 807 841 864 ne
852 821 913 886 per
928 801 1126 866 oblivionem
1142 802 1265 888 inpune
1281 805 1466 886 transirent,
1490 813 1524 871 et
1539 809 1696 873 maiorem
1712 809 1881 876 horrorem

228 908 420 978 excessibus
443 905 580 985 debens,
603 903 681 967 dum
703 903 830 968 ruinam
853 904 972 969 metuis
995 905 1144 969 aliorum.

337 1011 404 1078 Sed
427 1009 560 1076 remotis
584 1007 713 1072 dicendi
736 1007 914 1072 obstaculis
930 1009 1099 1072 veniamus
1123 1007 1164 1072 ad
1188 1009 1254 1087 illa,
1280 1032 1364 1096 quae
1388 1013 1543 1099 religioso
1565 1022 1640 1079 sunt
1662 1017 1767 1101 magis
1783 1016 1883 1103 digna
1898 1020 1936 1079 14

227 1120 427 1186 memoratu!
473 1134 546 1178 cum
578 1111 705 1176 hostilis
740 1111 882 1197 inruptio
914 1133 1004 1176 more
1034 1133 1190 1198 pecorum
1219 1113 1441 1180 Christianum
1475 1120 1629 1205 populum
1664 1142 1724 1207 per
1755 1120 1884 1186 diuersa

227 1222 436 1299 distraheret,
466 1223 502 1282 tu
523 1216 687 1280 rariorum
712 1215 887 1299 generibus
912 1217 1115 1280 cruciatuum
1139 1217 1322 1302 capiebaris
1345 1219 1378 1283 in
1403 1222 1563 1304 omnibus,
1588 1231 1624 1287 tu
1647 1230 1783 1309 paterna
1806 1246 1883 1289 con-

227 1333 344 1395 ventus
368 1325 492 1412 pietate
517 1319 702 1386 sustinebas
724 1327 890 1385 tormenta
913 1321 1097 1401 multorum,
1122 1328 1158 1385 ut
1180 1323 1226 1386 ait
1241 1325 1426 1408 apostolus:
1451 1328 1533 1411 ‘quis
1550 1334 1693 1392 vestrum
1709 1329 1882 1409 cruciatur,
1917 1325 2002 1423 {¹,⁰,⁰,‘t

229 1441 262 1498 et
291 1453 356 1496 non
387 1425 481 1514 egot'
526 1425 612 1490 iuter
642 1425 706 1489 ista
734 1431 846 1490 tamen
875 1426 1014 1490 tractum
1038 1432 1070 1490 te
1094 1448 1159 1491 non
1183 1428 1265 1492 vidit
1287 1429 1479 1495 adversitas.
1525 1432 1587 1496 hoe
1617 1433 1791 1518 triumphis
1815 1433 1882 1498 suis
1898 1411 1951 1495 15’
1997 1409 2002 1418 ⁸

229 1536 362 1620 decerpi
386 1532 488 1598 sensit
510 1530 674 1608 inimicus,
705 1528 792 1614 quod
815 1532 901 1614 capti
922 1530 1104 1595 sacerdotis
1128 1533 1272 1596 animum
1295 1555 1359 1598 non
1390 1536 1531 1621 subegit.
1578 1536 1748 1622 pugnabas
1777 1535 1884 1601 adhue

227 1661 286 1728 pro
315 1636 520 1703 absolutione
548 1633 763 1719 plurimorum
792 1638 826 1697 et
852 1633 911 1697 tibi
942 1634 1021 1698 nihil
1045 1640 1196 1700 metuens
1220 1635 1260 1701 de
1284 1638 1391 1722 plebis
1416 1644 1492 1704 tuae
1516 1641 1683 1704 anxietate
1705 1629 1901 1725 pendebas*

227 1745 305 1809 nolo
333 1741 455 1806 diutius
484 1737 633 1802 tristibus
661 1736 831 1817 inmorari,
864 1738 940 1802 nolo
969 1738 1169 1822 tragoediam
1201 1741 1335 1826 maligni
1358 1744 1514 1829 temporis
1537 1745 1682 1830 aperire,
1713 1744 1820 1810 libans
1845 1742 1885 1808 de

228 1846 358 1912 inlustri
380 1842 630 1909 conversatione
654 1846 711 1904 tua
734 1841 903 1926 aliquanta
925 1845 1145 1927 praetervolo,
1170 1866 1211 1911 ne
1235 1851 1269 1910 te
1286 1846 1449 1912 narrando
1466 1868 1582 1934 cogam
1598 1848 1705 1914 denuo
1723 1849 1886 1914 sustinere

230 1973 314 2039 quae
343 1969 461 2036 passus
492 1970 543 2021 es;
575 1965 771 2030 quamquam
801 1943 917 2010 doctor
944 1946 1090 2030 gentium
1102 1947 1147 2016 ,iu
1170 1949 1380 2015 tribulatione
1405 1953 1585 2017 exercitum
1610 1975 1645 2018 se
1668 1954 1771 2020 luisse
1796 1975 1884 2020 oom-

162 2111 167 2120 .
230 2060 388 2122 memoret
415 2051 613 2116 vociferans:
646 2052 730 2114 ‘cum
757 2050 914 2131 infirmor,
942 2056 1020 2115 tunc
1050 2058 1167 2136 potens
1199 2052 1292 2118 sum)
1339 2060 1432 2119 taceo
1459 2055 1602 2121 inediam
1624 2058 1727 2142 frigus
1751 2059 1884 2123 iniurias
1900 2052 2032 2151 ffisscffiss

229 2168 263 2226 et
278 2162 345 2240 illa,
369 2177 453 2244 quae
469 2155 531 2220 tibi
548 2155 671 2218 inimici
689 2154 816 2218 animus
833 2153 985 2240 providit,
1010 2162 1188 2241 augmenta
1204 2159 1401 2222 morborum.
1436 2157 1504 2240 sed,
1521 2159 1629 2239 eredo,
1649 2161 1732 2226 haec
1747 2161 1886 2246 puerilia
1977 2139 1982 2158 ’

229 2272 264 2331 et
286 2284 364 2329 suco
388 2261 543 2346 antiquae
559 2257 750 2323 valitudinis
773 2258 912 2324 robusta
934 2261 1084 2326 membra
1107 2261 1301 2327 tolerabant.
1341 2283 1448 2328 nonne
1473 2265 1629 2329 emortuis
1645 2287 1704 2350 per
1720 2286 1885 2352 conpages

229 2369 365 2436 artubus
390 2374 424 2432 et
447 2388 467 2430 a
489 2362 707 2451 possibilitate
738 2363 871 2450 propria
903 2365 1000 2450 longa
1028 2367 1091 2430 iam
1115 2372 1227 2430 aetate
1250 2366 1415 2432 distractis
1438 2368 1509 2432 sola
1531 2367 1639 2432 anima
1662 2369 1751 2434 flecti
1774 2370 1886 2435 nescia

231 2471 415 2540 sustinebat
449 2475 483 2534 et
516 2466 673 2532 imitanda
706 2466 888 2532 intentione
924 2467 1083 2532 adversus
1123 2471 1343 2555 inpugnantes
1375 2491 1468 2535 muro
1504 2474 1706 2538 constantiae
1742 2473 1887 2538 stabilita

231 2575 398 2644 certabat?
432 2577 506 2660 post
526 2572 608 2636 haec
626 2570 666 2635 ad
682 2569 864 2636 redivivum
881 2578 1002 2646 statum
1018 2573 1180 2638 libertatis
1197 2580 1328 2659 optatae
1346 2594 1521 2659 numquam
1536 2576 1590 2661 pia
1607 2582 1684 2640 vota
1699 2574 1885 2661 despiciens
1901 2573 1938 2632 17

230 2682 384 2747 Christus
412 2675 599 2762 redemptor
627 2682 739 2740 noster
768 2675 909 2740 occurrit
940 2681 976 2740 et
1003 2676 1125 2741 fractas
1148 2677 1288 2742 Romani
1320 2677 1459 2742 nominis
1487 2679 1576 2744 vires
1605 2679 1721 2744 artifici
1744 2677 1888 2744 medella

229 2785 361 2851 solidat:
394 2783 427 2847 in
455 2781 601 2865 vigorem
629 2779 834 2845 salutiferum
863 2801 916 2844 res
948 2781 1089 2844 contrita
1115 2783 1289 2862 remeavit.
1336 2804 1409 2846 cum
1438 2805 1481 2848 ex
1510 2783 1577 2847 alto
1611 2783 1762 2869 benignis
1786 2782 1888 2846 oeulis

230 2887 383 2954 caelestis
415 2884 602 2950 dominator
628 2883 773 2968 aspexit,
806 2881 1104 2948 Mediolanensium
1132 2885 1204 2950 urbi
1234 2887 1291 2950 lux
1321 2893 1372 2951 est
1402 2888 1525 2972 proprii
1548 2884 1676 2952 reddita
1698 2884 1888 2952 sacerdotis.

230 2999 308 3058 tunc
332 3011 406 3055 eum
428 3009 521 3052 rarus
545 2986 718 3067 habitator,
742 2994 820 3051 tunc
844 3009 918 3052 eum
941 3009 1033 3052 error
1055 2989 1087 3052 in
1111 2989 1261 3054 domibus
1286 2995 1319 3055 et
1333 3010 1395 3075 per
1410 2989 1519 3055 dulcia
1536 2990 1760 3056 cubiculorum
1776 2990 1888 3054 limina
1902 2985 2034 3090 lssbffl·

234 3097 370 3162 confusa
397 3091 576 3170 discursio,
608 3096 685 3155 tune
719 3112 793 3154 cum
821 3090 942 3176 ubique
973 3113 1076 3177 pavor
1104 3099 1138 3158 et
1161 3094 1268 3157 luctus
1293 3101 1326 3159 et
1349 3093 1402 3159 dei
1427 3095 1551 3179 templa
1573 3095 1606 3158 in
1629 3094 1772 3160 ferarum
1796 3093 1889 3158 habi-

230 3203 354 3267 tatione
374 3197 533 3285 deputata
557 3195 745 3274 sordebant,
771 3215 844 3259 cum
863 3215 1010 3260 marcens
1026 3197 1153 3260 incuria
1169 3197 1436 3282 splendidissima
1451 3195 1573 3262 dudum
1589 3199 1674 3262 atria
1690 3198 1754 3262 situ
1770 3197 1889 3262 vetusti

230 3304 353 3370 umoris
381 3299 578 3382 obnuberat,
612 3300 772 3364 laetitiam
801 3300 920 3364 ceteris
950 3305 1006 3380 tuo
1034 3299 1153 3365 dedisti
1183 3300 1223 3365 de
1254 3299 1378 3382 reditu,
1408 3306 1444 3364 tu
1467 3321 1639 3386 regressus
1663 3300 1704 3364 ad
1728 3300 1889 3366 lacrimas.

231 3418 308 3475 tune
337 3429 427 3473 more
459 3406 582 3486 avium,
613 3404 748 3489 quibus,
777 3403 853 3468 dum
880 3410 967 3468 terra
994 3403 1124 3469 nivibus
1152 3405 1303 3485 vestitur,
1337 3410 1370 3470 et
1399 3404 1537 3469 alieuius
1566 3405 1628 3469 loci
1651 3405 1684 3468 in
1708 3424 1800 3491 spem
1823 3404 1887 3469 cibi

233 3513 390 3599 spoliatur
413 3509 575 3596 angustia,
600 3507 728 3573 videres
754 3529 838 3593 quae
862 3529 1033 3574 remanere
1057 3515 1234 3595 potuerunt
1256 3508 1363 3595 plebis
1386 3508 1540 3594 reliquias
1565 3508 1763 3574 confluxisse
1788 3507 1887 3574 etad

234 3617 312 3682 boni
339 3615 482 3702 pastoris
510 3613 732 3699 praesentiam
755 3610 897 3696 undique
920 3613 1068 3698 fatigatis
1091 3612 1204 3677 balatu
1227 3613 1415 3677 nemoribus
1438 3632 1556 3697 greges
1580 3633 1760 3677 occurrere.
1806 3611 1889 3692 alios
1904 3617 1943 3677 19

233 3727 311 3785 ωηο
339 3717 513 3803 multiplici
542 3714 748 3781 sustentandi
781 3737 903 3801 genere
941 3717 1109 3782 mulcebas
1138 3718 1256 3798 affatu,
1288 3718 1370 3782 alios
1401 3715 1574 3782 reficiebas
1605 3716 1775 3801 inpendio,
1808 3715 1890 3781 alios

232 3823 419 3890 hortabaris
443 3821 604 3905 exemplo.
644 3821 736 3886 brevi
759 3826 835 3905 post
859 3821 891 3884 in
914 3822 1085 3906 antiquum
1107 3827 1238 3900 statum,
1262 3823 1316 3908 qui
1339 3821 1399 3885 tibi
1421 3825 1497 3906 post
1520 3818 1617 3884 deum
1640 3817 1789 3900 debetur,
1813 3819 1891 3883 urbs

232 3929 296 3992 iam
325 3926 456 4012 sepulta
485 3924 625 3990 revaluit
653 3931 699 4004 et,
731 3945 815 4009 quae
846 3947 912 3990 non
935 3925 1091 3990 credebat
1115 3926 1148 3990 in
1173 3947 1207 3990 se
1231 3925 1374 4010 reparari
1398 3945 1497 4010 posse
1522 3922 1607 4008 quod
1630 3923 1751 4004 fuerat,
1783 3922 1892 4007 coepit

233 4033 298 4096 iam
320 4032 457 4096 meliora
479 4028 649 4095 aemulari.
694 4035 782 4110 tunc,
806 4030 860 4114 qui
883 4031 970 4095 ritae
994 4051 1072 4094 usus
1096 4035 1158 4109 est,
1188 4051 1323 4095 eernere
1347 4034 1419 4110 erat
1442 4028 1551 4092 omnia
1575 4027 1617 4091 ad
1639 4027 1790 4092 latiorem
1814 4046 1890 4111 pro-

234 4137 356 4202 fectum
379 4135 474 4200 bonis
498 4133 707 4200 successibus
731 4133 870 4199 invitari.

342 4239 444 4304 Ourro
467 4259 525 4325 per
548 4238 680 4322 singula
704 4238 844 4302 strictim
867 4238 1052 4319 referendo,
1076 4237 1195 4324 quibus
1219 4258 1302 4323 opus
1327 4243 1378 4302 est
1399 4238 1500 4322 longa
1515 4235 1669 4315 narratio,
1693 4234 1735 4298 ad
1750 4252 1889 4318 agonem
1902 4238 1943 4300 20

233 4345 321 4410 ritae
344 4350 432 4424 tuae,
456 4342 498 4407 ad
515 4343 632 4407 summi
650 4342 876 4406 celebritatem
892 4343 1048 4429 propositi
1065 4347 1295 4429 perventurus.
1334 4341 1479 4407 secunda
1493 4346 1567 4427 post
1583 4339 1718 4404 dubium
1733 4339 1889 4425 temporis

234 4455 310 4513 nata
340 4453 391 4513 est
417 4447 451 4512 in
481 4446 624 4512 eeclesia
645 4446 795 4511 Romana
825 4447 1014 4533 eaptivitas,
1048 4465 1131 4531 quae
1160 4451 1192 4510 te
1223 4447 1315 4532 quasi
1348 4446 1413 4511 iam
1440 4444 1496 4509 diu
1525 4442 1675 4509 desidem
1707 4449 1739 4506 et
1770 4442 1892 4508 laboris

234 4553 385 4637 fugacem
409 4549 450 4616 de
473 4551 591 4636 longae
615 4551 689 4614 sinu
713 4549 832 4635 quietis
855 4549 1074 4624 abstraheret,
1099 4570 1171 4613 cum
1189 4550 1245 4613 vix
1267 4570 1324 4634 spe
1347 4548 1438 4635 pacis
1462 4546 1584 4612 laboris
1610 4547 1658 4611 tui
1681 4567 1773 4611 arma
1789 4545 1891 4630 depo-

237 4657 298 4721 sita
319 4663 537 4720 resumuntur.
573 4652 751 4719 deberetur
774 4652 915 4738 quidem,
939 4653 1070 4717 nisime
1087 4652 1193 4716 laudis
1210 4658 1286 4717 tuae
1305 4672 1445 4716 censura
1460 4650 1677 4737 pertraheret,
1700 4651 1734 4714 in
1750 4648 1893 4735 lugenda

236 4781 334 4826 causa
361 4759 545 4839 silentium,
573 4763 609 4821 ut
638 4758 671 4821 in
699 4777 766 4820 una
789 4761 898 4822 aetate
922 4757 1099 4822 memoriae
1122 4763 1239 4842 pereat
1260 4778 1313 4822 res
1337 4755 1487 4822 nefanda.
1533 4761 1666 4820 senatus
1691 4755 1757 4818 illic
1781 4754 1890 4819 euriae
1904 4755 1940 4816 21

236 4865 386 4930 caelestis
413 4863 538 4928 accitus
567 4867 634 4942 est,
666 4862 712 4926 ibi
736 4882 778 4925 ex
801 4861 898 4925 variis
921 4860 1097 4946 provinciis
1122 4860 1352 4947 episcoporum
1375 4860 1473 4925 turba
1495 4860 1668 4941 confluxit,
1697 4857 1755 4922 ubi
1778 4864 1891 4923 coetus

338 5141 353 5193 1
372 5144 439 5211 paris
457 5142 517 5193 Tet
528 5139 618 5204 Str-m„
635 5155 710 5207 pares
727 5138 803 5190 ceteri
906 5137 927 5189 5·
941 5138 1023 5204 magis
1036 5136 1069 5200 Β,
1087 5154 1136 5189 um.
1149 5137 1224 5189 ceteri
1328 5133 1343 5188 7
1362 5138 1504 5189 οηηοίηωηι
1516 5137 1542 5188 Β
1646 5132 1680 5188 12
1697 5135 1854 5202 traguidiam
1867 5133 1892 5184 B

235 5229 348 5282 libanst
471 5227 504 5279 14
522 5243 671 5295 quanquam
689 5225 713 5274 V
831 5223 864 5275 15
882 5222 955 5290 tune]
973 5231 1028 5276 tum
1043 5223 1080 5274 Pb
1161 5224 1246 5290 frigus
1264 5233 1290 5275 et
1306 5224 1413 5274 iniurias
1431 5225 1446 5274 b
1564 5221 1596 5273 lt
1614 5239 1743 5289 conpages
1762 5219 1789 5288 (p
1807 5222 1835 5272 in
1848 5221 1893 5284 lit,

235 5333 252 5383 g
269 5315 346 5382 corr.)
360 5315 386 5366 Β
525 5312 558 5365 18
579 5313 663 5377 arllp'tu
678 5311 683 5375 Ι
698 5313 748 5363 bus
771 5309 811 5377 (tu
828 5318 885 5376 post
903 5311 949 5361 lin.
968 5310 1030 5360 add.
1048 5327 1118 5360 marr.
1137 5308 1162 5374 2)
1177 5309 1202 5360 B
1339 5306 1374 5360 20
1391 5311 1529 5377 dispiciens
1541 5309 1567 5360 Β
1704 5307 1738 5359 21
1756 5308 1856 5359 medela
1872 5307 1897 5356 V

235 5400 269 5454 22
285 5403 378 5454 solidat
393 5401 499 5463 Hurtcl,
523 5401 630 5452 solidata
649 5399 709 5450 libri
848 5395 882 5448 23
905 5397 1135 5448 mediolanensium
1155 5435 1249 5448 .....
1270 5397 1408 5450 sacerdotis
1431 5398 1459 5448 ia
1476 5397 1592 5463 urarpine
1610 5395 1734 5463 inferiore
1751 5389 1894 5459 mppl.'B²

234 5487 268 5539 24
285 5489 385 5540 lumina
400 5487 475 5538 VLT
556 5485 592 5537 25
609 5488 636 5537 ἰη
649 5485 699 5537 dcl.
717 5482 797 5536 T2Po
848 5485 1001 5536 habitationi
1017 5482 1096 5548 VLT,
1114 5485 1318 5536 habitationibus
1331 5483 1369 5534 Po
1459 5479 1493 5535 27
1506 5484 1653 5534 obnuuarat
1670 5481 1777 5544 cadmea,
1794 5479 1891 5530 mend.

236 5575 321 5627 Schott
339 5585 362 5626 et
381 5574 460 5626 Sir-m.
538 5582 568 5626 tu
585 5575 613 5624 in
626 5574 662 5624 lit.
675 5573 700 5624 Β
815 5570 849 5623 29
868 5572 963 5625 uideris
977 5570 1003 5620 Β
1118 5567 1153 5620 30
1170 5586 1322 5622 concurrere
1334 5570 1357 5633 t,
1374 5585 1508 5621 accurrere
1523 5569 1602 5622 Sirra.
1718 5564 1750 5618 31
1770 5566 1894 5633 multipli-

236 5665 298 5716 citer
309 5660 379 5714 31⁷¹
512 5659 547 5712 34
563 5667 603 5713 est
620 5662 671 5712 iam
689 5675 793 5712 cernere
806 5658 885 5710 Sim.
1020 5653 1054 5707 36
1072 5657 1151 5724 longa
1163 5656 1197 5722 B,
1214 5657 1289 5723 larga
1307 5656 1390 5718 ceteri,
1407 5664 1472 5706 recte
1483 5657 1552 5722 sort.
1685 5650 1720 5704 38
1737 5660 1763 5704 ta
1780 5652 1808 5704 ia
1820 5653 1857 5703 lit.
1869 5651 1895 5701 B

236 5749 365 5819 39101130
384 5749 412 5817 (u
430 5751 458 5803 ia
470 5748 518 5816 lit.)
532 5750 558 5800 B
661 5745 695 5799 41
715 5745 777 5813 illic]
796 5748 841 5799 ille
854 5746 893 5798 Pb

1653 5831 1688 5886 1*
