4576 6428
444 407 506 468 316
698 400 808 455 CDblll
826 398 947 466 (CARM.
965 399 990 462 2,
1010 399 1078 466 151),
1098 397 1207 453 CDLlV
1225 397 1348 467 (EPIST.
1366 399 1391 462 9,
1411 399 1464 467 26),
1484 395 1578 452 CDLV
1597 397 1720 467 (EPIST.
1738 397 1763 461 9,
1781 397 1835 464 21).

807 574 846 638 ln
870 573 1009 659 geminis
1033 573 1173 659 simplex
1196 571 1302 637 radiat
1324 571 1381 657 pia
1403 569 1510 656 gloria
1532 570 1628 636 tectis

854 677 899 743 ut
921 677 962 742 de
986 677 1099 742 divisis
1123 675 1331 742 consociatur
1353 675 1469 739 honos.

738 797 749 832 ι
807 781 858 846 Ne
881 781 997 868 procul
1019 786 1076 846 aut
1098 779 1220 846 ibidem
1243 799 1353 844 sacros
1377 775 1592 843 confunderet
1613 797 1701 858 usus,

856 885 1031 953 Constanti
1053 907 1225 952 numerum
1249 906 1319 951 sors
1343 883 1434 949 dedit
1455 882 1566 970 ampla
1588 882 1670 948 loco.

1067 1209 1205 1280 oum
1228 1211 1337 1298 (sarar.
1355 1215 1385 1293 9,
1402 1212 1469 1291 26).

1010 1388 1249 1464 ENNODIVS
1275 1387 1537 1462 MESSALAE.

414 1555 427 1614 ¹
564 1538 647 1634 Scio
672 1567 824 1654 equidem
847 1587 906 1634 ros
927 1587 986 1654 pro
1009 1566 1174 1648 desiderio
1197 1587 1271 1631 meo
1295 1566 1396 1630 luisse
1420 1564 1615 1644 subtractos,
1640 1563 1698 1628 sed
1719 1561 1809 1627 aliud
1833 1583 1891 1649 spe
1913 1561 1955 1626 de
1972 1562 2107 1627 sollici-

443 1672 556 1737 tudine
588 1677 699 1738 vestra
730 1693 975 1759 praeceperam.
1020 1692 1095 1735 nam
1127 1677 1159 1735 et
1188 1671 1330 1755 qualiter
1358 1670 1497 1735 domnus
1526 1667 1587 1734 deo
1617 1673 1807 1755 praestante
1836 1665 2037 1732 valedixerit
2069 1673 2108 1730 et

443 1776 498 1860 qui
519 1776 612 1842 vobis
636 1776 762 1842 itineris
795 1774 874 1840 ordo
901 1775 1011 1855 fuerit,
1043 1775 1070 1838 si
1091 1774 1157 1838 mei
1181 1795 1304 1838 memor
1333 1793 1436 1850 esses,
1467 1791 1674 1858 agnoveram.
1720 1769 1779 1836 sed
1808 1769 1885 1856 quid
1913 1771 2014 1850 facio,
2046 1771 2107 1856 qui

411 1879 686 1965 tneglegentiam
709 1883 851 1943 vestram
874 1898 936 1943 nec
959 1874 1165 1962 suggerendo
1187 1875 1324 1940 formam
1348 1874 1530 1940 allectionis
1555 1879 1730 1961 expugno?
1754 1895 1833 1960 ergo
1857 1875 1885 1939 si
1907 1881 1940 1940 te
1963 1873 2106 1939 Christo

442 1981 505 2048 deo
529 1988 641 2047 nostro
664 1981 829 2046 tribuente
853 2002 929 2067 spes
952 1981 1109 2067 nuptialia
1132 1979 1317 2059 adflaverit
1344 1977 1474 2043 Ennodi
1496 1979 1688 2044 memoriam
1711 1999 1777 2044 non
1800 1977 1940 2064 fugabis,
1965 1977 2107 2064 quando

442 2086 533 2152 nulla
561 2085 607 2150 sic
638 2085 737 2150 cessit
765 2085 866 2149 maior
895 2083 1066 2170 diligentia
1095 2089 1128 2148 et
1158 2083 1232 2170 pius
1264 2103 1355 2147 amor
1385 2083 1538 2148 exclusus
1567 2088 1628 2147 est.
1673 2087 1800 2146 tantum
1822 2104 1842 2147 a
1864 2088 2000 2171 pectore
2032 2089 2107 2164 tuo,

442 2194 599 2273 quantum
622 2189 664 2253 ab
688 2189 790 2254 oculis
814 2188 1054 2254 submovebor?
1084 2209 1183 2253 sanus
1207 2194 1287 2268 esto,
1312 2187 1403 2252 salva
1418 2187 1484 2251 vita
1506 2187 1608 2274 patris
1631 2191 1664 2251 et
1679 2186 1789 2251 fratris
1806 2187 1866 2252 tui!
1904 2185 1987 2252 deus
2005 2188 2107 2252 robis

442 2291 640 2357 benefaciat:
677 2297 860 2376 agnoscant
894 2289 981 2376 quod
1009 2297 1123 2377 pascat
1157 2290 1313 2356 auditum.
1360 2289 1457 2376 quale
1488 2291 1587 2356 vultis
1622 2291 1708 2355 circa
1742 2311 1794 2356 me
1829 2289 1987 2356 exhibete
2022 2313 2107 2377 pro-

412 2396 602 2483 3positum:
635 2416 737 2460 unum
761 2402 793 2460 te
817 2416 895 2481 rogo
924 2395 1049 2459 honore
1081 2395 1287 2460 salutationis
1315 2394 1474 2472 exhibito,
1503 2400 1539 2459 ut
1567 2392 1653 2480 apud
1680 2394 1818 2459 domnos
1847 2394 2015 2481 apostolos
2040 2416 2105 2481 pro
2163 2419 2189 2457 ιο

442 2521 495 2566 me
519 2499 661 2586 digneris
684 2521 802 2586 preces
826 2499 955 2581 offerre,
985 2506 1022 2562 ut
1045 2499 1108 2586 ipsi
1136 2500 1286 2565 miserias
1314 2519 1404 2563 meas
1432 2497 1673 2563 medicinaliter
1701 2506 1817 2565 curent
1842 2521 1904 2565 nec
1930 2501 2111 2585 patiantur

443 2627 495 2670 me
525 2606 698 2691 quicquam
729 2605 815 2670 velle
846 2603 933 2690 quod
963 2626 1027 2669 non
1058 2603 1170 2670 decet:
1209 2605 1372 2690 castigent
1407 2604 1693 2690 praesumptiones
1725 2603 1843 2668 mentis
1878 2608 1911 2668 et
1942 2605 2110 2692 corporis.

443 2708 530 2795 quod
554 2709 581 2773 si
604 2709 716 2791 facias,
740 2706 837 2774 credo
861 2730 920 2794 pro
943 2708 1133 2773 innocentia
1155 2714 1189 2773 et
1210 2709 1352 2796 puritate
1371 2715 1428 2771 tua
1453 2713 1486 2772 te
1510 2707 1627 2772 melius
1652 2729 1710 2794 pro
1734 2727 1796 2788 me,
1820 2707 1966 2793 quamsi
1992 2729 2108 2774 essem

445 2832 553 2877 coram
576 2812 716 2898 positus,
739 2811 947 2877 audiendum.

1080 3049 1196 3118 GDIN
1219 3049 1331 3138 (nsrsr.
1349 3055 1379 3134 9,
1396 3051 1463 3138 27).

860 3227 1097 3304 ENNODlVS
1124 3229 1404 3303 AVRELIANO
1431 3229 1675 3305 EPISCOPO.
1861 3275 1863 3278 ·
2161 3285 2187 3324 ιε

415 3400 428 3460 ¹
550 3377 683 3474 Debeo
707 3407 858 3495 equidem
882 3409 987 3474 dolori
1012 3428 1086 3474 meo
1116 3429 1242 3490 rocem,
1275 3406 1334 3473 sed
1364 3408 1568 3473 reverentiae
1595 3413 1725 3474 restrae
1752 3407 2021 3476 taciturnitatem.
2072 3421 2107 3478 et

441 3513 526 3576 forte
556 3513 673 3576 melius
704 3534 886 3578 maerorem
914 3513 954 3578 de
985 3512 1185 3577 abstinentia
1215 3512 1372 3577 sermonis
1400 3514 1500 3577 vestri
1531 3513 1722 3598 loqueretur
1751 3520 1842 3578 muta
1868 3512 2105 3586 dissimulatio.

441 3615 599 3680 urbanum
631 3616 717 3680 enim
747 3623 781 3681 et
804 3617 923 3683 subtile
948 3624 1033 3698 erat,
1067 3624 1104 3680 ut
1132 3615 1236 3682 isdem
1260 3617 1373 3693 lineis,
1406 3616 1523 3702 quibus
1551 3618 1584 3681 in
1608 3639 1659 3682 me
1690 3617 1899 3704 delinquitur,
1931 3622 2102 3705 potiorum

442 3717 563 3784 delicta
589 3720 775 3800 ferirentur,
810 3728 846 3785 ut
875 3741 986 3787 secum
1015 3720 1154 3785 haberet
1184 3722 1280 3806 culpa
1310 3721 1496 3786 vindictam.
1544 3719 1602 3786 sed
1629 3742 1692 3807 quo
1722 3743 1774 3786 me
1803 3727 1938 3804 vertam,
1971 3727 2027 3809 qui
2053 3729 2104 3792 in-

442 3843 622 3888 memorem
644 3824 708 3888 mei
732 3831 765 3888 et
788 3825 959 3889 humilium
982 3825 1131 3888 notitiam
1154 3830 1364 3910 respuentem
1385 3824 1567 3910 pertinacia
1588 3825 1706 3888 amoris
1723 3826 1850 3910 insequi
1866 3847 1931 3891 non
1947 3827 2101 3894 desisto?
2158 3856 2185 3896 ao

411 3925 599 4013 2numquid
621 3948 687 3991 non
710 3927 872 4015 repudiati
894 3929 1111 4014 inportunitas
1134 3935 1241 3993 mater
1264 3929 1407 3994 horroris
1431 3935 1490 4008 est,
1514 3951 1587 3993 curn
1611 3928 1762 4014 placendi
1785 3950 1844 4014 per
1866 3930 2103 4000 adsiduitatem

442 4029 640 4094 desiderium
664 4032 836 4096 materiam
860 4033 973 4116 exigat
996 4030 1212 4118 displicendi?
1236 4053 1311 4096 nam
1336 4032 1488 4117 quicquid
1506 4040 1614 4096 mente
1630 4032 1782 4116 fugimus,
1807 4034 1971 4120 ingestum
1997 4039 2104 4103 oculis

442 4134 497 4198 vix
520 4133 679 4200 ridemus.
725 4155 744 4199 o
770 4137 796 4199 si
820 4136 898 4200 mihi
922 4137 1038 4200 liceret
1062 4135 1168 4200 adhuc
1192 4137 1320 4220 aequali
1349 4157 1421 4200 curn
1451 4135 1652 4200 beatitudine
1684 4143 1741 4200 tua
1771 4145 1857 4202 sorte
1881 4139 2101 4207 contendere!

442 4236 499 4302 sed
533 4237 695 4303 dormiunt
729 4239 816 4326 apud
850 4259 1002 4304 coronam
1041 4245 1129 4303 tuam
1164 4239 1417 4324 propinquitatis
1442 4240 1643 4324 privilegia,
1682 4246 1856 4326 postquam
1893 4249 1989 4328 pater
2024 4267 2102 4310 esse

412 4341 599 4408 emersisti.
644 4343 765 4408 retinet
796 4343 967 4428 quisquam
1000 4343 1166 4406 hominurn
1200 4343 1309 4427 perire
1344 4342 1410 4405 suis
1439 4343 1511 4407 iura
1542 4343 1791 4410 necessitudinis
1820 4345 2035 4412 incrementis
2068 4357 2103 4414 et
2159 4375 2183 4414 ss

442 4443 633 4511 adcessione
671 4448 746 4532 piae
785 4444 954 4529 dignitatis
989 4453 1022 4510 et
1055 4446 1187 4530 generis
1221 4450 1254 4509 et
1289 4445 1480 4530 diligentiae
1519 4448 1626 4512 vincla
1666 4449 1824 4515 dissolvit
1869 4473 1947 4538 ergo
1987 4453 2103 4519 decuit

443 4548 646 4614 evectionem
677 4549 786 4614 meriti
817 4551 920 4614 vestri
948 4548 1094 4613 instabili
1125 4547 1205 4612 mihi
1233 4568 1306 4612 esse
1340 4569 1469 4614 rumore
1505 4557 1693 4636 conpertam
1728 4560 1762 4618 et
1795 4553 1835 4618 de
1868 4559 2102 4623 communibus

442 4651 570 4736 gaudiis
587 4650 693 4716 adbuc
709 4651 853 4738 pendere
870 4653 1022 4738 opinione
1039 4656 1249 4715 contentum?
1274 4652 1399 4716 electus
1416 4674 1498 4734 snm,
1523 4654 1574 4717 oui
1594 4655 1715 4720 bonnm
1739 4658 1894 4744 generale
1918 4665 2102 4742 taceretur,

410 4759 479 4820 dut
502 4776 572 4821 rem
595 4756 687 4821 aurei
711 4756 834 4820 saeculi
865 4757 952 4821 solus
980 4777 1039 4842 pro
1070 4755 1292 4819 conscientiae
1323 4776 1416 4820 meae
1445 4757 1644 4822 obscuritate
1671 4761 1841 4828 nescirem.
1886 4763 2009 4828 nobilis
2034 4767 2104 4830 vita

545 5016 571 5052 r.
588 4997 606 5050 4
624 5000 705 5052 bonos
717 4999 807 5065 Sirra,
824 5001 909 5052 honus
920 4997 1006 5062 But,
1023 5014 1089 5050 onus
1103 4996 1162 5049 0Po
1267 5013 1291 5048 r.
1309 4994 1326 5048 b
1343 5015 1376 5050 ne
1388 4997 1422 5064 B,
1439 5015 1488 5052 nec
1504 5002 1580 5052 cauri

546 5100 671 5171 [CDLIV]
707 5101 725 5154 2
742 5121 788 5172 ape
800 5103 904 5168 Horret,
927 5104 983 5172 spei
1001 5102 1061 5154 libri
1151 5101 1348 5152 sollicitudinem
1364 5099 1406 5152 B¹
1532 5102 1550 5154 3
1572 5106 1746 5174 praeciperem
1758 5107 1836 5159 BVL
1963 5110 1980 5162 4
1999 5115 2067 5166 esais
2079 5113 2107 5165 Β

440 5187 458 5240 5
480 5191 665 5258 negligentiam
680 5189 706 5241 Β
832 5187 849 5241 6
871 5191 1000 5257 nuptiales
1016 5185 1136 5239 BVLT1
1224 5189 1354 5240 attinuerit
1369 5187 1391 5236 V
1475 5191 1578 5242 ennodii
1595 5189 1673 5244 Two
1799 5193 1813 5246 7
1831 5195 1868 5246 sic
1879 5194 1911 5258 ·(e
1929 5213 1987 5263 napi.
2002 5199 2062 5261 lin.)
2079 5201 2107 5251 Β

440 5272 458 5326 8
475 5277 606 5329 aubuebor
622 5293 678 5343 arcp.
692 5277 737 5328 lira
755 5294 797 5329 mo
809 5275 835 5328 Β
937 5274 954 5326 9
971 5291 1108 5343 agnoscam
1125 5271 1167 5325 Τ2
1236 5274 1322 5326 uultes
1334 5273 1360 5323 B
1463 5273 1494 5326 11
1513 5278 1635 5330 maserias
1647 5278 1692 5328 Ba

545 5376 657 5448 [CDLV]
701 5379 734 5432 15
756 5387 817 5449 spos
832 5379 866 5445 Β,
886 5381 966 5432 om.b
1070 5378 1216 5430 Arelatensi
1240 5377 1344 5428 addidit
1363 5395 1433 5429 maa.
1455 5395 1505 5430 rec.
1527 5380 1555 5431 ia
1572 5379 1599 5431 Β
1615 5389 1638 5432 et
1655 5381 1743 5434 Schott
1881 5381 1913 5434 17
1938 5384 2106 5456 loqueretur]

442 5473 592 5532 amnentur
603 5465 643 5517 Pb
735 5465 768 5518 18
786 5468 884 5519 hisdem
896 5466 930 5532 Β,
947 5465 1042 5518 eisdem
1057 5465 1116 5516 0Ρῦ
1209 5461 1241 5514 19
1258 5464 1364 5516 heberet
1375 5463 1401 5514 B
1490 5462 1526 5516 20
1542 5469 1678 5533 pertinatia
1688 5466 1784 5533 ΜΡ,
1801 5469 1967 5537 pertinaciam
1979 5471 2080 5524 Rvet
2087 5475 2114 5525 Τ

440 5549 473 5603 21
492 5569 538 5619 per
555 5553 789 5606 adsiduitatem...
804 5555 954 5622 displicendi
967 5555 1051 5620 sappi.
1064 5553 1092 5602 in
1104 5569 1153 5618 mg.
1165 5547 1268 5616 iaf.B²
1371 5549 1405 5602 22
1423 5553 1504 5619 exigit
1518 5554 1576 5606 UPb
1681 5553 1714 5606 23
1732 5575 1747 5606 o
1761 5573 1810 5607 om.
1823 5555 1918 5608 Hartal
1989 5562 2109 5613 condere

440 5653 497 5703 sup.
510 5638 556 5688 tn.
573 5645 618 5691 ten
634 5639 660 5690 Β
801 5639 836 5692 26
857 5642 1003 5694 wcemione
1021 5639 1045 5690 V
1177 5645 1202 5688 st
1224 5644 1283 5687 aruc
1306 5637 1454 5704 diligentiae
1471 5656 1520 5690 ont.
1536 5640 1562 5689 B
1699 5639 1732 5692 27
1753 5643 1867 5694 instabili
1887 5638 1999 5708 T²0Pb,
2024 5647 2109 5700 inara-

440 5725 519 5777 bilem
531 5724 557 5775 Β
563 5723 651 5776 Vm
754 5725 789 5780 28
805 5728 898 5779 elictns
910 5727 936 5778 B
