4566 6532
123 2064 147 2103 ts

121 2579 147 2619 2⁰

789 349 793 354 ¹
877 389 1182 461 commorasse).

666 562 772 628 Intrat
794 564 918 629 excelsi
940 566 1111 651 penetrale
1135 565 1236 651 regis,

665 664 793 731 Ditium
815 673 904 731 tutus
928 674 1041 734 manet
1061 669 1095 732 in
1117 669 1229 750 rrrinis,

665 769 735 835 Ille
751 792 813 836 nec
835 772 944 857 legem
966 773 1089 858 patitur
1111 773 1253 861 sepulcri

769 874 842 941 Nec
864 876 952 940 mala
973 877 1071 942 vitae.

309 1009 361 1076 De
395 1011 551 1096 praefatis
581 1011 755 1076 virtutibus
788 1013 932 1078 facessat
965 1014 1144 1079 studiorum
1178 1015 1364 1079 liberalium
1397 1015 1513 1080 deesse
1541 1014 1762 1100 diligentiam,
1796 1036 1856 1101 per
1870 1015 1909 1076 10

200 1135 299 1200 quam
322 1114 505 1180 divinarum
527 1113 613 1179 bona
636 1136 745 1180 rerum
767 1117 860 1201 quasi
882 1117 1020 1202 pretiosi
1042 1118 1172 1182 monilis
1195 1118 1269 1183 luce
1295 1117 1521 1199 sublimentur,
1545 1119 1701 1202 quianon
1716 1119 1854 1182 multum

200 1216 395 1282 afoeditate
419 1219 601 1303 seiungitur
623 1219 807 1306 inperfecta
829 1219 1026 1301 formositas,
1052 1226 1085 1284 et
1108 1221 1163 1306 qui
1186 1241 1252 1285 non
1277 1220 1477 1286 sufficienter
1500 1242 1693 1307 magnorum
1716 1221 1856 1288 tetendit

200 1320 241 1385 ad
268 1321 429 1402 eulmina,
458 1322 651 1388 miserorum
682 1323 793 1389 infima
814 1324 870 1388 vix
898 1324 1039 1409 reliquit.
1084 1324 1168 1388 istae
1197 1329 1307 1389 tamen
1330 1345 1409 1410 prae
1431 1325 1556 1390 foribus
1581 1324 1673 1410 quasi
1695 1324 1855 1388 nutricem
1869 1327 1904 1388 11

201 1430 385 1490 ceterarum
416 1432 617 1512 anteponunt
645 1428 906 1512 grammaticam,
948 1449 1031 1512 quac
1062 1427 1323 1493 adulescentium
1355 1435 1483 1494 mentes
1514 1449 1632 1515 sapore
1662 1426 1795 1493 artificis
1822 1431 1857 1492 et

199 1530 318 1615 planae
357 1529 549 1594 elocutionis
589 1530 715 1596 inliciat
749 1538 783 1596 et
816 1531 858 1596 ad
892 1530 1079 1596 Tullianum
1120 1532 1262 1596 calorem
1297 1533 1445 1597 scintillis
1480 1531 1690 1618 praefigurati
1722 1529 1856 1617 vaporis

199 1630 350 1698 adducat.
400 1631 594 1698 fabricatum
621 1634 761 1699 Martius
795 1656 928 1721 campus
963 1636 1101 1700 militem
1136 1635 1286 1721 suscipit,
1321 1658 1419 1722 quem
1454 1636 1665 1701 simulacrum
1697 1636 1855 1701 mentitae

199 1735 418 1801 dimicationis
452 1738 625 1818 animavit,
660 1761 720 1805 nec
755 1740 874 1826 pedem
906 1747 1074 1827 retorquet
1104 1763 1124 1806 a
1153 1741 1316 1820 classicis,
1351 1741 1403 1805 cui
1433 1739 1625 1805 bucinarum
1658 1738 1794 1823 clangor
1822 1741 1856 1802 et

198 1839 380 1905 ministeria
403 1841 481 1906 belli
505 1842 591 1906 inter
613 1845 704 1929 pacis
728 1843 953 1910 blandimenta
976 1852 1182 1932 crepuerunt.
1220 1867 1281 1909 usu
1304 1845 1390 1910 enim
1407 1844 1509 1908 virtus
1525 1843 1648 1908 nutrita
1669 1840 1856 1928 grandescit
1871 1841 1910 1902 12

199 1949 233 2008 ct
255 1942 296 2007 de
319 1943 525 2010 institutione
554 1948 700 2011 nascitur
722 1949 941 2034 periculorum
965 1950 1150 2015 tolerantia.
1197 1949 1413 2014 consummati
1437 1948 1562 2014 roboris
1585 1947 1673 2011 viros
1696 1944 1858 2032 principia

200 2046 352 2112 viderunt
374 2049 540 2114 timentes.
585 2049 672 2116 bene
696 2057 759 2133 est,
791 2052 819 2115 si
841 2051 1009 2117 rhetorum
1034 2051 1173 2118 dextera
1195 2059 1228 2118 et
1251 2052 1387 2117 libertas
1411 2051 1469 2116 illa
1492 2051 1677 2136 linguarum
1698 2047 1857 2114 formatos

198 2152 486 2236 grammaticorum
509 2153 643 2220 fornace
667 2176 766 2220 enses
788 2156 939 2242 accipiat,
963 2157 1017 2242 qui
1040 2178 1082 2222 ne
1105 2157 1289 2222 manifestis
1313 2155 1434 2220 cedant
1445 2153 1581 2234 ictibus,
1604 2151 1760 2238 frequens
1777 2172 1855 2217 con-

198 2255 273 2319 tulit
296 2256 405 2341 imago
428 2256 577 2322 feriendi.
622 2258 656 2322 in
678 2259 740 2324 hac
763 2260 915 2326 cautione
939 2281 1020 2346 opus
1044 2271 1109 2341 est,
1139 2267 1175 2324 ut
1198 2281 1298 2346 supra
1320 2259 1439 2324 aetatis
1463 2259 1647 2322 inmaturae
1670 2256 1855 2321 naturalem
1870 2253 1909 2316 13

197 2379 304 2444 paene
327 2359 494 2426 licentiam
517 2362 595 2426 artis
620 2368 747 2428 crescat
769 2363 901 2429 affectio
927 2362 1024 2428 etde
1048 2364 1203 2429 continua
1226 2384 1285 2450 per
1309 2361 1498 2449 pedagogos
1522 2366 1556 2426 et
1571 2359 1694 2426 indicta
1709 2357 1853 2424 necessi·

198 2467 266 2527 tate
297 2462 377 2528 clari
407 2465 516 2550 operis
546 2471 728 2552 spontanea
757 2488 835 2532 cura
862 2467 1018 2554 prosiliat.
1064 2466 1207 2532 ostendit
1238 2475 1348 2531 tamen
1377 2465 1419 2529 ad
1449 2466 1571 2530 bonam
1594 2486 1630 2530 se
1654 2465 1854 2529 voluntatem

200 2566 337 2632 tendere
367 2569 422 2654 qui
450 2574 486 2632 ut
508 2575 645 2655 cogatur
667 2569 860 2656 adquiescit.
907 2571 970 2635 iarn
993 2592 1078 2657 pene
1103 2571 1137 2634 in
1160 2569 1268 2636 studio
1292 2568 1393 2634 habet
1414 2568 1638 2650 honestatem,
1671 2587 1854 2653 quemnon

200 2669 335 2736 offendit
358 2671 541 2738 sollicitudo
565 2675 744 2739 monitoris.
789 2680 900 2740 tamen
924 2673 1143 2739 sectatoribus
1167 2675 1232 2740 ista
1255 2675 1302 2739 sic
1325 2674 1482 2759 loquitur:

868 2844 1183 2910 GRAMMATIOA.

523 2968 688 3033 Mentibus
713 2967 827 3034 damus
852 2989 1014 3054 saporem,
1038 2968 1115 3032 dum
1138 2967 1277 3054 polimus
1300 2966 1438 3032 fabulas.

523 3073 669 3137 Iudicem
692 3079 843 3139 tenemus
866 3094 1017 3158 aequum,
1043 3073 1071 3136 si
1094 3072 1172 3158 quid
1195 3077 1283 3136 errat
1305 3072 1470 3157 parvulus.

521 3175 703 3242 Abstineas
727 3199 826 3243 manu
848 3178 1008 3265 pudorem
1031 3198 1110 3241 aure
1134 3183 1168 3240 et
1191 3198 1247 3241 ore
1272 3175 1417 3240 verbero.

523 3280 684 3366 Quicquid
707 3304 760 3346 ars
784 3282 886 3348 habet
909 3280 1105 3368 pavendum,
1129 3302 1182 3344 ars
1205 3279 1359 3366 loquendi
1378 3284 1552 3365 temperat,

523 3385 606 3450 Oum
629 3386 757 3473 pusillis
780 3393 814 3452 et
836 3387 982 3451 iocamur
1004 3387 1090 3451 inter
1112 3387 1186 3472 ipsa
1208 3384 1372 3470 dogmata.

482 3555 484 3558 .
522 3488 607 3553 Nam
630 3489 722 3554 iubet
743 3491 832 3574 rigor
855 3491 1024 3576 magister,
1048 3511 1089 3554 ne
1112 3509 1170 3576 per
1192 3509 1288 3553 omne
1312 3493 1447 3552 terreas.

523 3594 593 3659 Nos
616 3600 768 3680 parentes
790 3593 874 3658 dixit
898 3600 991 3658 aetas
1014 3594 1071 3657 illa
1093 3593 1198 3657 maior
1221 3592 1372 3677 optimos,
1436 3629 1440 3638 ·

525 3696 620 3771 Quod
643 3698 753 3762 favore
778 3703 994 3783 conputamus
1019 3717 1094 3762 esse
1119 3702 1232 3761 nostra
1254 3697 1394 3782 pignora

524 3802 617 3875 Quae
641 3801 731 3867 dedit
754 3807 870 3867 venter
892 3808 1080 3868 tumescens
1104 3800 1242 3865 litterati
1266 3799 1410 3880 seminis,

521 3905 594 3971 Nec
615 3905 717 3971 libido
740 3906 929 3992 subiugavit
951 3906 1022 3970 iura
1045 3904 1124 3969 clari
1146 3903 1301 3990 pectoris.

306 4045 380 4109 Hac
395 4065 454 4108 vos
479 4042 702 4129 digredientes
726 4044 790 4108 iam
813 4044 980 4108 institutos
1003 4042 1174 4108 rhetoricis
1197 4041 1286 4106 lituis
1309 4046 1427 4105 evocat
1443 4040 1574 4104 Mavors
1590 4039 1797 4124 eloquentiae
1822 4046 1908 4111 8114

160 4167 164 4176 ·
200 4149 294 4234 quasi
323 4147 458 4212 loricam
487 4147 602 4226 hamis,
630 4147 678 4210 ita
704 4148 857 4233 conponit
886 4147 985 4210 variis
1009 4153 1048 4210 ‘et
1077 4146 1211 4210 conexis
1243 4166 1416 4209 causarum
1445 4143 1648 4208 munimenta
1676 4143 1855 4229 particulis.

135 4289 139 4302 ι
199 4271 274 4314 nam
297 4249 428 4315 nodosis
451 4251 609 4315 orationis
632 4250 769 4315 artubus
792 4253 825 4315 in
848 4247 985 4316 solida'm
1008 4258 1041 4316 et
1063 4251 1245 4338 simplicem
1262 4248 1400 4313 formam
1416 4247 1538 4311 coactis
1555 4267 1653 4310 unam
1671 4267 1856 4311 sermonum

199 4354 306 4439 pingit
328 4353 481 4439 effigiem,
504 4355 538 4419 in
562 4374 626 4439 qua
647 4355 694 4419 ita
717 4353 883 4440 quadratis
908 4356 1077 4420 sociantur
1099 4355 1231 4419 diversa
1253 4352 1427 4432 mensuris,
1451 4357 1487 4415 ut
1507 4371 1568 4414 noc
1589 4348 1704 4413 divisio
1719 4348 1856 4435 deroget

200 4458 421 4524 coniunctioni
449 4479 510 4523 nec
537 4458 658 4523 viritim
687 4457 898 4545 adgregando
930 4461 1049 4539 valeat,
1085 4480 1158 4523 cum
1190 4479 1273 4544 opus
1302 4462 1363 4532 est,
1398 4474 1576 4539 segregare
1606 4453 1750 4540 partitio.
1795 4474 1854 4518 ros
1870 4463 1909 4523 15

199 4561 380 4646 praemisso
411 4562 517 4627 laudis
546 4583 663 4648 sapore
693 4564 839 4628 mascula
866 4563 965 4629 dictio
994 4570 1029 4628 et
1058 4563 1192 4628 humani
1223 4559 1382 4627 sermonis
1405 4558 1538 4622 Latiare
1568 4556 1778 4643 supercilium
1807 4558 1854 4623 sic

199 4662 406 4729 adhortatur:
431 4669 521 4751 ‘post
543 4666 670 4751 apicem
694 4667 872 4733 divinitatis
895 4689 958 4754 ego
982 4668 1041 4733 1118
1063 4688 1145 4748 sum,
1170 4687 1254 4752 quae
1278 4666 1330 4730 vel
1355 4669 1519 4728 commuto
1544 4663 1572 4727 si
1594 4669 1670 4727 sunt
1692 4662 1779 4728 facta
1804 4661 1857 4727 rel

300 4923 317 4976 2
335 4924 438 4994 ditium]
461 4928 572 4990 diuitum
588 4929 603 4980 h
707 4929 771 4979 18118
788 4926 866 4979 Siras.
1005 4925 1022 4977 3
1043 4927 1174 4995 sepulchri
1189 4925 1215 4975 V
1350 4921 1367 4975 5
1389 4923 1491 4976 11888888
1508 4921 1534 4973 Β
1637 4923 1770 4992 diligentia
1786 4922 1860 4974 VLT

198 5010 215 5062 6
238 5013 376 5066 diunerum
391 5013 436 5064 13⁶
540 5013 645 5066 munilia
660 5011 808 5066 VLT10P¹
911 5015 1053 5066 subliment
1071 5015 1097 5066 B
1235 5011 1253 5064 8
1274 5013 1377 5064 infirma
1393 5008 1435 5062 B¹
1574 5007 1591 5060 9
1611 5011 1815 5063 adulisoencinm
1830 5009 1856 5060 B

199 5094 233 5148 10
250 5099 330 5165 plena
345 5098 424 5164 VLT,
446 5101 522 5153 18888
537 5099 563 5151 Β
655 5100 792 5152 locutionis
806 5099 865 5151 GPb
957 5101 1053 5152 illiceat
1070 5101 1096 5166 (e
1113 5101 1142 5152 in
1159 5102 1168 5151 i
1186 5098 1265 5165 corr.)
1281 5098 1307 5148 V
1394 5098 1506 5149 colorem
1522 5095 1548 5147 Β
1639 5097 1764 5150 scintillas
1776 5097 1855 5149 Sirra

200 5183 232 5236 12
254 5187 384 5253 retorquid
400 5187 426 5238 Β
551 5185 584 5238 13
606 5188 754 5254 grmdiscet
769 5186 796 5236 Β
921 5184 953 5238 15
976 5189 1107 5240 rethorum
1125 5187 1222 5241 codices
1351 5182 1384 5236 17
1406 5203 1481 5252 mago
1498 5181 1525 5233 B
1652 5179 1685 5233 18
1708 5184 1806 5235 indicta
1823 5209 1855 5222 -

197 5273 320 5324 contines
336 5282 505 5340 aencponere
522 5275 612 5325 meliro
682 5275 831 5341 pedagogus
843 5273 869 5324 Β
974 5272 1006 5326 19
1024 5293 1052 5327 se
1070 5277 1231 5328 uoluntatem
1244 5274 1277 5338 B,
1296 5275 1457 5325 uoluntatem
1475 5287 1502 5323 88
1515 5271 1591 5323 ceteri
1693 5265 1728 5320 20
1744 5277 1820 5338 cogat
1831 5268 1858 5321 B

197 5357 232 5410 23
250 5357 322 5426 dum]
341 5361 400 5412 dom
415 5359 441 5411 B
536 5357 571 5411 24
588 5361 711 5428 paruolus
723 5359 749 5410 B
846 5357 880 5411 26
898 5358 951 5430 ars]
969 5363 1017 5414 abr
1028 5361 1074 5413 Β1
1134 5359 1225 5428 habet]
1244 5369 1306 5413 8881
1318 5359 1344 5411 Β
1405 5357 1564 5426 temporatB
1661 5355 1696 5410 28
1712 5358 1820 5426 magiter
1831 5357 1857 5408 Β

197 5441 232 5495 29
250 5446 362 5512 optimus
374 5444 400 5497 Β
520 5443 554 5497 31
575 5448 716 5500 1818188888
733 5447 759 5498 Β
844 5448 943 5500 niminis
961 5447 1003 5500 131
1124 5447 1159 5501 33
1176 5451 1226 5502 hoc
1242 5449 1302 5501 81111.
1389 5447 1522 5499 1881118188
1539 5445 1639 5512 scripsi,
1661 5447 1779 5499 instituto
1797 5446 1858 5498 libri

197 5532 331 5584 rethoricis
347 5532 446 5586 codices
549 5551 671 5587 menuors
687 5533 713 5584 B
850 5531 886 5586 34
906 5535 1015 5588 luricam
1030 5535 1108 5588 BVL
1249 5532 1284 5587 36
1309 5536 1399 5602 pinget
1413 5533 1439 5584 Β
1576 5528 1611 5584 37
1634 5533 1794 5586 eoniuntioni
1811 5530 1858 5583 B·

196 5619 363 5686 aggreganda
378 5618 404 5668 V
502 5618 646 5689 segregare]
670 5637 794 5688 senegare
806 5619 832 5671 Β
968 5620 1004 5674 38
1024 5620 1160 5689 sermonis]
1183 5623 1283 5690 saporis
1298 5621 1334 5673 Ob
1472 5616 1507 5671 39
1523 5617 1682 5686 adhortatur]
1700 5620 1820 5673 adoratur
1832 5618 1858 5669 Β

196 5705 240 5757 881
257 5721 313 5772 usp.
327 5705 372 5757 118.
385 5705 411 5756 Β
480 5708 610 5758 committo
623 5707 711 5773 potius
727 5724 805 5774 88881
822 5715 952 5762 commuto
964 5709 989 5760 B
1058 5710 1111 5760 sint
1124 5707 1182 5760 OPb

300 5796 439 5855 11888888.
1614 5794 1650 5850 40
