4596 6450
479 399 539 460 152
904 393 1000 447 onxx
1018 391 1142 461 (arser.
1160 391 1185 456 4,
1202 392 1248 460 sa)
1267 422 1299 430 -
1318 389 1445 445 onxxu
1464 388 1586 458 (uersa.
1605 390 1631 454 r,
1648 390 1702 458 ar).

475 569 649 654 inquibus
673 565 1122 651 estalfeetionispabulum,
1153 587 1217 629 non
1247 565 1418 628 ministrat.
1464 585 1554 628 error
1585 563 1682 627 otiosi
1712 569 1779 643 est,
1809 563 1945 628 sibene
1978 571 2134 648 conperta

475 692 566 734 mens
599 691 659 755 per
692 670 823 750 linguae
857 668 957 734 ferias
993 669 1187 734 desideratis
1221 669 1418 734 adtenuatur
1452 668 1582 753 inpacta
1616 668 1808 751 conloquiis.
1864 666 1921 731 sed
1958 667 2041 730 sicut
2075 688 2134 730 nos

477 774 667 858 religionem
692 772 817 856 gratiae
842 773 953 837 fovere
977 767 1130 837 convenit
1153 773 1238 837 curis
1262 772 1483 836 saecularibus
1506 770 1551 834 nil
1575 769 1749 848 debentes,
1773 771 1833 850 ita,
1858 770 1919 833 nisi
1942 769 2133 854 magnitudo

477 883 587 943 vestra
615 876 762 962 partibus
790 876 857 939 suis
881 876 1012 939 affuerit
1040 877 1300 962 promulgatione
1331 876 1492 961 responsi,
1524 875 1810 960 damnatisprobe
1835 875 1922 940 facta
1944 875 2132 944 reticendo:

445 980 553 1065 3qnia
582 979 611 1043 si
642 980 799 1044 tollantur
826 978 1001 1042 virtutibus
1030 980 1192 1064 praemia,
1227 1001 1324 1064 quem
1356 980 1525 1044 laborasse
1556 1000 1621 1042 non
1653 977 1795 1064 pudeat?
1849 999 1942 1058 eece,
1976 985 2133 1063 quantum
2197 1021 2201 1034 -

478 1081 631 1160 aestimo,
664 1081 754 1145 brevi
784 1081 930 1146 elocutus
953 1087 1164 1167 utrorumque
1188 1083 1388 1168 propositum
1412 1083 1520 1146 animo
1543 1103 1617 1148 meo
1640 1085 1724 1147 male
1748 1103 1823 1148 esse
1848 1082 2015 1162 confiteor,
2048 1080 2135 1166 quod

477 1192 645 1251 remeante
669 1184 888 1267 Montanario,
920 1206 993 1249 cum
1022 1185 1185 1251 dedissem
1215 1187 1367 1271 paginas,
1399 1207 1464 1250 non
1494 1186 1620 1271 recepi,
1649 1184 1735 1270 quod
1768 1185 1914 1250 debitum
1937 1205 2037 1270 poseo
2060 1185 2135 1268 lege

477 1289 619 1367 restitui,
652 1287 775 1373 pudore
806 1289 975 1373 geminari.
1027 1310 1113 1354 nunc
1142 1291 1228 1369 vale,
1266 1291 1309 1354 mi
1338 1290 1484 1369 domine,
1522 1296 1556 1354 et
1584 1295 1727 1355 vestram
1757 1310 1933 1375 quaerens,
1967 1289 2135 1374 propriam

477 1393 632 1458 nuntians
656 1393 849 1478 sospitatem
872 1393 968 1459 deum
992 1414 1117 1478 precor,
1141 1401 1177 1457 ut
1200 1395 1227 1458 si
1250 1395 1315 1460 mei
1338 1415 1463 1459 memor
1485 1399 1546 1474 cst,
1570 1415 1726 1479 prospera
1748 1398 1859 1458 vestra
1881 1391 2086 1479 multiplicet.

1107 1681 1252 1751 cuxxl
1269 1684 1377 1770 (aaran.
1391 1688 1421 1764 4,
1438 1683 1504 1767 33).

1020 1819 1036 1847 ’
1064 1878 1301 1953 auronius
1328 1877 1549 1953 sauram.

597 2025 643 2120 Si
667 2076 758 2119 amor
780 2055 895 2140 pudori
920 2055 1156 2140 adquiesceret,
1180 2056 1205 2119 si
1230 2055 1374 2118 caritatis
1398 2055 1592 2140 inpatientia
1615 2054 1833 2120 verecundiae
1858 2055 1932 2138 lege
1956 2062 2135 2131 teneretur,

478 2183 498 2224 a
520 2161 726 2245 paginalibus
751 2159 865 2222 officiis
894 2167 1111 2246 temperarem
1140 2166 1172 2224 et
1202 2161 1323 2224 silentii
1355 2160 1491 2223 formam
1516 2161 1616 2225 vestri
1646 2160 1789 2224 imitator
1818 2159 2038 2238 adsumerem,
2071 2179 2136 2221 non

477 2263 667 2348 inprovidus
691 2263 880 2328 aestimator
903 2263 1067 2327 coniciens
1092 2263 1158 2342 illa,
1183 2262 1301 2347 quibus
1326 2262 1545 2327 remuneratio
1563 2263 1691 2327 avobis
1708 2262 1921 2336 subtrahitur,
1945 2283 2009 2325 non
2033 2261 2136 2325 amari

478 2388 537 2431 nee
562 2367 691 2432 suaderi
715 2367 842 2431 facilius
865 2366 1061 2431 tabellarum
1085 2366 1316 2431 abstinentiam
1340 2387 1436 2450 quam
1460 2366 1607 2440 tacende,
1631 2367 1716 2430 viros
1740 2366 1963 2430 comitatensis
1987 2365 2136 2429 exercitii
2242 2397 2245 2404 ·

447 2476 536 2557 2per
569 2471 700 2555 linguae
735 2469 834 2534 ferias
869 2470 1009 2534 clamare
1046 2468 1122 2554 quid
1158 2475 1321 2554 respuant.
1378 2469 1436 2533 sed
1470 2490 1534 2532 non
1567 2471 1614 2534 ita
1646 2475 1697 2533 est
1729 2468 1919 2553 magnitudo
1950 2474 2007 2531 tua
2039 2467 2136 2531 lineis
2189 2500 2211 2537 15

478 2573 637 2660 quadrata
665 2574 852 2648 fabrilibus,
884 2581 920 2638 ut
949 2574 1097 2660 quolibet
1127 2578 1215 2636 tecta
1238 2572 1400 2636 velamine
1429 2573 1570 2636 amantis
1600 2573 1713 2637 oeulos
1742 2573 1845 2658 possit
1872 2572 2033 2656 elingere,
2063 2572 2139 2656 qnia

476 2678 545 2742 sine
568 2677 737 2742 obstaculo
762 2678 900 2741 vestium
924 2676 1107 2761 penetralia
1131 2677 1265 2761 respicit
1289 2698 1380 2740 mens
1410 2678 1516 2740 amici.
1562 2699 1659 2741 nemo
1691 2677 1859 2756 aestimet,
1891 2674 1976 2760 quod
2006 2676 2138 2739 latentis

446 2781 604 2844 {tinterna
634 2781 761 2844 consilii
793 2786 873 2865 aput
901 2800 995 2844 caros
1024 2780 1138 2844 aulicis
1174 2787 1312 2844 excocta
1352 2779 1538 2844 fornacibus
1575 2781 1659 2844 celet
1691 2778 1870 2844 urbanitas.
1920 2778 1993 2858 sed,
2029 2778 2139 2855 eredo,

478 2883 632 2968 querellis
656 2883 738 2947 meis
761 2883 841 2947 illud
865 2882 987 2946 ordinis
1012 2885 1111 2947 vestri
1136 2891 1247 2968 aptum
1271 2884 1540 2948 excusationibus
1564 2905 1669 2967 genus
1694 2904 1857 2968 opponas:
1889 2904 1953 2946 non
1982 2888 2072 2947 recte
2095 2882 2137 2945 ab

448 2035 458 2092 l

478 2987 644 3073 occupatis
674 2987 851 3051 otiosorum
880 2988 991 3051 urania
1017 2988 1192 3072 postulari,
1224 2988 1278 3050 vix
1307 2987 1346 3050 ad
1376 2987 1458 3051 haec
1490 2987 1597 3052 officia
1620 3009 1718 3072 posse
1743 2986 1945 3051 descendere
1970 2985 2137 3071 obsequiis
2189 3013 2214 3050 a»

385 3107 388 3114 ·
477 3089 712 3176 principalibus
736 3090 965 3155 adhaerentes.
1012 3090 1121 3154 audivi
1145 3090 1275 3175 quidem
1300 3112 1400 3175 saepe
1430 3091 1524 3168 talia,
1554 3090 1612 3155 sed
1635 3090 1795 3154 confiteor
1816 3112 1880 3154 nou
1904 3090 2031 3175 recepi,
2064 3091 2140 3175 quia
2225 3113 2227 3116 ·

478 3195 668 3278 frequenter
691 3193 907 3258 necessitates
931 3193 1093 3259 desideria
1116 3193 1350 3257 transcendunt
1374 3200 1407 3257 et
1431 3193 1500 3256 sine
1524 3194 1765 3258 intermissione
1783 3195 1878 3258 timor
1894 3192 1981 3258 cedit
1996 3193 2139 3257 affectui.

451 3296 637 3361 lvoluntas
660 3297 693 3360 in
718 3297 813 3382 culpa
837 3303 896 3376 est,
921 3318 1004 3382 quae
1028 3297 1223 3361 concinnata
1239 3297 1452 3362 excusatione
1469 3295 1665 3361 defenditur.
1704 3319 1792 3378 ecee,
1817 3299 1861 3361 mi
1876 3297 2018 3376 domine,
2042 3317 2138 3381 quam

479 3420 599 3484 magna
622 3399 760 3476 doleam,
786 3420 859 3463 cum
881 3400 988 3464 officio
1013 3399 1219 3464 salutationis
1243 3399 1385 3479 adserui,
1409 3400 1605 3486 perlatorem
1629 3399 1758 3485 utrique
1783 3422 1893 3465 aarum
1917 3421 1976 3486 pro
1997 3399 2061 3466 fide
2079 3422 2140 3465 sua

480 3510 512 3567 et
542 3502 713 3568 nobilitate
747 3503 995 3582 commendans,
1031 3510 1067 3567 ut
1100 3505 1261 3569 beneficio
1295 3505 1444 3568 culminis
1479 3503 1578 3567 vestri
1614 3503 1818 3569 inimicorum
1854 3505 1925 3569 eius
1960 3505 2138 3569 insolentia
2189 3529 2213 3568 aa

479 3606 607 3672 technis
629 3607 697 3672 suis
721 3627 881 3694 oppressa
905 3607 1086 3672 subiaceat.
1130 3607 1215 3672 vale.

1031 3936 1036 3941 ·
1096 3895 1262 3965 CLXXII
1286 3897 1393 3983 (anrsr.
1411 3903 1441 3980 4,
1458 3897 1524 3985 34).

1029 4093 1266 4168 ENNODIVS
1298 4093 1591 4168 HORMISDAE.

452 4270 464 4330 l
595 4242 635 4333 Ρ
636 4277 785 4356 ostquam
802 4272 914 4337 votiva
937 4271 1016 4336 mihi
1038 4271 1221 4336 necessitas
1244 4276 1356 4335 vestra
1380 4268 1532 4334 benifioio
1556 4269 1775 4354 proximitatis
1798 4266 1950 4333 desiderii
1974 4268 2139 4354 spondere

479 4376 590 4461 coepit
612 4377 776 4458 effectum,
799 4376 907 4440 animo
931 4374 972 4440 ad
995 4373 1144 4460 longiora
1166 4374 1332 4439 transistis
1357 4379 1399 4454 et,
1423 4395 1496 4438 cum
1519 4373 1684 4459 Liguriam
1708 4393 1792 4459 pene
1815 4393 1913 4436 manu
1937 4373 2139 4457 contingitis,

478 4481 623 4565 linguam
653 4479 743 4545 feriis
773 4478 965 4565 deputastis.
1011 4479 1117 4543 minus
1146 4479 1239 4543 licuit
1267 4477 1452 4559 absentiae,
1488 4479 1565 4543 dum
1597 4479 1805 4544 sanctitatem
1830 4483 1975 4543 vestram
2007 4477 2140 4563 prolixa
2189 4505 2211 4542 sc

450 4585 607 4649 tviarum
630 4583 804 4648 intervalla
832 4589 1017 4648 tenuerunt.
1062 4583 1225 4669 pensabat
1254 4582 1474 4648 confabulatio
1505 4580 1677 4666 dispendia
1698 4581 1834 4644 visionis
1863 4587 1897 4645 et
1922 4580 1956 4644 in
1984 4579 2141 4645 remediis

481 4689 613 4775 provise
635 4686 825 4772 diligentiae
841 4687 1023 4750 litterarum
1039 4687 1233 4752 commercia
1249 4685 1511 4772 praestabantur,
1537 4707 1596 4772 per
1612 4707 1695 4771 quae
1712 4684 1818 4750 officia
1834 4685 1918 4749 inter
1933 4683 2140 4749 habitatione

483 4865 599 4872 -----

584 4981 602 5034 2
618 4990 766 5037 atteuuatnr
781 4981 806 5033 V
904 4979 921 5033 3
939 4983 1024 5050 gratia
1035 4981 1061 5032 B
1169 4978 1187 5032 4
1204 4982 1334 5033 &mustos
1345 4981 1372 5033 Β
1476 4977 1492 5031 7
1509 4980 1588 5048 recipi
1600 4979 1626 5031 Β
1730 4977 1747 5030 8
1764 4979 1859 5046 podere
1870 4977 1916 5029 Βιι
2020 4977 2038 5030 9
2056 4981 2142 5032 multi·

479 5070 559 5137 plicet
575 5070 633 5122 finit
644 5069 670 5120 Β

584 5170 712 5240 [CLXXI]
754 5170 787 5224 12
809 5173 939 5225 silentium
959 5170 1001 5222 Τ2
1083 5175 1191 5224 formam
1213 5189 1262 5224 oar.
1284 5171 1326 5222 VL
1334 5172 1402 5225 TOP
1483 5172 1597 5223 imitatur
1613 5170 1639 5221 B
1720 5185 1876 5220 assumerem
1894 5167 1919 5218 V
2048 5166 2081 5219 13
2104 5170 2141 5220 in·

480 5256 574 5327 prouid
587 5258 640 5323 Vh,
657 5259 799 5326 improuide
810 5259 869 5311 OPb
929 5259 1078 5310 aestimatur
1088 5257 1113 5308 Β
1173 5257 1339 5309 subtrahetur
1350 5258 1376 5308 Β
1473 5254 1505 5308 14
1520 5257 1576 5308 uiro
1592 5255 1596 5320 1
1613 5255 1798 5308 comittatensis
1807 5253 1833 5303 Β
1930 5252 1962 5305 16
1974 5255 2142 5320 quodlihctB

481 5346 561 5412 possit
578 5346 599 5408 (t
611 5363 666 5412 sup.
679 5343 737 5410 tin.)
751 5345 776 5394 B
898 5341 930 5394 17
949 5342 1015 5411 aine]
1029 5346 1051 5396 si
1063 5344 1089 5395 B
1211 5343 1243 5395 18
1260 5345 1328 5412 apud
1347 5345 1370 5394 V
1453 5345 1581 5396 orbanitas
1598 5343 1623 5394 Β
1743 5339 1776 5391 19
1795 5341 1928 5407 quaerillis
1938 5340 1971 5404 B,
1994 5343 2107 5408 querelis
2121 5341 2147 5392 V

481 5429 516 5483 20
537 5431 704 5498 occcpatisB
808 5431 956 5483 discendere
973 5431 998 5480 B
1135 5427 1167 5480 21
1193 5431 1272 5496 recipi
1287 5430 1373 5482 ΒΟΡὸ
1511 5427 1545 5480 22
1568 5430 1727 5482 necessitatis
1744 5428 1770 5479 Β
1907 5425 1942 5478 23
1964 5429 2101 5482 conciuats
2116 5429 2142 5480 B

481 5514 515 5568 24
532 5519 631 5570 asscrrd
646 5517 671 5566 V
735 5535 783 5569 suc
799 5513 835 5582 st]
854 5517 942 5568 suauit
954 5515 999 5566 B⁰
1106 5515 1141 5568 25
1158 5517 1214 5568 sins
1226 5535 1275 5568 orn.
1290 5517 1349 5568 OPb
1453 5513 1488 5568 26
1505 5518 1590 5584 tegnis
1603 5515 1687 5580 BVL,
1706 5516 1792 5582 regnis
1810 5514 1877 5567 TOP

585 5615 726 5686 [CLXXII]
771 5617 805 5670 28
831 5620 951 5671 uotiuum
976 5617 1022 5671 TO
1125 5620 1249 5674 hermem
1268 5618 1292 5669 V
1429 5618 1463 5672 29
1481 5621 1564 5690 caepit
1584 5619 1709 5688 spondere
1726 5618 1805 5675 a'ian.
1949 5615 1985 5674 30
2005 5619 2141 5674 munusB

482 5705 656 5758 sanctitatem
668 5705 694 5756 Β
796 5703 830 5756 31
848 5704 961 5758 rsrnidiis
973 5704 999 5759 B
