4566 6532
607 388 734 442 cocnxr
753 388 876 456 (aaran.
896 389 920 450 ι,
938 389 992 456 ιι),
1012 388 1152 442 coonxn
1171 387 1293 456 (aaran.
1314 389 1337 450 ι,
1356 388 1409 454 ιιι.

782 678 942 747 cccnxl
966 679 1076 766 (uersa,
1095 685 1123 758 7,
1141 681 1208 764 28).

555 857 793 932 ENNODIVS
820 858 1081 932 ADEODATO
1108 859 1437 932 PRESBYTERO.

286 1005 373 1100 Veto
402 1058 475 1100 meo
502 1036 692 1121 obsequitur
719 1057 804 1120 quae
835 1035 983 1100 ministra
1013 1035 1053 1100 ad
1079 1055 1136 1098 vos
1161 1033 1345 1118 scriptionis
1370 1034 1483 1098 existit
1506 1034 1644 1099 occasio.
1690 1055 1764 1098 nam
1789 1041 1849 1106 etl

167 1141 374 1227 praesentiae
407 1139 476 1205 uice
505 1138 672 1204 blanditur
703 1137 892 1224 adloquium
922 1145 955 1204 ct
983 1137 1142 1223 promittit
1173 1138 1231 1201 sibi
1263 1137 1303 1202 de
1337 1138 1529 1224 paginarum
1559 1137 1822 1222 promulgatione

167 1243 253 1329 quod
284 1241 434 1322 exhibet,
471 1243 547 1327 quia
577 1240 836 1306 emendatissimi
865 1241 1015 1306 homines
1046 1241 1130 1304 sicut
1155 1240 1305 1326 derogari
1335 1239 1508 1305 virtutibus
1540 1240 1606 1304 suis
1638 1239 1823 1321 aestimant,

101 1372 112 1406 ι
166 1347 291 1432 aliquos
315 1347 347 1410 in
371 1346 563 1430 diligentiae
587 1345 777 1410 testimonio
801 1345 952 1430 praevios
981 1344 1145 1420 extitisse,
1176 1344 1221 1408 ita
1248 1343 1459 1430 ignominiam
1486 1349 1640 1429 reputant
1669 1343 1823 1430 exempla

166 1452 355 1536 neglegere.
392 1449 475 1513 vixit
498 1450 584 1513 inter
608 1449 843 1514 sanctosviros
867 1447 931 1511 ista
955 1435 1147 1526 communio,
1171 1454 1207 1511 ut
1230 1469 1289 1531 per
1304 1447 1410 1510 intimi
1428 1445 1567 1510 hominis
1583 1445 1824 1532 providentiam

92 1553 98 1564 '
166 1554 211 1620 nil
240 1561 374 1618 noceret
404 1561 537 1618 terrena
569 1553 796 1639 sequestratio.
843 1573 902 1638 par
933 1560 997 1632 est,
1031 1550 1175 1626 domino,
1211 1560 1247 1615 ut
1276 1559 1308 1616 et
1337 1556 1448 1614 votum
1477 1572 1584 1615 meum
1615 1551 1763 1635 sequaris
1788 1555 1854 1622 ιιι

166 1657 313 1722 formam.
359 1676 437 1740 ergo
465 1657 611 1720 salutans
641 1655 788 1741 principe
812 1654 900 1732 loco,
932 1661 968 1717 ut
990 1654 1054 1717 mei
1079 1675 1203 1718 memor
1226 1654 1270 1716 sis
1294 1652 1465 1739 deprecor,
1495 1659 1530 1716 ut
1553 1653 1639 1738 quod
1662 1655 1741 1718 mihi
1765 1674 1824 1740 per

168 1759 411 1845 neglegentiam
441 1779 555 1822 meam·
577 1757 789 1836 subtrahitur,
823 1755 953 1821 divinae
977 1759 1103 1841 gratiae
1127 1778 1186 1842 per
1208 1778 1266 1821 vos
1290 1757 1445 1842 suffragio
1469 1756 1667 1821 conferatur.
1714 1757 1824 1822 indico

168 1884 246 1948 ergo
274 1884 339 1927 non
367 1863 544 1938 mentiens,
577 1869 671 1925 necte
701 1861 841 1924 tertias
870 1862 1072 1946 profectione
1103 1882 1177 1926 mea
1203 1861 1363 1944 ingratam
1387 1861 1467 1924 mibi
1490 1867 1636 1926 sanctam
1660 1851 1823 1924 dominam

166 1986 272 2031 meam
302 1963 483 2051 Cynegiam
512 1963 702 2051 apparuisse
732 1965 766 2026 in
794 1965 867 2048 ipso
900 1965 982 2028 lucis
1011 1964 1164 2036 exordio,
1197 1971 1230 2026 et
1258 1965 1395 2028 multum
1425 1963 1465 2028 ab
1494 1985 1533 2029 ea
1555 1985 1607 2028 me
1631 1963 1672 2028 de
1696 1963 1822 2028 itineris

166 2069 396 2155 properatione
420 2069 601 2153 culpatum,
635 2088 735 2152 quare
759 2068 858 2132 etiam
882 2068 979 2131 nullis
1003 2066 1151 2131 versibus
1177 2066 1385 2151 sepulchrum
1409 2068 1480 2132 cius
1503 2073 1593 2131 esset
1615 2067 1820 2146 honoratum,

166 2193 229 2237 non
253 2172 313 2236 sub
330 2172 504 2236 verborum
527 2170 662 2234 lenitate
687 2178 909 2253 conquestam.
947 2171 1028 2234 haec
1052 2170 1182 2256 quidem
1207 2191 1268 2254 ego
1293 2190 1357 2233 non
1382 2169 1423 2234 ad
1446 2171 1621 2254 imaginem
1643 2169 1852 2256 profeticae3

166 2277 314 2340 veritatis
345 2276 459 2361 adcepi
491 2297 551 2339 neo
581 2275 746 2338 nocturnis
774 2274 858 2338 forte
888 2273 1105 2339 inlusionibus
1136 2275 1245 2358 operis
1274 2275 1338 2337 mci
1367 2273 1486 2338 sudore
1515 2273 1622 2353 litavi,
1654 2272 1712 2337 sed
1744 2273 1822 2357 quia

103 2427 107 2438 .
168 2379 264 2444 laoile
289 2379 445 2444 suadetur
473 2377 673 2455 amantibus,
704 2376 850 2441 debitum
875 2399 956 2463 opus
981 2399 1045 2441 non
1069 2377 1231 2442 laboravit
1254 2378 1388 2461 exigere
1413 2398 1496 2462 quae
1521 2377 1685 2442 monebat.
1731 2377 1823 2442 salva

167 2491 216 2546 est
246 2482 399 2547 dominae
428 2483 622 2546 reverentia.
668 2502 781 2545 versus
806 2502 886 2565 quos
910 2480 1015 2545 direxi
1038 2502 1098 2568 per
1120 2481 1206 2544 diem
1231 2479 1341 2543 iudicii
1364 2485 1396 2544 te
1421 2480 1555 2543 coniuro
1579 2486 1614 2543 ut
1638 2481 1670 2544 in
1694 2482 1821 2566 pariete

167 2606 265 2670 supra
293 2584 334 2649 ad
363 2584 464 2670 pedes
494 2585 591 2649 scribi
614 2606 692 2648 mox
722 2585 832 2648 faciae.
879 2591 1007 2668 gratum
1041 2584 1172 2648 noveris
1203 2593 1235 2647 ot
1268 2583 1333 2646 lilio
1363 2589 1419 2646 tuo
1448 2583 1607 2656 futurum;
1640 2584 1709 2648 vult
1737 2585 1822 2648 enim

167 2689 283 2753 merita
306 2689 391 2753 illius
414 2690 589 2752 multorum
614 2710 668 2752 ore
694 2687 862 2764 celebrari,
894 2687 953 2752 scd
978 2689 1010 2750 in
1034 2709 1073 2752 co
1098 2686 1193 2752 modo
1217 2707 1281 2771 quo
1304 2686 1377 2750 illos
1402 2686 1615 2776 hiclinvenis.
1659 2687 1853 2759 dominam4

166 2813 274 2857 meam
297 2792 509 2877 Stephaniam
538 2800 571 2855 st
598 2790 761 2856 dominam
788 2791 980 2870 Sabianam,
1011 2791 1068 2856 sod
1098 2798 1131 2855 et
1153 2791 1318 2856 dominam
1343 2789 1503 2854 Fadillam
1535 2812 1592 2877 pro
1621 2812 1673 2856 me
1704 2791 1820 2855 saluta.

89 2931 94 2942 ·
168 2896 195 2959 si
231 2896 343 2981 scripti
383 2895 520 2972 fuerint,
564 2917 639 2958 mox
679 2895 835 2960 rescribe.
892 2895 1010 2959 domno
1050 2916 1154 2980 papae
1191 2894 1326 2979 dignare
1369 2893 1495 2970 dicere,
1537 2900 1574 2957 ιιι
1608 2893 1728 2979 aliquid
1762 2913 1822 2978 per

167 2998 339 3063 diaconum
361 2997 555 3063 Dioscorum
586 2997 627 3063 de
656 3020 731 3063 mea
761 3020 860 3062 causa
883 2997 1019 3062 ordinet.
1065 3003 1221 3082 quantum
1244 2998 1277 3061 in
1302 2997 1511 3061 festinatione
1536 2996 1698 3062 veredarii
1720 2997 1822 3081 potui,

167 3105 293 3190 scripsi.
338 3103 492 3167 domnum
517 3115 550 3167 et
572 3102 706 3167 fratrem
729 3101 939 3167 Hormisdam
963 3103 1044 3166 satis
1068 3123 1126 3187 pro
1149 3122 1201 3165 me
1232 3101 1389 3178 salutate,
1423 3099 1474 3163 cui
1502 3099 1599 3164 dicite
1629 3106 1666 3164 ut
1695 3100 1821 3164 clarem

166 3206 254 3271 illam
278 3207 395 3271 mittat.

774 3409 955 3478 occnxll
978 3411 1087 3496 (eprsr.
1106 3415 1135 3488 7,
1152 3397 1219 3494 29).

775 3589 1011 3664 ENNODIVS
1038 3589 1209 3664 ΒΕΑΤΟ.

277 3735 368 3829 Non
392 3787 453 3851 ego
478 3766 650 3852 epistolam
675 3788 782 3831 meam
806 3768 892 3830 intra
915 3768 1032 3831 breves
1053 3767 1209 3831 terminos
1229 3765 1411 3852 Spartanae
1427 3787 1551 3830 memor
1567 3765 1850 3836 concinnationist
1945 3805 1948 3812 ·

166 3869 296 3932 includo
318 3890 380 3933 nec
404 3869 539 3932 formam
563 3875 653 3932 tuam
676 3869 784 3932 studio
809 3870 911 3933 coacti
936 3870 1096 3935 sermonis
1120 3869 1257 3935 inrideo.
1296 3869 1391 3934 abest
1406 3891 1425 3933 a
1442 3891 1494 3935 me
1519 3871 1606 3956 loqui
1629 3889 1735 3955 pauca
1751 3891 1824 3934 oum

166 3971 319 4036 modicis:
350 3972 547 4037 urbanorum
571 3979 623 4036 cst
646 3973 776 4056 exiguis
800 3972 959 4059 producta
984 3973 1177 4038 subtrahere
1195 3979 1228 4037 et
1244 3975 1315 4038 sine
1331 3973 1441 4058 aliqua
1457 3973 1658 4038 necessitate
1674 3973 1824 4058 paginas,

167 4075 281 4160 quales
304 4075 409 4160 poscit
438 4075 606 4140 hominum
634 4097 804 4156 mensura,
835 4076 988 4140 formare.
1034 4076 1119 4162 quod
1144 4077 1176 4140 in
1200 4098 1252 4140 mc
1276 4075 1316 4140 de
1341 4076 1410 4156 his,
1441 4096 1525 4160 quae
1549 4077 1718 4160 praelatus
1742 4097 1824 4156 sum,

168 4178 288 4242 subtile
311 4179 491 4264 putaveris,
519 4178 688 4244 festinatio
712 4201 776 4244 non
801 4199 931 4265 semper
954 4180 1059 4244 amica
1083 4180 1161 4243 artis
1185 4187 1218 4243 et
1242 4199 1338 4244 casus
1363 4178 1521 4243 exhibuit.
1568 4200 1722 4265 magnum
1746 4179 1824 4244 mihi

169 4289 235 4362 est,
267 4283 294 4346 si
322 4281 484 4347 dedemnt
509 4283 645 4347 fortuita
676 4282 762 4369 quod
793 4283 932 4348 mireris.
979 4305 1058 4369 ergo
1089 4305 1222 4349 oausam
1251 4283 1435 4368 scriptionis
1465 4283 1611 4364 insinuo,
1643 4304 1740 4368 quam
1762 4283 1855 4354 tibia

167 4386 317 4471 praelata
347 4386 544 4450 salutatione
575 4386 779 4452 commendo.
825 4386 974 4471 digresso
1007 4387 1085 4450 milri
1116 4386 1197 4450 urbe
1225 4387 1341 4473 procul
1367 4386 1507 4450 domnae
1537 4407 1632 4452 meae
1656 4385 1824 4473 cynegiae

168 4489 310 4553 occurrit
337 4489 528 4572 admonitio,
562 4511 663 4576 quare
695 4491 905 4580 sepulchrum
935 4491 1005 4555 eius
1033 4511 1097 4554 non
1126 4491 1337 4555 honorassem
1373 4488 1470 4554 laude
1504 4489 1592 4554 ducti
1622 4491 1656 4554 in
1692 4511 1824 4555 carmen

168 4592 295 4678 eloquii.
340 4593 427 4677 quod
450 4594 598 4680 quamvis
621 4594 808 4661 reverentia
831 4595 891 4660 viri
915 4595 1020 4683 ipsius
1044 4595 1194 4678 fecerim,
1223 4595 1377 4676 tractavi,
1408 4596 1485 4680 quia
1512 4594 1598 4680 quod
1621 4593 1728 4660 radiat
1750 4595 1823 4660 luce

272 4798 415 4868 [CCCLXI]
435 4855 439 4865 ,
451 4799 468 4853 4
485 4803 590 4856 exhibet
606 4803 695 4867 Siras,
716 4804 797 4858 exibit
812 4805 838 4855 B
968 4803 986 4855 5
1003 4805 1124 4871 praeuius
1139 4805 1165 4855 B
1294 4804 1311 4858 6
1328 4806 1462 4873 neclegsre
1474 4803 1499 4854 B
1627 4801 1642 4852 7
1661 4820 1782 4870 aequares
1799 4803 1825 4855 Β

167 4893 184 4946 9
206 4895 392 4962 neclegentiam
408 4896 434 4946 B
531 4915 612 4950 meam
636 4916 685 4949 om.
703 4898 782 4950 Sirra.
918 4898 951 4952 10
968 4907 1097 4952 coauctam
1117 4899 1158 4964 (ea
1175 4871 1255 4966 ουτω)
1268 4900 1302 4964 Β,
1323 4918 1371 4952 om.
1389 4899 1468 4952 scm.
1606 4897 1638 4950 ll
1656 4899 1787 4966 cynigiam
1799 4897 1825 4948 B

166 4981 270 5034 iteneris
282 4981 308 5031 B
437 4981 469 5034 13
487 5001 539 5035 non
562 4984 612 5036 sub
636 4986 775 5038 uerbomm
798 4987 918 5038 laenitate
941 4993 1134 5052 consequentem
1148 4985 1173 5036 Β
1191 4985 1240 5037 del.
1257 5004 1327 5038 mera
1344 5003 1403 5050 rsa,
1427 4986 1503 5037 md
1581 4993 1774 5051 consequsstam
1791 4984 1826 5050 B,

168 5076 310 5134 conquesta
327 5069 483 5133 eetHarat,
506 5086 562 5122 esse
584 5081 749 5137 conquestam
763 5073 831 5138 sort.
927 5072 1065 5138 prolatione
1082 5068 1133 5135 131,
1156 5073 1180 5122 se
1198 5088 1265 5122 arca
1283 5081 1306 5124 et
1323 5073 1374 5138 phe
1394 5068 1577 5138 aspernandi?
1708 5070 1740 5123 15
1758 5088 1826 5138 quae

167 5154 287 5204 monebat
299 5153 403 5218 Hanc,
421 5156 464 5220 qui
482 5157 603 5208 monebat
620 5156 640 5220 (i
657 5166 680 5208 et
697 5175 723 5208 m
741 5159 768 5208 ιιι
781 5156 829 5220 lit.)
842 5158 868 5208 B
1005 5155 1038 5208 18
1055 5158 1156 5209 inuenit
1172 5159 1186 5209 h
1286 5159 1406 5211 domnam
1423 5167 1461 5210 ter
1478 5157 1556 5212 Siras.
1693 5155 1725 5208 19
1742 5159 1826 5210 adut·

167 5255 224 5306 asp.
237 5240 282 5290 lin.
295 5240 321 5290 B
457 5239 492 5292 20
508 5243 628 5294 dommo
647 5242 672 5292 Β
774 5260 819 5310 per
837 5243 970 5310 (matiam)
990 5243 1127 5296 hoscorum
1138 5241 1188 5308 13¹,
1209 5242 1316 5296 ddhcidi
1339 5247 1366 5296 ia
1387 5245 1469 5312 spatio
1491 5261 1571 5296 ιιασιιο
1596 5245 1686 5296 litteris
1710 5244 1825 5310 depastis

167 5325 252 5390 mppl.
265 5323 316 5390 132,
339 5342 385 5392 per
408 5337 525 5378 sanctum
544 5329 697 5380 Dioscorum
719 5331 784 5381 emti.
802 5330 890 5394 Sinna,
914 5348 958 5398 per
980 5340 1098 5404 sanctum
1116 5332 1252 5384 diaconum
1270 5333 1422 5384 Dioscorum
1443 5331 1544 5394 Harrei,
1570 5348 1617 5398 per
1639 5331 1824 5384 subdiaconum

168 5413 320 5464 Dioscorum
342 5412 499 5464 coniecerant
638 5413 674 5466 22
696 5417 773 5467 dom·
783 5435 846 5469 num
863 5417 889 5468 B
915 5419 935 5482 ιι
951 5435 1032 5468 manu
1049 5420 1192 5484 posteriorc
1216 5419 1339 5470 incernam
1361 5427 1384 5469 ct
1402 5435 1495 5468 norma
1511 5435 1615 5469 masam
1632 5427 1676 5482 est,
1698 5427 1726 5470 ιιι
1742 5437 1766 5470 n.
1781 5417 1825 5486 20)

167 5498 309 5549 hermidam
319 5497 361 5548 B¹
430 5501 514 5552 salute
526 5500 559 5566 B,
578 5509 605 5553 ta
622 5518 678 5568 sup.
698 5519 746 5553 ser.
765 5520 797 5554 m.
815 5521 864 5557 rec.

272 5599 431 5670 [cccnxnl
467 5601 501 5654 27
519 5605 651 5656 subtraere
664 5604 689 5655 Β
827 5605 859 5656 31
879 5607 971 5673 cyniae
983 5605 1009 5657 B
1014 5603 1033 5670 ¹,
1057 5607 1176 5674 cynigiae
1189 5605 1232 5658 3²
1370 5605 1404 5658 33
1423 5608 1526 5660 fecerim
1544 5609 1644 5675 scripsi,
1667 5611 1775 5662 lacerem
1793 5608 1827 5673 B,

168 5690 306 5738 laceremb
376 5691 444 5756 quod
462 5707 517 5758 arcp.
532 5691 578 5742 lia.
590 5688 635 5740 Β2
704 5692 763 5744 luce
780 5689 847 5758 (esp.
860 5708 874 5742 e
887 5691 934 5755 at)
948 5692 974 5742 Β

1566 5785 1619 5840 33*
