4538 6436
1097 398 1187 452 xnm
1205 397 1326 464 (crau.
1346 398 1369 462 1,
1389 399 1423 465 o).

800 573 894 638 Vatis
917 578 954 637 ut
976 573 1153 657 ingressus,
1176 570 1357 635 Pharaonis
1381 576 1528 656 tempore
1552 571 1639 655 rogis

801 677 936 742 Adiuvit
959 677 1071 762 gracili
1093 676 1278 740 locuturum
1302 695 1383 739 voce
1406 675 1578 761 profetam.

802 781 845 845 Se
868 780 993 866 stupuit
1014 785 1091 844 tunc
1112 779 1194 864 ipso,
1217 799 1301 859 reor,
1324 778 1410 842 bene
1435 780 1582 843 conscius
1606 780 1670 843 oris

801 883 976 949 ldurmuris
999 887 1033 948 et
1055 880 1153 963 soliti,
1177 882 1386 968 conplentem
1410 882 1566 968 principis
1589 903 1686 947 eures

718 1027 735 1040 ··
804 987 955 1053 Pondere
979 1007 1059 1050 voce
1083 1006 1162 1050 sono
1187 1006 1285 1050 sensu
1309 985 1474 1072 probitate
1497 986 1633 1072 pudore.

801 1093 851 1158 Tu
873 1092 1042 1171 famulum,
1066 1097 1111 1170 tu,
1135 1097 1259 1171 sancte,
1283 1111 1397 1154 mone:
1421 1089 1615 1155 desolvere
1639 1097 1761 1175 grates,

800 1196 890 1270 Quas
912 1195 1034 1261 debere
1057 1195 1157 1259 iuvat.
1194 1199 1341 1258 sanctum
1366 1193 1603 1279 conplectimur
1624 1214 1737 1258 omnes

800 1299 887 1364 Ecce
911 1299 1008 1379 diem,
1031 1297 1134 1361 voluit
1157 1317 1220 1383 quo
1244 1319 1280 1362 se
1304 1295 1399 1360 iubar
1420 1296 1533 1362 indere
1557 1297 1653 1362 terris

800 1403 987 1489 Promptius
1011 1407 1044 1466 et
1067 1400 1165 1464 radiis
1187 1400 1313 1464 animas
1337 1401 1482 1466 animare
1506 1400 1706 1486 propinquis,

728 1556 729 1559 η
803 1505 874 1579 Quo
899 1505 1021 1591 gaudet
1044 1504 1193 1576 mundus,
1217 1524 1290 1568 cum
1314 1526 1379 1568 non
1403 1505 1469 1569 sint
1491 1503 1611 1590 gaudia
1634 1501 1755 1569 mundi.

719 2040 744 2077 lt

802 1609 918 1676 Cernis
942 1608 1134 1673 adorantem
1157 1607 1293 1693 pavidos
1316 1607 1518 1672 summittere
1542 1607 1651 1671 vultus

802 1713 897 1778 Vatis
920 1715 953 1776 in
977 1712 1178 1797 obsequium.
1214 1713 1334 1776 natalis
1358 1718 1505 1798 tempora
1528 1713 1626 1776 sentit

800 1817 902 1882 Festa
925 1838 985 1882 nec
1008 1817 1134 1881 amissis
1158 1815 1359 1902 contempnit
1381 1815 1483 1880 tristis
1506 1815 1655 1881 alumnis.

849 1921 918 1985 Iste
942 1919 1011 1985 dies
1036 1919 1162 1984 cunctis
1186 1919 1274 1984 vitoe
1299 1920 1489 2004 cunctisque
1514 1920 1627 1983 salutis

806 2024 914 2090 Causa
937 2023 1008 2104 fuit,
1032 2022 1152 2088 veteris
1174 2021 1359 2087 dissolvens
1382 2022 1513 2087 vincula
1534 2043 1652 2087 noxae.

805 2129 955 2194 Christus
978 2130 1010 2193 in
1034 2128 1095 2193 hoc
1119 2128 1233 2192 tribuit
1255 2128 1355 2192 decus
1380 2133 1413 2192 et
1436 2129 1582 2192 tutamen
1605 2127 1638 2191 in
1661 2127 1748 2191 arvis

803 2232 967 2314 Ausoniis,
990 2233 1084 2318 parili
1108 2233 1248 2319 populos
1271 2233 1325 2317 qui
1348 2239 1458 2297 mente
1481 2232 1644 2317 gubernet

803 2336 846 2402 Et
869 2343 987 2423 gentes
1008 2338 1133 2423 pietate
1159 2343 1263 2421 regat,
1287 2335 1405 2421 quibus
1429 2340 1541 2399 auctor
1565 2334 1697 2421 Olympi

803 2440 974 2505 Pollicitus
998 2440 1095 2504 simili
1117 2458 1232 2524 regern
1255 2437 1420 2524 probitate
1443 2438 1578 2523 paravit.

722 2584 727 2593 ·
806 2544 936 2610 Dexter
958 2551 994 2610 ut
1016 2545 1087 2631 ipse
1112 2543 1193 2608 deus
1216 2543 1297 2608 solio
1321 2541 1378 2606 dat
1400 2543 1471 2606 iura
1493 2562 1635 2606 cortraco.

802 2649 977 2713 Proximus
999 2649 1051 2713 hic
1075 2648 1177 2729 caelo,
1203 2647 1257 2712 cui
1279 2647 1361 2711 recti
1385 2647 1516 2712 conscia
1539 2667 1631 2713 mens
1655 2653 1715 2728 est,

806 2753 944 2840 Semper
967 2755 1039 2836 orit,
1062 2775 1159 2840 quem
1182 2754 1270 2817 iusta
1292 2752 1443 2839 probunt,
1466 2773 1563 2837 quem
1585 2752 1691 2817 iudice
1715 2751 1835 2817 mundo

805 2855 944 2921 Publica
965 2861 1042 2921 vota
1063 2855 1188 2941 legunt.
1221 2856 1337 2936 fateor,
1362 2855 1517 2941 suffragia
1539 2875 1660 2940 magua

806 2959 963 3038 Contulit
987 2967 1023 3024 ut
1046 2960 1134 3025 sedis
1154 2961 1279 3047 gremio
1303 2959 1468 3024 frueretur
1490 2961 1666 3046 inemptae.
1765 2988 1771 2999 ¹

723 3101 741 3114 ··
808 3062 930 3130 Libere
952 3070 985 3128 te
1009 3062 1175 3128 dominum
1198 3063 1309 3150 posuit
1331 3063 1394 3127 sibi
1418 3063 1516 3128 turba
1537 3082 1726 3149 perennem,

807 3167 948 3232 Servitio
972 3166 1134 3232 laudanda
1158 3188 1227 3232 suo.
1266 3190 1335 3254 pro,
1359 3176 1499 3252 quantus
1521 3169 1643 3254 ubique

807 3269 933 3337 Feruor
955 3276 1039 3338 erat!
1076 3279 1190 3337 sancto
1212 3270 1325 3337 mundi
1347 3270 1525 3358 plaudente
1547 3272 1689 3336 tumultu

807 3374 969 3441 Omnibus
992 3374 1078 3441 idem
1102 3376 1239 3457 animus,
1262 3377 1366 3441 turbis
1390 3397 1456 3441 vox
1479 3375 1629 3440 omnibus
1651 3397 1727 3441 una.

808 3479 863 3545 Sic
885 3484 996 3545 tamen
1018 3480 1210 3546 alterutrum
1234 3481 1406 3546 certabant
1428 3481 1560 3546 vincere
1582 3481 1675 3554 votis,

811 3581 882 3649 Ceu
904 3583 966 3648 sibi
989 3605 1061 3648 cum
1085 3583 1157 3649 diro
1179 3583 1324 3649 bellandi
1348 3585 1528 3650 cornminus
1551 3584 1645 3649 hoste

810 3685 920 3752 Causa
941 3688 1037 3753 foret.
1076 3689 1192 3774 vulgus
1214 3688 1346 3774 proprio
1370 3694 1446 3753 tunc
1471 3688 1630 3773 sanguine
1652 3688 1752 3752 vincit

808 3790 997 3856 Pollicitum
1020 3791 1172 3875 quotiens
1196 3791 1294 3857 luerit
1316 3792 1453 3856 sufferre
1475 3791 1608 3878 pericla.

810 3892 929 3980 Oaspia
950 3916 1016 3959 non
1038 3896 1134 3960 aliter
1157 3915 1230 3958 oum
1252 3895 1346 3980 tigris
1368 3896 1433 3959 feta
1459 3894 1628 3981 Niphaten

809 3997 932 4064 Oircuit
953 4005 1011 4064 aut
1032 4001 1158 4064 catulos
1180 4000 1328 4086 rapiendi
1351 4000 1469 4064 format
1493 4000 1534 4064 ad
1557 4019 1646 4081 usus,

740 4140 744 4153 ·
812 4101 918 4170 Ardet
940 4105 973 4167 in
997 4103 1162 4180 absentes,
1187 4105 1292 4168 saevis
1317 4106 1467 4169 mortalia
1489 4104 1614 4169 mandit

809 4205 960 4272 Membra
982 4207 1098 4271 animis
1121 4207 1353 4292 hominumque
1376 4229 1490 4272 necem
1513 4208 1597 4293 petit
1620 4227 1677 4272 ore
1694 4212 1838 4272 cruento.

809 4308 904 4374 Alter
926 4311 959 4374 in
983 4310 1045 4375 hoc
1069 4309 1195 4375 senium
1217 4312 1341 4376 teneris
1364 4311 1500 4375 miratus
1524 4311 1557 4375 in
1580 4311 1683 4390 annis,

739 4425 743 4432 '
809 4412 904 4478 Alter
926 4413 958 4477 in
982 4415 1115 4500 antiqua
1137 4413 1283 4479 iactabat
1306 4415 1407 4500 stirpe
1430 4421 1597 4501 parentes,

809 4517 955 4582 Alterius
980 4524 1135 4583 contenta
1156 4540 1272 4604 parum
1295 4518 1336 4584 de
1361 4519 1519 4603 sanguine
1542 4539 1636 4583 mens
1659 4524 1719 4590 est,

811 4619 924 4707 Digna
946 4621 1068 4686 referre
1092 4621 1152 4685 viri
1176 4623 1333 4687 virtutum
1356 4627 1530 4687 stemmata
1552 4623 1641 4687 mille

811 4723 1063 4791 Commemorat.
1100 4735 1224 4814 quanta
1246 4729 1332 4793 tituli
1355 4735 1433 4794 tunc
1456 4727 1551 4794 laude
1576 4733 1773 4815 superstant,

809 4828 994 4893 Vincuntur
1017 4831 1178 4915 quotiens,
1203 4837 1236 4898 et
1259 4853 1385 4898 morum
1408 4833 1513 4918 gloria
1534 4832 1627 4896 uictis

810 4932 953 4996 Parturit
975 4933 1138 5017 insignem
1160 4955 1220 5020 per
1241 4937 1373 5000 saecula
1397 4936 1496 5022 longa
1518 4935 1735 5020 triumphurn!

809 5034 870 5100 Ille
893 5019 1093 5121 pudicitiam,
1116 5057 1200 5122 quoe
1224 5038 1360 5124 pulchro
1383 5038 1416 5103 in
1439 5060 1576 5126 corpore
1601 5044 1717 5104 vernat

443 5213 728 5221 ——.—·--—-.
736 5213 841 5219 φ..
849 5213 853 5218 .-

547 5369 572 5402 v.
587 5349 620 5402 31
639 5351 750 5403 waaris
763 5348 818 5400 BV
924 5365 949 5398 v.
962 5343 996 5398 34
1014 5348 1171 5414 conplectam
1184 5349 1216 5414 B,
1235 5309 1401 5418 complectere
1417 5347 1476 5402 GPu
1585 5369 1608 5403 v.
1621 5348 1654 5402 37
1673 5349 1783 5401 iubatB
1889 5366 1913 5400 v.
1926 5343 1961 5397 41
1979 5343 2101 5398 uultosB

443 5453 467 5490 v.
486 5435 521 5490 43
539 5439 656 5490 admissis
676 5433 736 5489 0Ρό

443 5525 530 5577 minua
558 5521 641 5576 lufo

875 5452 899 5485 v.
918 5431 954 5485 50
971 5431 1010 5499 ut]
1033 5434 1091 5485 oto
1230 5454 1253 5488 v.
1273 5433 1308 5487 54
1326 5437 1398 5489 aedos
1416 5437 1442 5487 Β
1579 5454 1603 5488 v.
1622 5431 1655 5486 57
1673 5437 1784 5488 tumulto
1802 5435 1827 5485 B

785 5539 810 5573 v.
828 5519 861 5572 61
885 5521 949 5573 uicit
970 5519 1029 5571 01³0
1171 5537 1198 5573 v.
1215 5519 1249 5574 63
1272 5524 1351 5590 tegrin
1369 5523 1395 5573 Β
1499 5524 1596 5575 nil'atsn
1618 5523 1715 5574 codim

443 5627 467 5661 v.
489 5607 524 5662 65
550 5610 648 5662 mandit
675 5608 773 5674 Sabou,
805 5607 908 5659 mandat
932 5605 971 5670 B,
1001 5605 1103 5656 mandat
1129 5609 1204 5659 ceteri
1359 5627 1383 5662 v.
1408 5608 1442 5661 tt
1468 5607 1569 5676 anirnis]
1599 5610 1700 5662 animus
1722 5605 1766 5658 Va

442 5705 510 5750 mata
527 5695 635 5748 BVLT

1964 5450 1988 5484 v.
2008 5429 2101 5482 6000·

1858 5538 1882 5570 v.
1901 5519 1935 5572 64
1956 5517 2058 5571 catulus
2075 5517 2101 5568 B

1919 5623 1943 5656 v.
1966 5599 2001 5655 70
2029 5603 2100 5657 atim-
