4612 6442
888 417 915 478 11
934 417 1054 491 (crau.
1075 423 1097 486 1,
1116 418 1150 487 a).
1789 378 1790 382 ‘
1829 425 1848 490 5

192 591 365 681 conloquio
393 593 526 682 plectris
559 597 785 663 ecclesiastica
812 619 871 684 per
901 597 1042 684 populos
1073 597 1145 661 iura
1173 597 1364 663 diviserunt.
1415 619 1473 663 cur
1507 619 1568 684 ego
1602 599 1634 663 in
1663 596 1784 664 ordinis
1815 603 1880 664 ct3

191 701 300 766 meriti
322 701 517 766 constitutus
533 701 671 765 infantia
687 703 845 767 aemulari
864 723 1062 766 summorum
1079 703 1167 766 facta
1182 723 1247 768 non
1263 699 1424 786 studeam,
1447 705 1590 769 maxime
1606 725 1679 769 cunr
1696 703 1849 768 narrandi

192 806 401 870 simulacrum
424 806 537 870 altaris
561 805 697 869 militem
720 806 760 870 ad
785 805 980 892 excipienda
1004 827 1088 891 quae
1113 813 1226 871 contra
1242 806 1341 871 fidem
1358 807 1514 872 eveniunt
1530 807 1618 872 bella
1634 808 1849 873 conroboret?

191 931 252 975 nac
276 909 432 975 dubitabo
456 910 564 974 dicere
596 907 682 994 quod
711 909 878 995 praesenti
903 914 1032 973 constat
1055 911 1219 997 exemplo.
1265 908 1436 974 didicimus
1459 911 1522 973 iam
1547 931 1610 994 quo
1633 911 1763 975 turbine
1787 891 1996 996 provilf'plfin'

122 1051 129 1063 ·
192 1035 304 1078 amore
328 1013 404 1078 fidei
427 1013 523 1077 hasta
545 1012 695 1077 iacienda
719 1014 770 1092 sit,
794 1033 901 1096 neque
925 1033 984 1076 nos
1007 1012 1138 1077 virtutis
1161 1014 1267 1099 pretio
1290 1013 1345 1078 vel
1368 1014 1471 1076 titulis
1487 1013 1661 1078 mediocris
1679 1008 1850 1092 conflictu„

192 1119 345 1183 elevavit.
391 1115 496 1180 dicam
520 1137 597 1202 ergo
621 1116 730 1180 libens
754 1117 881 1181 musico
906 1117 980 1180 stilo
1004 1091 1125 1202 gaudia
1153 1138 1243 1198 mea,
1275 1137 1413 1203 quorum
1436 1118 1674 1204 perfectionem
1698 1117 1881 1181 maximisf

191 1223 345 1307 promitto
374 1242 426 1284 me
455 1219 517 1284 deo
549 1219 716 1284 adnitente
746 1220 865 1304 eloquii
903 1221 991 1285 lituis
1027 1223 1260 1288 nuntiaturum.
1317 1223 1495 1308 pulsabunt
1529 1243 1581 1287 me
1617 1220 1850 1286 oblatrantium

191 1345 319 1389 venena
351 1324 551 1409 linguarum,
580 1322 639 1388 sed
670 1323 883 1410 professionis
912 1331 945 1388 et
973 1324 1097 1409 ingenii
1125 1326 1295 1390 exercitiis
1325 1326 1511 1412 adgregabo
1547 1324 1701 1411 quidquid
1737 1330 1850 1388 eontra

192 1429 337 1493 accusati
360 1430 515 1494 meritum
538 1427 728 1493 maledictor
750 1428 935 1512 ingesserit.
969 1450 1048 1492 usus
1066 1436 1117 1494 est
1133 1431 1195 1495 iste
1213 1430 1298 1495 bene
1315 1431 1450 1494 nitentis
1468 1430 1698 1510 conscientiae,
1723 1427 1848 1513 opinio-

193 1533 244 1596 nis
272 1532 363 1598 lucro
392 1533 529 1617 iungere
557 1552 685 1596 morsus
712 1531 917 1596 aemulorum
947 1538 979 1595 et
1006 1533 1113 1597 famae
1138 1532 1320 1618 conpendia
1343 1533 1384 1598 de
1408 1533 1527 1598 invidis
1550 1533 1718 1619 aucupari.
1763 1533 1881 1596 malet

191 1637 344 1722 pertinax
368 1636 449 1701 dens
471 1636 597 1714 livoris,
625 1635 804 1720 infringere
829 1640 875 1716 et,
907 1636 962 1721 qui
988 1636 1209 1701 oblocutionis
1233 1637 1378 1702 fomitem
1403 1637 1537 1702 deloco
1561 1637 1684 1722 gloriae
1707 1635 1848 1720 quaeris,

191 1739 397 1804 obmutesce!
440 1738 493 1804 dic
515 1739 602 1804 unde
626 1740 752 1803 fructus
777 1740 908 1804 eveniat
930 1741 1066 1822 meritis,
1090 1742 1117 1805 si
1134 1742 1308 1806 iactantiae
1325 1742 1475 1828 deputas,
1500 1739 1586 1826 quod
1604 1739 1722 1805 sudore
1739 1745 1850 1803 nostro

190 1844 373 1928 placemus!
418 1843 512 1908 labor
535 1850 586 1908 est
608 1829 801 1929 disciplinae
825 1845 948 1909 amicus
974 1851 1007 1909 et
1030 1845 1180 1930 religioni
1196 1846 1336 1932 quadam
1354 1847 1549 1931 cognatione
1566 1845 1724 1910 sociatus.
1761 1843 1852 1906 velut

191 1945 257 2012 uda
284 1948 517 2033 praesegmina
546 1949 730 2033 peregrinis
759 1950 912 2014 maritata
939 1950 1108 2014 fomitibus
1138 1950 1343 2014 nobilitatem
1371 1951 1537 2014 fructuum
1563 1949 1664 2013 ramis
1693 1947 1850 2027 tribuunt,
1920 2018 1921 2023 ἵ

192 2073 288 2137 quam
310 2052 527 2138 parturientia
550 2051 605 2115 diu
628 2052 778 2117 nesciere
801 2053 975 2138 plantaria,
999 2055 1045 2117 ita
1068 2053 1201 2118 dotatus
1217 2054 1408 2120 liberalibus
1425 2054 1580 2117 institutis
1596 2052 1684 2117 bona
1700 2057 1843 2115 mentem

192 2176 270 2219 cura
293 2153 461 2241 gravidam
485 2155 527 2220 ad
550 2177 642 2241 spem
665 2156 819 2241 germinis
843 2157 987 2221 melioris
1011 2156 1151 2222 adtollit.
1189 2158 1356 2244 pelluntur
1379 2159 1487 2222 animo
1505 2155 1715 2222 oonsiliomm
1732 2153 1877 2219 toxioad

192 2259 341 2324 humanis
365 2265 561 2345 praeparata
583 2259 730 2341 necibus,
753 2281 847 2325 umor
871 2261 940 2325 suci
963 2261 1072 2326 letalis
1097 2261 1256 2341 aboletur,
1279 2263 1430 2347 quotiens
1453 2260 1641 2328 huiusmodi
1658 2260 1847 2346 occupatio·

193 2364 289 2430 nibus
324 2364 456 2448 ingenia
490 2384 526 2427 se
561 2364 765 2429 submittunt.
820 2365 897 2429 hinc
930 2364 971 2429 ad
1004 2366 1143 2430 clariora
1170 2365 1430 2452 digredientibus
1457 2367 1639 2431 divinorum
1673 2368 1848 2450 patescunt

193 2474 320 2532 secreta
342 2466 511 2548 librorum,
535 2489 672 2552 quorum
694 2470 826 2533 ianuam
850 2490 949 2535 sensu
971 2471 1123 2555 pulsante
1146 2470 1223 2534 dum
1240 2469 1375 2552 reserat,
1398 2473 1528 2558 populis
1546 2494 1581 2537 se
1599 2469 1681 2536 duce
1699 2469 1849 2555 pervium

110 2582 119 2600 ‘
191 2573 271 2637 facit
289 2573 352 2636 iter
372 2573 568 2656 ignoratum,
593 2574 670 2638 dum
689 2573 879 2639 fastidiosos
898 2575 1018 2660 eloquii
1033 2574 1218 2659 splendore,
1243 2596 1358 2661 parum
1374 2574 1486 2640 doctos
1503 2574 1847 2650 fabricatalatinitate

191 2681 242 2756 et,
265 2682 300 2740 ut
322 2678 428 2756 aiunt,
459 2677 575 2741 artifici
597 2679 781 2744 rusticitate
805 2678 967 2764 perducit.
1013 2679 1084 2764 quis
1109 2681 1209 2744 talam
1233 2679 1349 2743 salutis
1373 2700 1438 2743 non
1462 2678 1578 2763 diligat
1601 2676 1759 2757 indicem,
1783 2696 1849 2738 non

191 2785 365 2865 sequatur,
397 2783 451 2868 qui
482 2782 679 2847 necessariis
708 2781 831 2862 dulcia,
860 2782 1009 2846 dulcibus
1042 2804 1159 2846 severa
1187 2782 1355 2848 miscendo
1389 2803 1499 2847 amare
1523 2782 1611 2845 vitae
1635 2778 1791 2864 dogmata
1815 2782 1848 2842 et

189 2883 274 2949 velle
299 2886 388 2970 cogit
409 2885 549 2950 invitos?
588 2886 647 2950 sed
670 2886 766 2950 istinc
789 2887 882 2950 alias.
921 2887 1029 2973 coepti
1052 2886 1267 2972 conpleautur
1289 2886 1428 2952 honesta
1452 2892 1530 2950 vota
1553 2884 1722 2971 propositi.
1758 2877 1876 2967 apud'f

190 2989 331 3052 scientes
355 3011 463 3054 rerum
487 2968 893 3074 loquimursr‘c's'iir'tutis
918 2996 969 3054 est
992 2990 1147 3074 gaudium
1172 2991 1352 3070 continere,
1377 2988 1541 3054 secundae
1562 2987 1763 3074 diligentiae,
1786 3005 1847 3070 per

192 3092 394 3157 elaboratum
428 3094 591 3158 tramitem
625 3095 813 3160 luculentae
842 3094 993 3159 dictionis
1027 3095 1218 3174 ostendere,
1249 3095 1345 3160 hodie
1373 3095 1515 3160 maxime
1545 3114 1619 3158 cum
1647 3093 1714 3157 mei
1740 3090 1846 3176 portio

189 3197 289 3260 limen
318 3197 470 3282 ingressa
499 3197 672 3263 facundiae
703 3198 758 3262 dat
780 3200 908 3284 parenti
933 3197 1138 3263 exultatione
1161 3199 1397 3285 eloquentiam,
1427 3220 1524 3284 quam
1546 3203 1647 3282 ncgat
1668 3195 1847 3280 ingenium,

190 3323 263 3367 cum
291 3300 391 3365 donat
418 3322 519 3366 causa
549 3299 635 3386 quod
665 3307 783 3366 natura
812 3323 877 3367 non
906 3302 1080 3387 praestitit.
1125 3310 1232 3367 macte
1261 3304 1436 3389 insignium
1460 3302 1653 3367 adulescens
1677 3291 1876 3374 virtutum‚8

189 3409 244 3493 qui
267 3408 300 3471 in
324 3428 405 3472 cano
428 3406 508 3471 flore
533 3427 701 3492 pomorum
725 3426 896 3471 numerum
925 3411 1109 3470 monstrans
1134 3405 1193 3470 das
1217 3407 1341 3493 pellere
1365 3406 1562 3471 adflictionis
1587 3404 1726 3490 glaciem
1750 3399 1846 3466 etad

189 3532 325 3576 vamum
349 3531 401 3575 me
425 3510 578 3575 dictionis
601 3511 736 3575 inritas!
783 3531 858 3574 nam
883 3510 958 3574 dum
983 3509 1069 3597 quod
1094 3517 1130 3575 tu
1154 3508 1258 3575 debes
1282 3511 1409 3592 studiis,
1434 3531 1495 3595 ego
1521 3506 1663 3594 inpendo
1688 3506 1847 3584 laetitiae,

189 3622 268 3702 puto
292 3615 389 3680 ambo
411 3615 611 3702 proficimus.
657 3615 764 3678 simile
789 3620 841 3678 cst
864 3617 949 3680 enim
975 3614 1089 3679 rudem
1113 3614 1284 3679 instituere
1308 3622 1341 3680 ct
1364 3614 1406 3680 ad
1426 3612 1675 3679 declamationis
1691 3609 1845 3674 affectum

189 3741 347 3784 revocare
371 3721 435 3784 iam
459 3718 631 3787 desidem..

491 3944 501 3979 ¹
556 3927 636 3992 Post
659 3949 758 3993 cauas
782 3926 918 4005 hiemes,
943 3923 1043 4009 gelidi
1066 3931 1141 4009 post
1164 3922 1283 3988 damna
1306 3921 1459 4009 profundi

601 4031 828 4117 Tranquillum
852 4029 1002 4114 quotiens
1026 4028 1139 4092 navita
1162 4027 1265 4112 carpit
1288 4026 1360 4103 iter,

556 4135 685 4200 Macret
707 4141 741 4200 et
764 4131 855 4198 infidi
879 4132 1034 4219 desperat
1056 4152 1215 4217 prospera
1237 4129 1330 4215 ponti

604 4240 775 4326 Quamque
799 4238 891 4302 videt
913 4237 1033 4302 faciem
1056 4257 1119 4301 non
1143 4239 1239 4322 putat
1262 4254 1337 4298 esse
1362 4233 1451 4298 salis.

491 4359 502 4395 a
557 4343 674 4410 Sibilat
696 4364 777 4424 aura
801 4342 893 4422 levis,
917 4340 1042 4405 validas
1067 4340 1160 4404 timet
1183 4339 1238 4403 ille
1261 4337 1440 4423 procellas:

602 4449 773 4514 Fluctibus
798 4453 832 4512 et
853 4444 992 4511 blandas
1017 4445 1170 4510 aestimat
1194 4464 1268 4509 esse
1291 4443 1407 4507 minas.

555 4553 675 4617 Lintea
699 4553 726 4617 si
750 4553 894 4638 crispant
917 4548 1061 4635 Zephyri
1083 4546 1263 4634 pendentia
1284 4546 1370 4610 malo

601 4655 645 4720 Et
667 4656 756 4721 dulci
779 4654 863 4720 ludit
886 4655 1020 4740 spiritus
1044 4653 1215 4738 obsequio,

558 4757 735 4826 Confusam
757 4759 866 4823 ventis
889 4765 1039 4822 naturam
1062 4755 1202 4842 perdere
1225 4755 1316 4840 leges

476 4877 501 4914 ¹⁰
606 4861 699 4928 Iurat
723 4869 757 4928 et
781 4864 950 4947 antiquum
974 4858 1078 4926 credit
1101 4851 1218 4924 adesse
1242 4857 1353 4924 chaos.

190 5055 600 5065 -—-—-——-—-—--—--·

293 5221 499 5293 leblloquiol'
589 5222 813 5280 3corr0boretV
905 5217 1121 5273 ddedicimusB
1216 5214 1426 5284 'fadnitentsB‚
1444 5221 1576 5274 annitente
1595 5221 1648 5288 Vn,
1665 5221 1806 5276 adiuuante
1819 5223 1843 5289 b,

188 5315 463 5374 cannamomum.)
487 5311 512 5362 T
596 5313 678 5381 lituis]
697 5316 779 5368 literis
798 5314 878 5366 Sirra.
1004 5308 1184 5377 Saggregabo
1203 5307 1228 5357 V
1325 5307 1492 5373 quicquidV
1620 5306 1703 5362 iliata
1720 5319 1759 5362 est
1776 5309 1845 5360 Pte

191 5395 225 5448 10
242 5395 347 5465 inuidia]
367 5399 466 5451 inuidia
478 5399 557 5450 Sirra.
646 5398 680 5450 12
697 5397 1084 5460 sudoreBctSirm.innotia,
1101 5395 1188 5446 sudori
1201 5395 1276 5445 ceteri
1362 5391 1395 5444 14
1412 5395 1528 5446 tribuant
1540 5394 1619 5446 Sirra.
1701 5395 1735 5448 19
1753 5413 1844 5448 sensus

190 5484 412 5552 pulsantiHartct
506 5483 542 5538 20
560 5485 745 5538 fastidiosusB
841 5483 874 5537 21
895 5481 1055 5551 perducetB
1150 5477 1184 5531 23
1202 5476 1278 5546 alias]
1291 5480 1355 5532 alios
1368 5479 1412 5530 Ba
1509 5477 1545 5532 24
1562 5478 1701 5548 sccundus]
1720 5484 1764 5534 sed
1775 5485 1844 5549 sort.

189 5569 414 5634 uerecundiae
433 5589 489 5638 arip.
509 5571 603 5633 aare
698 5569 932 5623 tarnuanense
1022 5566 1057 5620 28
1076 5575 1220 5619 monstrans
1233 5565 1266 5630 B,
1284 5575 1410 5618 monstras
1428 5569 1503 5618 ceter-i
1560 5565 1616 5634 das]
1635 5567 1750 5619 dansB¹
1807 5573 1844 5620 af·

190 5659 310 5711 dictionis
331 5659 356 5708 V
449 5659 482 5711 31
502 5657 625 5727 desidem]
645 5660 765 5712 dissidem
778 5658 804 5711 B
907 5675 931 5709 v.
953 5657 965 5708 1
986 5655 1142 5724 dampnaV
1238 5651 1293 5704 r.3
1311 5653 1512 5722 disperatBVh
1611 5671 1636 5706 v.
1655 5653 1672 5704 4
1691 5655 1739 5706 sali
1758 5654 1846 5708 Sciron

190 5762 215 5798 v.
234 5742 251 5796 7
270 5747 408 5816 capheriB
478 5746 607 5800 muluoB
