4596 6450
456 402 515 464 126
791 393 851 446 CIX
870 391 993 460 (EPIST.
1011 391 1036 453 3,
1054 390 1108 458 28),
1127 389 1172 443 CX
1192 386 1314 456 (EPIST.
1332 387 1357 450 3,
1375 387 1429 454 29),
1449 386 1509 442 CXI
1528 385 1651 452 (EPIST.
1670 387 1695 448 3,
1713 384 1767 454 30).

455 594 514 658 per
549 570 614 634 stili
649 564 892 630 similitudinem
926 564 1157 651 peregrinante
1191 561 1360 647 diligentia
1397 557 1598 644 respondere
1637 558 1833 644 conloquiis,
1872 579 1914 621 ne
1950 558 2108 623 subtracti

455 673 614 738 sermonis
633 669 774 734 officium
792 689 856 732 non
873 673 1016 732 vestram
1033 666 1213 730 innotuisse
1230 664 1310 729 mihi
1325 663 1490 743 astutiam,
1514 661 1573 726 scd
1590 667 1733 726 nostram
1749 663 1912 726 revelaret
1927 660 2107 726 infantiam.

421 778 546 859 2nolc,
577 795 670 838 soror
692 772 874 856 Euprepia,
906 771 1081 856 quidquam
1113 768 1153 832 dc
1181 767 1420 853 provinciarum
1451 767 1547 830 malis
1571 766 1639 847 vel,
1671 766 1755 830 sicut
1783 764 1908 847 dixisti,
1939 765 2105 829 hominum

452 879 641 945 inmissione
666 876 822 941 causeris.
861 895 1067 962 quocumque
1092 872 1304 948 abscesseris,
1327 875 1483 956 quantum
1507 892 1559 936 ras
1583 868 1691 949 docet,
1714 875 1856 934 mentem
1881 869 1966 934 male
1991 869 2106 934 credu-

451 986 516 1049 lam
539 1004 604 1047 non
627 981 761 1045 omittis.
798 979 879 1043 vitia
901 983 1014 1042 nostra
1035 976 1206 1060 regionum
1228 976 1408 1039 mutatione
1432 973 1674 1058 confugimus.
1719 974 1805 1036 circa
1826 974 2025 1060 propinquos
2050 972 2108 1036 tibi
2170 995 2180 1030 s

452 1089 512 1152 fuit
541 1087 608 1150 tole
639 1083 858 1170 propositum,
894 1088 931 1145 ut
961 1102 1022 1144 nec
1052 1078 1228 1144 benefacta
1258 1080 1401 1164 ipsorum
1437 1078 1523 1141 iusta
1557 1077 1826 1164 interpretatione
1860 1097 2018 1162 pensares
2049 1098 2109 1140 nec

453 1211 607 1254 excessus
630 1187 743 1250 debita
766 1191 891 1250 tentum
914 1183 1171 1270 reprehensione
1195 1183 1388 1268 corriperes.
1426 1179 1486 1248 sed
1507 1179 1585 1265 quid
1610 1201 1692 1267 opus
1716 1187 1767 1245 cst
1789 1181 1910 1246 doloris
1933 1181 2109 1268 epistulam

421 1292 521 1357 3lieri
544 1291 747 1375 longiorem?
784 1289 950 1371 ingenium
973 1293 1118 1350 vestrum
1143 1288 1234 1351 nulla
1257 1287 1379 1372 eloquii
1400 1286 1519 1372 poterit
1535 1289 1661 1348 mutare
1679 1284 1857 1363 affluentia.
1894 1285 1980 1370 quod
1997 1291 2109 1365 restat,

452 1396 536 1476 vale,
558 1395 604 1458 mi
626 1393 767 1472 domina,
791 1399 824 1455 ct
846 1396 943 1477 prout
966 1389 1101 1476 expedit
1124 1389 1270 1453 ordinem
1293 1389 1380 1453 vitae
1403 1396 1479 1452 tuac
1502 1389 1696 1474 animaeque
1720 1409 1878 1474 conpone.
1922 1409 1975 1452 me
1999 1396 2108 1453 tamen

452 1498 613 1584 Lupicino
637 1496 767 1561 noveris
790 1515 855 1559 non
879 1493 966 1578 quod
989 1493 1047 1555 tibi
1072 1492 1195 1574 debeo,
1226 1477 1285 1557 sed
1308 1492 1386 1578 quid
1409 1494 1539 1557 animae
1561 1514 1656 1557 meae
1685 1495 1858 1557 conveniat
1886 1494 2108 1579 inpensarum,
2160 1516 2183 1552 o

453 1601 529 1686 quia
561 1599 630 1664 sols
664 1604 731 1677 cst,
772 1618 857 1684 quac
892 1596 1047 1661 maiorem
1080 1618 1100 1659 a
1131 1597 1194 1661 deo
1229 1597 1476 1660 retributionem
1516 1603 1669 1676 meretur,
1711 1597 1857 1670 affectio,
1901 1617 1974 1660 cum
2009 1598 2108 1660 nullis

452 1704 619 1768 hominum
642 1701 774 1766 dotibus
798 1706 974 1788 provocata
998 1699 1196 1766 conceditur.

1124 2023 1184 2092 CX
1207 2025 1316 2112 (srrsr.
1332 2031 1362 2110 3,
1378 2029 1443 2110 29).
1466 1993 1470 2002 ⁸

1026 2219 1262 2294 ENNODIVS
1289 2217 1538 2297 EVGENETI.

423 2383 435 2440 ¹
564 2366 739 2478 Quotiens
763 2418 917 2462 sensuum
940 2395 1133 2483 pignoribus
1156 2394 1260 2460 verba
1282 2394 1492 2478 famulantur,
1516 2397 1609 2484 quasi
1631 2399 1665 2462 in
1688 2398 1827 2484 quodam
1851 2398 1985 2486 speculo
2010 2400 2056 2463 ita
2078 2400 2111 2463 in

452 2502 579 2587 paginis
603 2523 709 2566 sermo
734 2502 796 2565 sibi
827 2502 964 2565 amicam
993 2500 1098 2586 pingit
1127 2497 1289 2583 effigiem,
1323 2520 1396 2562 cum
1428 2521 1491 2585 qua
1513 2501 1587 2564 viva
1610 2501 1682 2566 vice
1711 2503 1927 2588 conloquitur,
1960 2509 1993 2568 ct
2026 2503 2111 2567 dulci
2162 2524 2183 2561 rs

456 2604 629 2670 simulacro
652 2604 822 2669 desideriis
845 2603 1048 2690 obsequente
1073 2602 1267 2688 gratulatur.
1304 2603 1395 2667 nulla
1419 2604 1548 2688 quidem
1574 2613 1767 2693 conceptum
1790 2606 1952 2672 foederati
1967 2607 2113 2693 pectoris

454 2709 618 2794 eloquitur
641 2709 706 2774 oris
723 2707 899 2786 affluentia,
924 2712 1045 2771 etcum
1064 2703 1407 2771 sintfacilioravcrba
1430 2707 1598 2772 beneficiis
1621 2731 1683 2774 nce
1707 2711 1829 2782 existat
1851 2709 1939 2796 quod
1961 2731 2112 2776 cresccre

422 2817 600 2896 2ncqueat
634 2811 811 2876 ambitione
847 2809 987 2874 dicendi.
1038 2829 1099 2892 ego
1132 2809 1165 2871 in
1193 2807 1389 2894 explicanda
1423 2811 1510 2876 circa
1537 2833 1595 2876 vos
1628 2812 1800 2898 diligentia
1829 2821 1978 2880 arentem
2011 2821 2114 2880 testor

455 2916 636 2981 infantiam.
675 2915 933 2979 unianimitatem
956 2920 1066 2977 tamen
1083 2918 1226 2976 vestram
1249 2913 1481 2978 taciturnitatis
1504 2916 1644 2994 incesso,
1669 2917 1755 3001 quod
1778 2919 1910 3002 gemina
1933 2917 2111 3005 scriptione

453 3019 594 3083 donatus
619 3019 698 3082 nibil
723 3017 763 3082 dc
787 3017 909 3082 vicaria
933 3017 1092 3080 relatione
1118 3017 1282 3100 cogitasti.
1319 3039 1396 3082 cccc
1419 3019 1536 3083 iterum
1560 3021 1696 3106 paginas
1719 3023 1811 3085 mitto
1836 3023 1942 3087 sciens
1965 3022 2111 3086 tribuere
2161 3039 2183 3075 n

454 3121 541 3206 quod
564 3127 713 3208 expecto.
758 3122 842 3202 vale,
867 3122 910 3184 mi
933 3120 1074 3201 domine,
1099 3126 1132 3185 et
1155 3127 1320 3186 amantem
1343 3122 1390 3185 tui
1412 3121 1590 3207 adloquere
1615 3125 1807 3210 nitoreque
1831 3126 1937 3189 clarus
1961 3147 2007 3204 cs,
2037 3125 2111 3189 fove

454 3226 644 3309 integritate
669 3246 731 3310 qua
755 3224 938 3310 praevales.

1114 3457 1196 3526 cxl
1218 3459 1327 3547 (errsr.
1345 3465 1375 3543 3,
1391 3461 1458 3560 30).
1492 3445 1494 3450 ’

1053 3653 1291 3731 ENNODIVS
1318 3657 1508 3732 AVIENO.
1555 3597 1560 3610 *

424 3819 437 3877 ¹
554 3793 674 3892 Miror
705 3829 786 3893 favis
816 3829 1048 3914 magnitudinis
1087 3840 1164 3898 tuac
1197 3835 1374 3900 iniucunda
1405 3838 1548 3922 copulari
1580 3845 1614 3902 et
1645 3839 1857 3904 serenitatem
1891 3840 2110 3905 conscientiae

454 3930 630 4018 verborum
667 3934 861 3998 austeritate
899 3936 1113 4014 maculatam,
1155 3938 1231 4004 dum
1268 3941 1383 4006 scribis
1418 3941 1580 4026 imperare
1615 3963 1667 4007 ms
1701 3943 1810 4028 potius
1843 3944 1981 4029 paginas
2015 3963 2111 4028 quam
2157 3967 2178 4005 a

453 4030 623 4117 diligentia
654 4036 819 4100 exactrice
850 4040 1038 4121 promereri.
1087 4047 1184 4126 putas
1220 4044 1321 4107 ullum
1351 4064 1457 4128 genus
1493 4043 1682 4108 dominandi
1711 4067 1784 4110 esse
1815 4047 1988 4110 sublimius
2016 4067 2111 4132 quam

453 4134 534 4199 illud
562 4134 647 4221 quod
678 4159 788 4203 amore
818 4160 878 4202 nos
908 4140 1052 4205 subicit?
1097 4143 1187 4208 nulla
1214 4151 1304 4223 suut,
1331 4145 1448 4210 domne
1472 4147 1614 4230 Aviene,
1646 4149 1789 4213 culmina
1812 4169 1832 4212 a
1854 4150 1933 4235 iugo
1965 4150 2110 4214 caritatis

423 4238 615 4316 rinmunia;
644 4240 799 4326 quidquid
822 4242 854 4304 in
879 4243 956 4307 orbe
980 4244 1143 4310 libertatis
1168 4254 1227 4329 est,
1251 4249 1308 4312 tali
1331 4271 1397 4314 non
1420 4251 1622 4316 subtrahitur
1645 4253 1805 4318 servituti.
1852 4275 1929 4319 cccc
1954 4275 2017 4340 ego
2040 4255 2111 4318 loco

454 4347 599 4426 humilis,
631 4347 764 4432 ignotus
796 4348 974 4412 honoribus
998 4351 1115 4414 vestris
1147 4351 1291 4416 fascibus
1323 4353 1368 4418 sic
1392 4353 1528 4431 iubebo,
1561 4356 1656 4441 parili
1685 4361 1860 4422 contentus
1889 4357 2004 4423 ordine
2035 4357 2110 4422 sub-

455 4451 575 4518 iacere.
619 4471 704 4514 nunc
729 4450 813 4532 vale,
837 4456 870 4514 et
894 4457 1050 4535 quantum
1073 4453 1173 4518 tribui
1196 4455 1254 4519 tibi
1278 4456 1434 4537 senseris,
1458 4464 1585 4523 tantum
1609 4459 1686 4524 mihi
1709 4460 1794 4524 sicut
1816 4458 1922 4525 fidelis
1946 4462 2112 4526 restitutor
2158 4485 2180 4522 n

454 4554 638 4618 allectionis
662 4554 814 4639 inpende.

557 4808 575 4860 2
593 4810 656 4862 mibi
673 4811 816 4866 innotuisse
834 4813 913 4866 Sir-m
972 4815 1095 4866 rsuslstic
1107 4815 1160 4879 Bc,
1176 4819 1228 4869 etio
1245 4834 1301 4884 esp.
1319 4827 1344 4870 et
1360 4827 1399 4871 ret
1416 4837 1542 4887 cupersan
1555 4822 1601 4873 Bl
1696 4820 1713 4874 3
1731 4825 1869 4890 qrricquam
1884 4822 1906 4874 V
1998 4821 2017 4876 5
2033 4832 2112 4875 muta·

453 4898 523 4948 tione
540 4893 608 4962 (sup.
621 4914 636 4948 a
649 4897 695 4953 lis.)
710 4898 735 4950 B
866 4896 881 4950 7
900 4901 1034 4967 corriperis
1047 4900 1072 4950 B
1200 4900 1217 4953 8
1234 4905 1356 4956 alluentia
1368 4904 1393 4956 B
1523 4907 1540 4960 9
1551 4917 1611 4962 tuae
1622 4927 1671 4962 om.
1689 4909 1733 4960 VJ.
1739 4909 1808 4962 TCP
1901 4912 2054 4979 anirnssqus
2066 4909 2113 4970 Bb,

454 4984 583 5049 animique
601 4986 677 5036 ceteri
781 4984 815 5038 10
832 4987 877 5039 scd
895 4988 957 5054 quid
969 4984 1098 5052 BVJffl,
1116 4990 1160 5040 sed
1177 4991 1246 5055 quod
1263 4992 1310 5042 rel.
1416 4989 1448 5043 12
1465 4996 1653 5048 concrediturb

559 5083 624 5153 [CX]
671 5085 704 5138 13
725 5090 840 5155 eugeniti
857 5089 882 5140 B
1032 5087 1065 5140 14
1086 5092 1165 5144 uerba
1190 5091 1219 5156 (u
1236 5094 1264 5144 io
1282 5092 1329 5160 lit.)
1346 5095 1371 5146 B
1480 5099 1590 5164 quadam
1607 5099 1653 5149 ΒΕ
1803 5099 1835 5150 15
1856 5099 1926 5168 uice]
1951 5117 2016 5154 uoce
2034 5101 2059 5152 Τ
2057 5101 2112 5153 ort

455 5169 488 5224 18
505 5173 726 5307 incrqqmplicsnds
744 5173 780 5240 (m
798 5175 849 5226 del.
868 5185 891 5228 cl
910 5194 927 5227 x
945 5195 1001 5243 sup.
1020 5193 1068 5228 scr.
1086 5195 1120 5228 m.
1134 5179 1157 5242 1)
1170 5179 1196 5229 B
1306 5179 1338 5232 19
1355 5184 1547 5237 unanimitatem
1563 5184 1681 5237 VLTCP
1752 5188 1855 5240 incessu
1868 5187 1894 5237 B
2002 5186 2034 5238 ‘21
2055 5189 2113 5239 allo-

454 5275 533 5324 querc

560 5359 637 5427 [CXI]
673 5359 707 5413 24
725 5363 864 5416 iniccundc
875 5362 975 5416 BTCP
1097 5362 1132 5415 26
1149 5369 1288 5432 promereri
1306 5366 1358 5435 (iri
1376 5387 1444 5424 corr.
1463 5383 1486 5425 ct
1501 5391 1594 5426 rursus
1612 5373 1674 5439 del.)
1687 5373 1712 5425 B
1802 5384 1877 5444 putas
1894 5375 1999 5440 Harrei,
2022 5385 2112 5444 putans

455 5446 523 5510 libri,
541 5455 650 5514 putasne
667 5449 708 5500 cel
725 5467 758 5500 au
776 5457 853 5517 putas
864 5453 932 5518 sort.
1037 5447 1190 5504 2lamorib
1260 5455 1384 5507 uullseB
1453 5460 1590 5525 dcmnsB,
1607 5463 1709 5514 domine
1726 5463 1802 5514 cereri
1905 5459 1940 5514 28
1957 5461 2117 5531 quicquidl'
