<?xml version="1.0" encoding="UTF-8"?>
<!DOCTYPE html PUBLIC "-//W3C//DTD XHTML 1.0 Transitional//EN"
    "http://www.w3.org/TR/xhtml1/DTD/xhtml1-transitional.dtd">
<html xmlns="http://www.w3.org/1999/xhtml" xml:lang="en" lang="en">
 <head>
  <title>
</title>
<meta http-equiv="Content-Type" content="text/html;charset=utf-8" />
  <meta name='ocr-system' content='tesseract 3.04.00' />
  <meta name='ocr-capabilities' content='ocr_page ocr_carea ocr_par ocr_line ocrx_word'/>
</head>
<body>
  <div class='ocr_page' id='page_1' title='image "./monumentagerman06mittgoog_0226.png"; bbox 0 0 4596 6450; ppageno 0'>
   <div class='ocr_carea' id='block_1_1' title="bbox 616 395 1848 468">
    <p class='ocr_par' dir='ltr' id='par_1_1' title="bbox 616 395 1848 468">
     <span class='ocr_line' id='line_1_1' title="bbox 616 395 1848 468; baseline 0.013 -17"><span class='ocrx_word' id='word_1_1' title='bbox 616 395 740 451; x_wconf 80' lang='lat' dir='ltr'>CLXXII</span> <span class='ocrx_word' id='word_1_2' title='bbox 759 396 881 465; x_wconf 83' lang='lat' dir='ltr'>(EPIST.</span> <span class='ocrx_word' id='word_1_3' title='bbox 899 399 924 463; x_wconf 82' lang='lat'><strong>4,</strong></span> <span class='ocrx_word' id='word_1_4' title='bbox 942 399 988 467; x_wconf 85' lang='lat'><strong>34)</strong></span> <span class='ocrx_word' id='word_1_5' title='bbox 1006 429 1038 439; x_wconf 92' lang='lat'>-</span> <span class='ocrx_word' id='word_1_6' title='bbox 1057 397 1194 454; x_wconf 83' lang='lat' dir='ltr'>CLXXIV</span> <span class='ocrx_word' id='word_1_7' title='bbox 1212 399 1334 466; x_wconf 80' lang='lat' dir='ltr'><strong>(EPIST.</strong></span> <span class='ocrx_word' id='word_1_8' title='bbox 1353 401 1378 464; x_wconf 82' lang='lat'><strong>5,</strong></span> <span class='ocrx_word' id='word_1_9' title='bbox 1399 401 1433 468; x_wconf 85' lang='lat'><strong>1).</strong></span> <span class='ocrx_word' id='word_1_10' title='bbox 1789 405 1848 467; x_wconf 84' lang='grc'><strong>153</strong></span> 
     </span>
    </p>
   </div>
   <div class='ocr_carea' id='block_1_2' title="bbox 132 566 1881 1486">
    <p class='ocr_par' dir='ltr' id='par_1_2' title="bbox 192 566 1881 970">
     <span class='ocr_line' id='line_1_2' title="bbox 192 566 1849 658; baseline 0.005 -26"><span class='ocrx_word' id='word_1_11' title='bbox 192 566 350 632; x_wconf 87' lang='lat' dir='ltr'><strong>discretos</strong></span> <span class='ocrx_word' id='word_1_12' title='bbox 384 567 466 632; x_wconf 86' lang='lat' dir='ltr'><strong>nihil</strong></span> <span class='ocrx_word' id='word_1_13' title='bbox 499 569 630 655; x_wconf 81' lang='lat' dir='ltr'><strong>peribat</strong></span> <span class='ocrx_word' id='word_1_14' title='bbox 663 570 806 636; x_wconf 83' lang='lat' dir='ltr'><strong>affectui.</strong></span> <span class='ocrx_word' id='word_1_15' title='bbox 860 570 920 637; x_wconf 91' lang='lat' dir='ltr'><strong>sed</strong></span> <span class='ocrx_word' id='word_1_16' title='bbox 953 572 1050 638; x_wconf 92' lang='lat' dir='ltr'><strong>credo</strong></span> <span class='ocrx_word' id='word_1_17' title='bbox 1088 573 1210 658; x_wconf 91' lang='lat' dir='ltr'><strong>eligitis</strong></span> <span class='ocrx_word' id='word_1_18' title='bbox 1244 573 1356 638; x_wconf 91' lang='lat' dir='ltr'><strong>amicis</strong></span> <span class='ocrx_word' id='word_1_19' title='bbox 1391 573 1573 638; x_wconf 84' lang='lat' dir='ltr'><strong>difficiliora</strong></span> <span class='ocrx_word' id='word_1_20' title='bbox 1605 574 1751 640; x_wconf 90' lang='lat' dir='ltr'><strong>tribuere</strong></span> <span class='ocrx_word' id='word_1_21' title='bbox 1784 596 1849 640; x_wconf 94' lang='lat' dir='ltr'><strong>non</strong></span> 
     </span>
     <span class='ocr_line' id='line_1_3' title="bbox 192 672 1881 762; baseline 0.004 -27"><span class='ocrx_word' id='word_1_22' title='bbox 192 677 344 758; x_wconf 88' lang='lat' dir='ltr'><strong>putantes</strong></span> <span class='ocrx_word' id='word_1_23' title='bbox 374 672 585 752; x_wconf 89' lang='lat' dir='ltr'><strong>beneficium,</strong></span> <span class='ocrx_word' id='word_1_24' title='bbox 619 675 647 738; x_wconf 91' lang='lat' dir='ltr'><strong>si</strong></span> <span class='ocrx_word' id='word_1_25' title='bbox 677 696 793 761; x_wconf 88' lang='lat' dir='ltr'><strong>pascar</strong></span> <span class='ocrx_word' id='word_1_26' title='bbox 821 676 855 739; x_wconf 93' lang='lat' dir='ltr'><strong>in</strong></span> <span class='ocrx_word' id='word_1_27' title='bbox 884 681 975 741; x_wconf 91' lang='lat' dir='ltr'><strong>tanta</strong></span> <span class='ocrx_word' id='word_1_28' title='bbox 1002 677 1168 742; x_wconf 82' lang='lat' dir='ltr'><strong>vicinitate</strong></span> <span class='ocrx_word' id='word_1_29' title='bbox 1198 677 1390 762; x_wconf 84' lang='lat' dir='ltr'><strong>conloquiis.</strong></span> <span class='ocrx_word' id='word_1_30' title='bbox 1440 681 1474 740; x_wconf 93' lang='lat' dir='ltr'><strong>at</strong></span> <span class='ocrx_word' id='word_1_31' title='bbox 1503 697 1566 761; x_wconf 89' lang='lat' dir='ltr'><strong>ego</strong></span> <span class='ocrx_word' id='word_1_32' title='bbox 1596 697 1708 741; x_wconf 90' lang='lat' dir='ltr'><strong>casum</strong></span> <span class='ocrx_word' id='word_1_33' title='bbox 1735 679 1881 743; x_wconf 85' lang='lat' dir='ltr'><strong>meum3</strong></span> 
     </span>
     <span class='ocr_line' id='line_1_4' title="bbox 193 775 1850 865; baseline 0.005 -27"><span class='ocrx_word' id='word_1_34' title='bbox 193 795 289 839; x_wconf 83' lang='lat' dir='ltr'><strong>versa</strong></span> <span class='ocrx_word' id='word_1_35' title='bbox 322 775 552 841; x_wconf 79' lang='lat' dir='ltr'><strong>aestimatione</strong></span> <span class='ocrx_word' id='word_1_36' title='bbox 587 778 728 864; x_wconf 88' lang='lat' dir='ltr'><strong>suspiro,</strong></span> <span class='ocrx_word' id='word_1_37' title='bbox 763 798 804 844; x_wconf 92' lang='lat' dir='ltr'><strong>ne</strong></span> <span class='ocrx_word' id='word_1_38' title='bbox 835 779 1005 845; x_wconf 84' lang='lat' dir='ltr'><strong>beatitudo</strong></span> <span class='ocrx_word' id='word_1_39' title='bbox 1039 785 1098 844; x_wconf 90' lang='lat' dir='ltr'><strong>tua</strong></span> <span class='ocrx_word' id='word_1_40' title='bbox 1126 781 1275 845; x_wconf 87' lang='lat' dir='ltr'><strong>retulerit</strong></span> <span class='ocrx_word' id='word_1_41' title='bbox 1309 781 1350 845; x_wconf 89' lang='lat' dir='ltr'><strong>ad</strong></span> <span class='ocrx_word' id='word_1_42' title='bbox 1385 780 1540 846; x_wconf 90' lang='lat' dir='ltr'><strong>iudicium</strong></span> <span class='ocrx_word' id='word_1_43' title='bbox 1576 780 1661 865; x_wconf 90' lang='lat' dir='ltr'><strong>quod</strong></span> <span class='ocrx_word' id='word_1_44' title='bbox 1699 781 1850 846; x_wconf 86' lang='lat' dir='ltr'><strong>exhibuit</strong></span> 
     </span>
     <span class='ocr_line' id='line_1_5' title="bbox 192 878 1850 970; baseline 0.004 -27"><span class='ocrx_word' id='word_1_45' title='bbox 192 878 440 960; x_wconf 76' lang='lat' dir='ltr'><strong>blandimentis,</strong></span> <span class='ocrx_word' id='word_1_46' title='bbox 470 879 548 945; x_wconf 90' lang='lat' dir='ltr'><strong>dum</strong></span> <span class='ocrx_word' id='word_1_47' title='bbox 576 880 660 965; x_wconf 92' lang='lat' dir='ltr'><strong>quod</strong></span> <span class='ocrx_word' id='word_1_48' title='bbox 683 883 866 966; x_wconf 80' lang='lat' dir='ltr'><strong>praecessit</strong></span> <span class='ocrx_word' id='word_1_49' title='bbox 888 883 1045 948; x_wconf 84' lang='lat' dir='ltr'><strong>adscribit</strong></span> <span class='ocrx_word' id='word_1_50' title='bbox 1068 884 1207 970; x_wconf 90' lang='lat' dir='ltr'><strong>tempori</strong></span> <span class='ocrx_word' id='word_1_51' title='bbox 1231 905 1295 947; x_wconf 92' lang='lat' dir='ltr'><strong>non</strong></span> <span class='ocrx_word' id='word_1_52' title='bbox 1319 885 1429 948; x_wconf 86' lang='lat' dir='ltr'><strong>amori.</strong></span> <span class='ocrx_word' id='word_1_53' title='bbox 1475 883 1618 948; x_wconf 84' lang='lat' dir='ltr'><strong>lacessat</strong></span> <span class='ocrx_word' id='word_1_54' title='bbox 1638 905 1658 948; x_wconf 90' lang='lat' dir='ltr'><strong>a</strong></span> <span class='ocrx_word' id='word_1_55' title='bbox 1680 892 1793 949; x_wconf 93' lang='lat' dir='ltr'><strong>nostro</strong></span> <span class='ocrx_word' id='word_1_56' title='bbox 1816 886 1850 949; x_wconf 92' lang='lat' dir='ltr'><strong>in</strong></span> 
     </span>
    </p>

    <p class='ocr_par' dir='ltr' id='par_1_3' title="bbox 132 982 1881 1486">
     <span class='ocr_line' id='line_1_6' title="bbox 132 982 1849 1073; baseline 0.004 -28"><span class='ocrx_word' id='word_1_57' title='bbox 132 1027 136 1038; x_wconf 84' lang='lat'>.</span> <span class='ocrx_word' id='word_1_58' title='bbox 193 982 343 1047; x_wconf 86' lang='lat' dir='ltr'><strong>amicitiis</strong></span> <span class='ocrx_word' id='word_1_59' title='bbox 370 983 458 1047; x_wconf 83' lang='lat' dir='ltr'><strong>lrons</strong></span> <span class='ocrx_word' id='word_1_60' title='bbox 486 983 574 1069; x_wconf 90' lang='lat' dir='ltr'><strong>picta</strong></span> <span class='ocrx_word' id='word_1_61' title='bbox 601 986 785 1070; x_wconf 91' lang='lat' dir='ltr'><strong>proposito,</strong></span> <span class='ocrx_word' id='word_1_62' title='bbox 820 1008 877 1052; x_wconf 90' lang='lat' dir='ltr'><strong>nos</strong></span> <span class='ocrx_word' id='word_1_63' title='bbox 906 986 947 1051; x_wconf 89' lang='lat' dir='ltr'><strong>ad</strong></span> <span class='ocrx_word' id='word_1_64' title='bbox 978 987 1061 1051; x_wconf 90' lang='lat' dir='ltr'><strong>hano</strong></span> <span class='ocrx_word' id='word_1_65' title='bbox 1085 987 1241 1051; x_wconf 85' lang='lat' dir='ltr'><strong>fabricam</strong></span> <span class='ocrx_word' id='word_1_66' title='bbox 1265 987 1354 1051; x_wconf 88' lang='lat' dir='ltr'><strong>nulle</strong></span> <span class='ocrx_word' id='word_1_67' title='bbox 1377 987 1644 1073; x_wconf 90' lang='lat' dir='ltr'><strong>praecedentium</strong></span> <span class='ocrx_word' id='word_1_68' title='bbox 1671 987 1849 1052; x_wconf 89' lang='lat' dir='ltr'><strong>studiorum</strong></span> 
     </span>
     <span class='ocr_line' id='line_1_7' title="bbox 191 1086 1851 1172; baseline 0.004 -22"><span class='ocrx_word' id='word_1_69' title='bbox 191 1087 269 1151; x_wconf 91' lang='lat' dir='ltr'><strong>lima</strong></span> <span class='ocrx_word' id='word_1_70' title='bbox 291 1088 474 1172; x_wconf 84' lang='lat' dir='ltr'><strong>conposuit,</strong></span> <span class='ocrx_word' id='word_1_71' title='bbox 497 1086 618 1152; x_wconf 87' lang='lat' dir='ltr'><strong>nudam</strong></span> <span class='ocrx_word' id='word_1_72' title='bbox 641 1088 760 1153; x_wconf 89' lang='lat' dir='ltr'><strong>scimus</strong></span> <span class='ocrx_word' id='word_1_73' title='bbox 784 1089 825 1153; x_wconf 93' lang='lat' dir='ltr'><strong>ad</strong></span> <span class='ocrx_word' id='word_1_74' title='bbox 848 1091 1110 1155; x_wconf 89' lang='lat' dir='ltr'><strong>coniunctionem</strong></span> <span class='ocrx_word' id='word_1_75' title='bbox 1128 1090 1258 1156; x_wconf 84' lang='lat' dir='ltr'><strong>adferre</strong></span> <span class='ocrx_word' id='word_1_76' title='bbox 1275 1090 1492 1156; x_wconf 85' lang='lat' dir='ltr'><strong>concordiam.</strong></span> <span class='ocrx_word' id='word_1_77' title='bbox 1530 1090 1748 1156; x_wconf 89' lang='lat' dir='ltr'><strong>urbanitatem</strong></span> <span class='ocrx_word' id='word_1_78' title='bbox 1765 1092 1851 1156; x_wconf 92' lang='lat' dir='ltr'><strong>inter</strong></span> 
     </span>
     <span class='ocr_line' id='line_1_8' title="bbox 192 1191 1881 1279; baseline 0.004 -26"><span class='ocrx_word' id='word_1_79' title='bbox 192 1210 284 1253; x_wconf 87' lang='lat' dir='ltr'><strong>caros</strong></span> <span class='ocrx_word' id='word_1_80' title='bbox 308 1195 343 1254; x_wconf 91' lang='lat' dir='ltr'><strong>ut</strong></span> <span class='ocrx_word' id='word_1_81' title='bbox 365 1210 493 1256; x_wconf 77' lang='lat' dir='ltr'><strong>venena</strong></span> <span class='ocrx_word' id='word_1_82' title='bbox 516 1191 711 1278; x_wconf 88' lang='lat' dir='ltr'><strong>respuimus.</strong></span> <span class='ocrx_word' id='word_1_83' title='bbox 757 1214 850 1278; x_wconf 87' lang='lat' dir='ltr'><strong>ergo,</strong></span> <span class='ocrx_word' id='word_1_84' title='bbox 875 1194 919 1258; x_wconf 93' lang='lat' dir='ltr'><strong>mi</strong></span> <span class='ocrx_word' id='word_1_85' title='bbox 942 1193 1090 1274; x_wconf 90' lang='lat' dir='ltr'><strong>domine,</strong></span> <span class='ocrx_word' id='word_1_86' title='bbox 1114 1194 1343 1259; x_wconf 90' lang='lat' dir='ltr'><strong>salutationem</strong></span> <span class='ocrx_word' id='word_1_87' title='bbox 1368 1194 1535 1279; x_wconf 90' lang='lat' dir='ltr'><strong>accipiens</strong></span> <span class='ocrx_word' id='word_1_88' title='bbox 1559 1199 1723 1260; x_wconf 90' lang='lat' dir='ltr'><strong>amantem</strong></span> <span class='ocrx_word' id='word_1_89' title='bbox 1746 1195 1794 1258; x_wconf 90' lang='lat' dir='ltr'><strong>tui</strong></span> <span class='ocrx_word' id='word_1_90' title='bbox 1817 1195 1881 1260; x_wconf 76' lang='lat' dir='ltr'><strong>inl</strong></span> 
     </span>
     <span class='ocr_line' id='line_1_9' title="bbox 192 1293 1852 1383; baseline 0.002 -25"><span class='ocrx_word' id='word_1_91' title='bbox 192 1293 253 1358; x_wconf 90' lang='lat' dir='ltr'><strong>hac</strong></span> <span class='ocrx_word' id='word_1_92' title='bbox 275 1293 383 1379; x_wconf 90' lang='lat' dir='ltr'><strong>potius</strong></span> <span class='ocrx_word' id='word_1_93' title='bbox 405 1300 498 1379; x_wconf 90' lang='lat' dir='ltr'><strong>parte</strong></span> <span class='ocrx_word' id='word_1_94' title='bbox 523 1301 661 1376; x_wconf 89' lang='lat' dir='ltr'><strong>sectare,</strong></span> <span class='ocrx_word' id='word_1_95' title='bbox 685 1302 721 1361; x_wconf 91' lang='lat' dir='ltr'><strong>ut</strong></span> <span class='ocrx_word' id='word_1_96' title='bbox 744 1302 779 1361; x_wconf 91' lang='lat' dir='ltr'><strong>et</strong></span> <span class='ocrx_word' id='word_1_97' title='bbox 802 1297 962 1361; x_wconf 90' lang='lat' dir='ltr'><strong>culturam</strong></span> <span class='ocrx_word' id='word_1_98' title='bbox 984 1297 1060 1362; x_wconf 85' lang='lat' dir='ltr'><strong>fidei</strong></span> <span class='ocrx_word' id='word_1_99' title='bbox 1084 1319 1144 1383; x_wconf 86' lang='lat' dir='ltr'><strong>per</strong></span> <span class='ocrx_word' id='word_1_100' title='bbox 1167 1298 1383 1383; x_wconf 84' lang='lat' dir='ltr'><strong>frequentiam</strong></span> <span class='ocrx_word' id='word_1_101' title='bbox 1407 1296 1565 1362; x_wconf 90' lang='lat' dir='ltr'><strong>sermonis</strong></span> <span class='ocrx_word' id='word_1_102' title='bbox 1583 1295 1742 1382; x_wconf 89' lang='lat' dir='ltr'><strong>inpendas</strong></span> <span class='ocrx_word' id='word_1_103' title='bbox 1759 1301 1792 1362; x_wconf 90' lang='lat' dir='ltr'><strong>et</strong></span> <span class='ocrx_word' id='word_1_104' title='bbox 1809 1319 1852 1362; x_wconf 87' lang='lat' dir='ltr'><strong>ex</strong></span> 
     </span>
     <span class='ocr_line' id='line_1_10' title="bbox 194 1397 1591 1486; baseline 0.002 -24"><span class='ocrx_word' id='word_1_105' title='bbox 194 1403 322 1464; x_wconf 91' lang='lat' dir='ltr'><strong>secreto</strong></span> <span class='ocrx_word' id='word_1_106' title='bbox 345 1398 489 1484; x_wconf 89' lang='lat' dir='ltr'><strong>pectoris</strong></span> <span class='ocrx_word' id='word_1_107' title='bbox 513 1397 660 1464; x_wconf 82' lang='lat' dir='ltr'><strong>infucata</strong></span> <span class='ocrx_word' id='word_1_108' title='bbox 682 1399 871 1486; x_wconf 87' lang='lat' dir='ltr'><strong>expectanti</strong></span> <span class='ocrx_word' id='word_1_109' title='bbox 895 1400 996 1464; x_wconf 89' lang='lat' dir='ltr'><strong>verba</strong></span> <span class='ocrx_word' id='word_1_110' title='bbox 1020 1398 1191 1465; x_wconf 89' lang='lat' dir='ltr'><strong>concedas.</strong></span> <span class='ocrx_word' id='word_1_111' title='bbox 1238 1402 1323 1465; x_wconf 82' lang='lat' dir='ltr'><strong>vale.</strong></span> <span class='ocrx_word' id='word_1_112' title='bbox 1584 1410 1591 1420; x_wconf 88' lang='lat'>&#39;</span> 
     </span>
    </p>
   </div>
   <div class='ocr_carea' id='block_1_3' title="bbox 685 1687 1360 1963">
    <p class='ocr_par' dir='ltr' id='par_1_4' title="bbox 685 1687 1360 1963">
     <span class='ocr_line' id='line_1_11' title="bbox 794 1687 1246 1776; baseline 0 -18"><span class='ocrx_word' id='word_1_113' title='bbox 794 1687 984 1758; x_wconf 73' lang='lat' dir='ltr'>CLXXIII</span> <span class='ocrx_word' id='word_1_114' title='bbox 1006 1690 1115 1776; x_wconf 79' lang='lat' dir='ltr'><strong>(cerer.</strong></span> <span class='ocrx_word' id='word_1_115' title='bbox 1131 1697 1161 1771; x_wconf 80' lang='lat'><strong>4,</strong></span> <span class='ocrx_word' id='word_1_116' title='bbox 1180 1692 1246 1776; x_wconf 84' lang='lat'>35).</span> 
     </span>
     <span class='ocr_line' id='line_1_12' title="bbox 685 1883 1360 1963; baseline 0.006 -4"><span class='ocrx_word' id='word_1_117' title='bbox 685 1883 922 1960; x_wconf 82' lang='lat' dir='ltr'><strong>ENNODIVS</strong></span> <span class='ocrx_word' id='word_1_118' title='bbox 949 1884 1234 1962; x_wconf 81' lang='lat' dir='ltr'>APRONIANO</span> <span class='ocrx_word' id='word_1_119' title='bbox 1261 1887 1305 1962; x_wconf 90' lang='lat' dir='ltr'><strong>V.</strong></span> <span class='ocrx_word' id='word_1_120' title='bbox 1333 1890 1360 1963; x_wconf 90' lang='lat' dir='ltr'><strong>l.</strong></span> 
     </span>
    </p>
   </div>
   <div class='ocr_carea' id='block_1_4' title="bbox 191 2030 1882 2872">
    <p class='ocr_par' dir='ltr' id='par_1_5' title="bbox 191 2030 1882 2872">
     <span class='ocr_line' id='line_1_13' title="bbox 300 2030 1878 2148; baseline -0.001 -25"><span class='ocrx_word' id='word_1_121' title='bbox 300 2030 345 2124; x_wconf 80' lang='lat' dir='ltr'><strong>ln</strong></span> <span class='ocrx_word' id='word_1_122' title='bbox 369 2081 430 2124; x_wconf 89' lang='lat' dir='ltr'><strong>usu</strong></span> <span class='ocrx_word' id='word_1_123' title='bbox 453 2066 505 2125; x_wconf 90' lang='lat' dir='ltr'><strong>est</strong></span> <span class='ocrx_word' id='word_1_124' title='bbox 528 2061 607 2126; x_wconf 82' lang='lat' dir='ltr'><strong>viris</strong></span> <span class='ocrx_word' id='word_1_125' title='bbox 630 2082 756 2126; x_wconf 87' lang='lat' dir='ltr'><strong>morum</strong></span> <span class='ocrx_word' id='word_1_126' title='bbox 784 2062 934 2127; x_wconf 88' lang='lat' dir='ltr'><strong>claritate</strong></span> <span class='ocrx_word' id='word_1_127' title='bbox 962 2062 1165 2148; x_wconf 86' lang='lat' dir='ltr'><strong>fulgentibus</strong></span> <span class='ocrx_word' id='word_1_128' title='bbox 1196 2063 1389 2148; x_wconf 81' lang='lat' dir='ltr'><strong>religionem</strong></span> <span class='ocrx_word' id='word_1_129' title='bbox 1413 2061 1577 2128; x_wconf 90' lang='lat' dir='ltr'><strong>amicitiae</strong></span> <span class='ocrx_word' id='word_1_130' title='bbox 1606 2082 1667 2147; x_wconf 90' lang='lat' dir='ltr'><strong>per</strong></span> <span class='ocrx_word' id='word_1_131' title='bbox 1690 2060 1878 2124; x_wconf 90' lang='lat' dir='ltr'><strong>culturaml</strong></span> 
     </span>
     <span class='ocr_line' id='line_1_14' title="bbox 192 2163 1849 2252; baseline 0.001 -25"><span class='ocrx_word' id='word_1_132' title='bbox 192 2163 316 2228; x_wconf 89' lang='lat' dir='ltr'><strong>nutrire</strong></span> <span class='ocrx_word' id='word_1_133' title='bbox 344 2164 523 2248; x_wconf 91' lang='lat' dir='ltr'><strong>conloquii,</strong></span> <span class='ocrx_word' id='word_1_134' title='bbox 553 2171 589 2228; x_wconf 92' lang='lat' dir='ltr'><strong>ut</strong></span> <span class='ocrx_word' id='word_1_135' title='bbox 610 2164 688 2230; x_wconf 91' lang='lat' dir='ltr'><strong>dum</strong></span> <span class='ocrx_word' id='word_1_136' title='bbox 711 2165 837 2252; x_wconf 90' lang='lat' dir='ltr'><strong>gratiae</strong></span> <span class='ocrx_word' id='word_1_137' title='bbox 861 2168 1009 2252; x_wconf 90' lang='lat' dir='ltr'><strong>germina</strong></span> <span class='ocrx_word' id='word_1_138' title='bbox 1031 2167 1099 2231; x_wconf 85' lang='lat' dir='ltr'><strong>iotu</strong></span> <span class='ocrx_word' id='word_1_139' title='bbox 1123 2167 1396 2232; x_wconf 83' lang='lat' dir='ltr'><strong>confabulationis</strong></span> <span class='ocrx_word' id='word_1_140' title='bbox 1418 2167 1613 2246; x_wconf 82' lang='lat' dir='ltr'><strong>animantur,</strong></span> <span class='ocrx_word' id='word_1_141' title='bbox 1642 2163 1684 2229; x_wconf 93' lang='lat' dir='ltr'><strong>ad</strong></span> <span class='ocrx_word' id='word_1_142' title='bbox 1707 2185 1849 2230; x_wconf 90' lang='lat' dir='ltr'><strong>messem</strong></span> 
     </span>
     <span class='ocr_line' id='line_1_15' title="bbox 192 2265 1851 2356; baseline 0.001 -27"><span class='ocrx_word' id='word_1_143' title='bbox 192 2265 377 2331; x_wconf 89' lang='lat' dir='ltr'><strong>coniunctio</strong></span> <span class='ocrx_word' id='word_1_144' title='bbox 399 2265 571 2332; x_wconf 83' lang='lat' dir='ltr'><strong>foederata</strong></span> <span class='ocrx_word' id='word_1_145' title='bbox 592 2270 773 2353; x_wconf 83' lang='lat' dir='ltr'><strong>perveniat.</strong></span> <span class='ocrx_word' id='word_1_146' title='bbox 812 2291 872 2355; x_wconf 92' lang='lat' dir='ltr'><strong>per</strong></span> <span class='ocrx_word' id='word_1_147' title='bbox 887 2270 969 2335; x_wconf 91' lang='lat' dir='ltr'><strong>haec</strong></span> <span class='ocrx_word' id='word_1_148' title='bbox 985 2271 1071 2335; x_wconf 89' lang='lat' dir='ltr'><strong>enim</strong></span> <span class='ocrx_word' id='word_1_149' title='bbox 1087 2272 1198 2336; x_wconf 91' lang='lat' dir='ltr'><strong>munia</strong></span> <span class='ocrx_word' id='word_1_150' title='bbox 1214 2271 1316 2335; x_wconf 88' lang='lat' dir='ltr'><strong>voluit</strong></span> <span class='ocrx_word' id='word_1_151' title='bbox 1333 2271 1444 2336; x_wconf 91' lang='lat' dir='ltr'><strong>senior</strong></span> <span class='ocrx_word' id='word_1_152' title='bbox 1459 2267 1667 2356; x_wconf 88' lang='lat' dir='ltr'><strong>providentia</strong></span> <span class='ocrx_word' id='word_1_153' title='bbox 1681 2266 1851 2332; x_wconf 89' lang='lat' dir='ltr'><strong>absentiae</strong></span> 
     </span>
     <span class='ocr_line' id='line_1_16' title="bbox 192 2369 1850 2460; baseline 0 -26"><span class='ocrx_word' id='word_1_154' title='bbox 192 2369 236 2434; x_wconf 91' lang='lat' dir='ltr'><strong>nil</strong></span> <span class='ocrx_word' id='word_1_155' title='bbox 260 2370 368 2436; x_wconf 88' lang='lat' dir='ltr'><strong>licere.</strong></span> <span class='ocrx_word' id='word_1_156' title='bbox 407 2371 523 2436; x_wconf 87' lang='lat' dir='ltr'><strong>meritc</strong></span> <span class='ocrx_word' id='word_1_157' title='bbox 544 2370 586 2437; x_wconf 89' lang='lat' dir='ltr'><strong>de</strong></span> <span class='ocrx_word' id='word_1_158' title='bbox 610 2372 701 2437; x_wconf 89' lang='lat' dir='ltr'><strong>vobis</strong></span> <span class='ocrx_word' id='word_1_159' title='bbox 724 2371 1014 2439; x_wconf 90' lang='lat' dir='ltr'><strong>emendatissimus</strong></span> <span class='ocrx_word' id='word_1_160' title='bbox 1038 2373 1202 2438; x_wconf 91' lang='lat' dir='ltr'><strong>hominum</strong></span> <span class='ocrx_word' id='word_1_161' title='bbox 1225 2373 1364 2438; x_wconf 87' lang='lat' dir='ltr'><strong>domnus</strong></span> <span class='ocrx_word' id='word_1_162' title='bbox 1379 2373 1522 2438; x_wconf 82' lang='lat' dir='ltr'><strong>Faustus</strong></span> <span class='ocrx_word' id='word_1_163' title='bbox 1546 2371 1716 2460; x_wconf 89' lang='lat' dir='ltr'><strong>praedicat</strong></span> <span class='ocrx_word' id='word_1_164' title='bbox 1737 2371 1850 2456; x_wconf 93' lang='lat' dir='ltr'><strong>singu-</strong></span> 
     </span>
     <span class='ocr_line' id='line_1_17' title="bbox 193 2472 1852 2563; baseline 0.001 -27"><span class='ocrx_word' id='word_1_165' title='bbox 193 2472 260 2536; x_wconf 91' lang='lat' dir='ltr'><strong>lare</strong></span> <span class='ocrx_word' id='word_1_166' title='bbox 282 2473 516 2538; x_wconf 90' lang='lat' dir='ltr'><strong>testimonium.</strong></span> <span class='ocrx_word' id='word_1_167' title='bbox 562 2477 631 2541; x_wconf 90' lang='lat' dir='ltr'><strong>sine</strong></span> <span class='ocrx_word' id='word_1_168' title='bbox 661 2477 748 2542; x_wconf 91' lang='lat' dir='ltr'><strong>nube</strong></span> <span class='ocrx_word' id='word_1_169' title='bbox 779 2476 875 2542; x_wconf 91' lang='lat' dir='ltr'><strong>datur</strong></span> <span class='ocrx_word' id='word_1_170' title='bbox 906 2479 1057 2563; x_wconf 85' lang='lat' dir='ltr'><strong>agnosci,</strong></span> <span class='ocrx_word' id='word_1_171' title='bbox 1089 2477 1168 2542; x_wconf 91' lang='lat' dir='ltr'><strong>nihil</strong></span> <span class='ocrx_word' id='word_1_172' title='bbox 1199 2477 1240 2542; x_wconf 90' lang='lat' dir='ltr'><strong>de</strong></span> <span class='ocrx_word' id='word_1_173' title='bbox 1270 2498 1309 2541; x_wconf 89' lang='lat' dir='ltr'><strong>eo</strong></span> <span class='ocrx_word' id='word_1_174' title='bbox 1339 2474 1553 2542; x_wconf 90' lang='lat' dir='ltr'><strong>dubitandum</strong></span> <span class='ocrx_word' id='word_1_175' title='bbox 1576 2495 1672 2559; x_wconf 90' lang='lat' dir='ltr'><strong>quem</strong></span> <span class='ocrx_word' id='word_1_176' title='bbox 1695 2473 1852 2560; x_wconf 88' lang='lat' dir='ltr'><strong>probatus</strong></span> 
     </span>
     <span class='ocr_line' id='line_1_18' title="bbox 192 2573 1882 2666; baseline 0.002 -27"><span class='ocrx_word' id='word_1_177' title='bbox 192 2575 320 2640; x_wconf 90' lang='lat' dir='ltr'><strong>attollit.</strong></span> <span class='ocrx_word' id='word_1_178' title='bbox 358 2576 417 2642; x_wconf 89' lang='lat' dir='ltr'><strong>sed</strong></span> <span class='ocrx_word' id='word_1_179' title='bbox 440 2599 526 2644; x_wconf 91' lang='lat' dir='ltr'><strong>nunc</strong></span> <span class='ocrx_word' id='word_1_180' title='bbox 549 2578 592 2644; x_wconf 90' lang='lat' dir='ltr'><strong>ad</strong></span> <span class='ocrx_word' id='word_1_181' title='bbox 614 2580 775 2666; x_wconf 92' lang='lat' dir='ltr'><strong>epistulae</strong></span> <span class='ocrx_word' id='word_1_182' title='bbox 799 2582 968 2666; x_wconf 89' lang='lat' dir='ltr'><strong>angustias</strong></span> <span class='ocrx_word' id='word_1_183' title='bbox 991 2602 1044 2646; x_wconf 91' lang='lat' dir='ltr'><strong>me</strong></span> <span class='ocrx_word' id='word_1_184' title='bbox 1067 2580 1226 2646; x_wconf 90' lang='lat' dir='ltr'><strong>reducens</strong></span> <span class='ocrx_word' id='word_1_185' title='bbox 1249 2581 1385 2646; x_wconf 90' lang='lat' dir='ltr'><strong>secretis</strong></span> <span class='ocrx_word' id='word_1_186' title='bbox 1408 2578 1552 2645; x_wconf 92' lang='lat' dir='ltr'><strong>debitam</strong></span> <span class='ocrx_word' id='word_1_187' title='bbox 1576 2576 1706 2642; x_wconf 91' lang='lat' dir='ltr'><strong>laudem</strong></span> <span class='ocrx_word' id='word_1_188' title='bbox 1730 2573 1882 2642; x_wconf 79' lang='lat' dir='ltr'><strong>claudo2</strong></span> 
     </span>
     <span class='ocr_line' id='line_1_19' title="bbox 192 2678 1849 2769; baseline 0.001 -27"><span class='ocrx_word' id='word_1_189' title='bbox 192 2678 430 2763; x_wconf 89' lang='lat' dir='ltr'><strong>penetralibus,</strong></span> <span class='ocrx_word' id='word_1_190' title='bbox 453 2701 495 2747; x_wconf 91' lang='lat' dir='ltr'><strong>ne</strong></span> <span class='ocrx_word' id='word_1_191' title='bbox 518 2681 605 2767; x_wconf 92' lang='lat' dir='ltr'><strong>quod</strong></span> <span class='ocrx_word' id='word_1_192' title='bbox 628 2682 716 2768; x_wconf 89' lang='lat' dir='ltr'><strong>apud</strong></span> <span class='ocrx_word' id='word_1_193' title='bbox 739 2690 895 2748; x_wconf 84' lang='lat' dir='ltr'><strong>externos</strong></span> <span class='ocrx_word' id='word_1_194' title='bbox 919 2683 1104 2749; x_wconf 86' lang='lat' dir='ltr'><strong>laciendum</strong></span> <span class='ocrx_word' id='word_1_195' title='bbox 1128 2691 1194 2765; x_wconf 82' lang='lat' dir='ltr'><strong>est,</strong></span> <span class='ocrx_word' id='word_1_196' title='bbox 1226 2682 1314 2769; x_wconf 89' lang='lat' dir='ltr'><strong>apud</strong></span> <span class='ocrx_word' id='word_1_197' title='bbox 1337 2705 1395 2749; x_wconf 81' lang='lat' dir='ltr'><strong>vos</strong></span> <span class='ocrx_word' id='word_1_198' title='bbox 1419 2681 1653 2768; x_wconf 88' lang='lat' dir='ltr'><strong>inportunitate</strong></span> <span class='ocrx_word' id='word_1_199' title='bbox 1676 2680 1849 2745; x_wconf 90' lang='lat' dir='ltr'><strong>ranciscat.</strong></span> 
     </span>
     <span class='ocr_line' id='line_1_20' title="bbox 191 2781 1845 2872; baseline 0.002 -27"><span class='ocrx_word' id='word_1_200' title='bbox 191 2781 282 2862; x_wconf 81' lang='lat' dir='ltr'><strong>vale,</strong></span> <span class='ocrx_word' id='word_1_201' title='bbox 305 2782 349 2846; x_wconf 92' lang='lat' dir='ltr'><strong>mi</strong></span> <span class='ocrx_word' id='word_1_202' title='bbox 372 2783 516 2866; x_wconf 91' lang='lat' dir='ltr'><strong>domine,</strong></span> <span class='ocrx_word' id='word_1_203' title='bbox 539 2787 771 2852; x_wconf 90' lang='lat' dir='ltr'><strong>salutationem</strong></span> <span class='ocrx_word' id='word_1_204' title='bbox 795 2787 1122 2872; x_wconf 88' lang='lat' dir='ltr'><strong>obsequentissimam</strong></span> <span class='ocrx_word' id='word_1_205' title='bbox 1146 2787 1326 2872; x_wconf 90' lang='lat' dir='ltr'><strong>accipiens;</strong></span> <span class='ocrx_word' id='word_1_206' title='bbox 1357 2786 1456 2852; x_wconf 91' lang='lat' dir='ltr'><strong>deum</strong></span> <span class='ocrx_word' id='word_1_207' title='bbox 1478 2805 1604 2872; x_wconf 82' lang='lat' dir='ltr'><strong>precor,</strong></span> <span class='ocrx_word' id='word_1_208' title='bbox 1627 2790 1663 2849; x_wconf 92' lang='lat' dir='ltr'><strong>ut</strong></span> <span class='ocrx_word' id='word_1_209' title='bbox 1685 2805 1845 2871; x_wconf 91' lang='lat' dir='ltr'><strong>prospera</strong></span> 
     </span>
    </p>
   </div>
   <div class='ocr_carea' id='block_1_5' title="bbox 192 2886 1849 3057">
    <p class='ocr_par' dir='ltr' id='par_1_6' title="bbox 192 2886 1849 3057">
     <span class='ocr_line' id='line_1_21' title="bbox 192 2886 1849 2976; baseline 0.002 -28"><span class='ocrx_word' id='word_1_210' title='bbox 192 2892 301 2950; x_wconf 84' lang='lat' dir='ltr'><strong>vestra</strong></span> <span class='ocrx_word' id='word_1_211' title='bbox 331 2886 363 2950; x_wconf 93' lang='lat' dir='ltr'><strong>in</strong></span> <span class='ocrx_word' id='word_1_212' title='bbox 394 2887 527 2974; x_wconf 92' lang='lat' dir='ltr'><strong>longum</strong></span> <span class='ocrx_word' id='word_1_213' title='bbox 556 2888 739 2975; x_wconf 90' lang='lat' dir='ltr'><strong>producens</strong></span> <span class='ocrx_word' id='word_1_214' title='bbox 771 2891 849 2955; x_wconf 91' lang='lat' dir='ltr'><strong>mihi</strong></span> <span class='ocrx_word' id='word_1_215' title='bbox 884 2912 1013 2976; x_wconf 92' lang='lat' dir='ltr'><strong>quoque</strong></span> <span class='ocrx_word' id='word_1_216' title='bbox 1046 2890 1199 2956; x_wconf 89' lang='lat' dir='ltr'><strong>secundis</strong></span> <span class='ocrx_word' id='word_1_217' title='bbox 1232 2891 1410 2956; x_wconf 89' lang='lat' dir='ltr'><strong>amicorum</strong></span> <span class='ocrx_word' id='word_1_218' title='bbox 1445 2887 1652 2955; x_wconf 88' lang='lat' dir='ltr'><strong>successibus</strong></span> <span class='ocrx_word' id='word_1_219' title='bbox 1687 2887 1849 2975; x_wconf 90' lang='lat' dir='ltr'><strong>spondeat</strong></span> 
     </span>
     <span class='ocr_line' id='line_1_22' title="bbox 194 2988 518 3057; baseline 0.015 -5"><span class='ocrx_word' id='word_1_220' title='bbox 194 2988 389 3055; x_wconf 88' lang='lat' dir='ltr'><strong>auctionem.</strong></span> <span class='ocrx_word' id='word_1_221' title='bbox 434 2993 518 3057; x_wconf 77' lang='lat' dir='ltr'><strong>vale.</strong></span> 
     </span>
    </p>
   </div>
   <div class='ocr_carea' id='block_1_6' title="bbox 660 3194 1386 3468">
    <p class='ocr_par' dir='ltr' id='par_1_7' title="bbox 660 3194 1386 3468">
     <span class='ocr_line' id='line_1_23' title="bbox 814 3194 1232 3284; baseline -0.012 -18"><span class='ocrx_word' id='word_1_222' title='bbox 814 3194 990 3266; x_wconf 74' lang='lat' dir='ltr'>CLXXIV</span> <span class='ocrx_word' id='word_1_223' title='bbox 1013 3197 1124 3284; x_wconf 84' lang='lat' dir='ltr'><strong>(srrsr.</strong></span> <span class='ocrx_word' id='word_1_224' title='bbox 1141 3203 1171 3279; x_wconf 84' lang='lat'><strong>5,</strong></span> <span class='ocrx_word' id='word_1_225' title='bbox 1191 3198 1232 3276; x_wconf 84' lang='lat'><strong>1).</strong></span> 
     </span>
     <span class='ocr_line' id='line_1_24' title="bbox 660 3391 1386 3468; baseline 0.003 -3"><span class='ocrx_word' id='word_1_226' title='bbox 660 3391 870 3468; x_wconf 86' lang='lat' dir='ltr'><strong>ENNODIV</strong></span> <span class='ocrx_word' id='word_1_227' title='bbox 872 3394 897 3467; x_wconf 90' lang='lat' dir='ltr'>S</span> <span class='ocrx_word' id='word_1_228' title='bbox 924 3393 1117 3467; x_wconf 84' lang='lat' dir='ltr'>LIBERIO</span> <span class='ocrx_word' id='word_1_229' title='bbox 1145 3391 1386 3467; x_wconf 82' lang='lat' dir='ltr'><strong>PATRlCIO.</strong></span> 
     </span>
    </p>
   </div>
   <div class='ocr_carea' id='block_1_7' title="bbox 121 3536 1883 4691">
    <p class='ocr_par' dir='ltr' id='par_1_8' title="bbox 121 3536 1883 4691">
     <span class='ocr_line' id='line_1_25' title="bbox 304 3536 1879 3655; baseline 0.003 -26"><span class='ocrx_word' id='word_1_230' title='bbox 304 3536 406 3631; x_wconf 85' lang='lat' dir='ltr'><strong>Dum</strong></span> <span class='ocrx_word' id='word_1_231' title='bbox 443 3590 502 3655; x_wconf 94' lang='lat' dir='ltr'><strong>pro</strong></span> <span class='ocrx_word' id='word_1_232' title='bbox 537 3567 746 3635; x_wconf 87' lang='lat' dir='ltr'><strong>venerandae</strong></span> <span class='ocrx_word' id='word_1_233' title='bbox 783 3569 943 3654; x_wconf 90' lang='lat' dir='ltr'><strong>religione</strong></span> <span class='ocrx_word' id='word_1_234' title='bbox 984 3569 1202 3634; x_wconf 90' lang='lat' dir='ltr'><strong>conscientiae</strong></span> <span class='ocrx_word' id='word_1_235' title='bbox 1243 3569 1345 3634; x_wconf 89' lang='lat' dir='ltr'><strong>verba</strong></span> <span class='ocrx_word' id='word_1_236' title='bbox 1383 3567 1524 3653; x_wconf 89' lang='lat' dir='ltr'><strong>dirigitis</strong></span> <span class='ocrx_word' id='word_1_237' title='bbox 1559 3568 1591 3631; x_wconf 92' lang='lat' dir='ltr'><strong>in</strong></span> <span class='ocrx_word' id='word_1_238' title='bbox 1626 3567 1879 3653; x_wconf 82' lang='lat' dir='ltr'><strong>Aquileiensisl</strong></span> 
     </span>
     <span class='ocr_line' id='line_1_26' title="bbox 194 3669 1850 3758; baseline 0.001 -26"><span class='ocrx_word' id='word_1_239' title='bbox 194 3669 356 3736; x_wconf 90' lang='lat' dir='ltr'><strong>electione</strong></span> <span class='ocrx_word' id='word_1_240' title='bbox 379 3671 542 3758; x_wconf 90' lang='lat' dir='ltr'><strong>pontificis</strong></span> <span class='ocrx_word' id='word_1_241' title='bbox 566 3680 599 3739; x_wconf 89' lang='lat' dir='ltr'><strong>et</strong></span> <span class='ocrx_word' id='word_1_242' title='bbox 622 3673 739 3738; x_wconf 85' lang='lat' dir='ltr'><strong>divinis</strong></span> <span class='ocrx_word' id='word_1_243' title='bbox 761 3673 889 3738; x_wconf 90' lang='lat' dir='ltr'><strong>initiata</strong></span> <span class='ocrx_word' id='word_1_244' title='bbox 912 3674 1052 3737; x_wconf 89' lang='lat' dir='ltr'><strong>cultibus</strong></span> <span class='ocrx_word' id='word_1_245' title='bbox 1076 3674 1188 3758; x_wconf 89' lang='lat' dir='ltr'><strong>lingua</strong></span> <span class='ocrx_word' id='word_1_246' title='bbox 1210 3673 1329 3737; x_wconf 90' lang='lat' dir='ltr'><strong>militat</strong></span> <span class='ocrx_word' id='word_1_247' title='bbox 1352 3671 1587 3751; x_wconf 90' lang='lat' dir='ltr'><strong>consecrando,</strong></span> <span class='ocrx_word' id='word_1_248' title='bbox 1610 3672 1643 3734; x_wconf 92' lang='lat' dir='ltr'><strong>in</strong></span> <span class='ocrx_word' id='word_1_249' title='bbox 1666 3670 1770 3756; x_wconf 92' lang='lat' dir='ltr'><strong>ignoti</strong></span> <span class='ocrx_word' id='word_1_250' title='bbox 1791 3690 1850 3734; x_wconf 93' lang='lat' dir='ltr'><strong>nos</strong></span> 
     </span>
     <span class='ocr_line' id='line_1_27' title="bbox 194 3770 1851 3862; baseline 0 -27"><span class='ocrx_word' id='word_1_251' title='bbox 194 3770 366 3858; x_wconf 91' lang='lat' dir='ltr'><strong>diligentia</strong></span> <span class='ocrx_word' id='word_1_252' title='bbox 395 3796 581 3841; x_wconf 88' lang='lat' dir='ltr'><strong>sermonum</strong></span> <span class='ocrx_word' id='word_1_253' title='bbox 613 3778 720 3842; x_wconf 82' lang='lat' dir='ltr'><strong>vincla</strong></span> <span class='ocrx_word' id='word_1_254' title='bbox 748 3783 940 3856; x_wconf 88' lang='lat' dir='ltr'><strong>tenuerunt,</strong></span> <span class='ocrx_word' id='word_1_255' title='bbox 975 3777 1052 3862; x_wconf 93' lang='lat' dir='ltr'><strong>quia</strong></span> <span class='ocrx_word' id='word_1_256' title='bbox 1086 3776 1166 3840; x_wconf 90' lang='lat' dir='ltr'><strong>nihil</strong></span> <span class='ocrx_word' id='word_1_257' title='bbox 1201 3781 1334 3861; x_wconf 88' lang='lat' dir='ltr'><strong>superat</strong></span> <span class='ocrx_word' id='word_1_258' title='bbox 1365 3775 1509 3852; x_wconf 85' lang='lat' dir='ltr'><strong>indiciis,</strong></span> <span class='ocrx_word' id='word_1_259' title='bbox 1545 3773 1697 3860; x_wconf 90' lang='lat' dir='ltr'><strong>quotiens</strong></span> <span class='ocrx_word' id='word_1_260' title='bbox 1730 3770 1851 3857; x_wconf 90' lang='lat' dir='ltr'><strong>aliquid</strong></span> 
     </span>
     <span class='ocr_line' id='line_1_28' title="bbox 121 3874 1851 3968; baseline 0 -28"><span class='ocrx_word' id='word_1_261' title='bbox 121 3929 132 3968; x_wconf 56' lang='lat'>2</span> <span class='ocrx_word' id='word_1_262' title='bbox 195 3875 352 3961; x_wconf 87' lang='lat' dir='ltr'><strong>probatus</strong></span> <span class='ocrx_word' id='word_1_263' title='bbox 386 3879 552 3945; x_wconf 87' lang='lat' dir='ltr'><strong>extulerit.</strong></span> <span class='ocrx_word' id='word_1_264' title='bbox 608 3880 685 3966; x_wconf 93' lang='lat' dir='ltr'><strong>quid</strong></span> <span class='ocrx_word' id='word_1_265' title='bbox 721 3881 807 3945; x_wconf 91' lang='lat' dir='ltr'><strong>enim</strong></span> <span class='ocrx_word' id='word_1_266' title='bbox 842 3880 1027 3945; x_wconf 88' lang='lat' dir='ltr'><strong>sententiae</strong></span> <span class='ocrx_word' id='word_1_267' title='bbox 1062 3880 1250 3966; x_wconf 87' lang='lat' dir='ltr'><strong>sequacium</strong></span> <span class='ocrx_word' id='word_1_268' title='bbox 1286 3877 1506 3964; x_wconf 89' lang='lat' dir='ltr'><strong>derelinquat,</strong></span> <span class='ocrx_word' id='word_1_269' title='bbox 1543 3875 1672 3963; x_wconf 90' lang='lat' dir='ltr'><strong>quaudo</strong></span> <span class='ocrx_word' id='word_1_270' title='bbox 1705 3874 1851 3940; x_wconf 90' lang='lat' dir='ltr'><strong>iustitiae</strong></span> 
     </span>
     <span class='ocr_line' id='line_1_29' title="bbox 194 3977 1882 4070; baseline 0.001 -25"><span class='ocrx_word' id='word_1_271' title='bbox 194 3979 399 4067; x_wconf 92' lang='lat' dir='ltr'><strong>obsequitur,</strong></span> <span class='ocrx_word' id='word_1_272' title='bbox 431 3983 523 4048; x_wconf 89' lang='lat' dir='ltr'><strong>cuius</strong></span> <span class='ocrx_word' id='word_1_273' title='bbox 552 3983 586 4047; x_wconf 94' lang='lat' dir='ltr'><strong>in</strong></span> <span class='ocrx_word' id='word_1_274' title='bbox 614 4004 755 4050; x_wconf 85' lang='lat' dir='ltr'><strong>examen</strong></span> <span class='ocrx_word' id='word_1_275' title='bbox 787 3983 934 4050; x_wconf 89' lang='lat' dir='ltr'><strong>delinitio</strong></span> <span class='ocrx_word' id='word_1_276' title='bbox 963 4005 1027 4048; x_wconf 95' lang='lat' dir='ltr'><strong>non</strong></span> <span class='ocrx_word' id='word_1_277' title='bbox 1053 3991 1209 4050; x_wconf 80' lang='lat' dir='ltr'><strong>vocatur?</strong></span> <span class='ocrx_word' id='word_1_278' title='bbox 1254 3984 1351 4070; x_wconf 87' lang='lat' dir='ltr'><strong>agitis</strong></span> <span class='ocrx_word' id='word_1_279' title='bbox 1378 3985 1465 4049; x_wconf 93' lang='lat' dir='ltr'><strong>bono</strong></span> <span class='ocrx_word' id='word_1_280' title='bbox 1496 3982 1731 4061; x_wconf 89' lang='lat' dir='ltr'><strong>conscientiae,</strong></span> <span class='ocrx_word' id='word_1_281' title='bbox 1764 3977 1882 4066; x_wconf 82' lang='lat' dir='ltr'><strong>quod2</strong></span> 
     </span>
     <span class='ocr_line' id='line_1_30' title="bbox 194 4084 1852 4173; baseline 0.001 -26"><span class='ocrx_word' id='word_1_282' title='bbox 194 4090 303 4148; x_wconf 87' lang='lat' dir='ltr'><strong>vestro</strong></span> <span class='ocrx_word' id='word_1_283' title='bbox 327 4085 382 4149; x_wconf 84' lang='lat' dir='ltr'><strong>rix</strong></span> <span class='ocrx_word' id='word_1_284' title='bbox 410 4093 588 4171; x_wconf 89' lang='lat' dir='ltr'><strong>negaretur</strong></span> <span class='ocrx_word' id='word_1_285' title='bbox 617 4088 764 4173; x_wconf 90' lang='lat' dir='ltr'><strong>imperio.</strong></span> <span class='ocrx_word' id='word_1_286' title='bbox 810 4087 961 4153; x_wconf 82' lang='lat' dir='ltr'><strong>exhibuit</strong></span> <span class='ocrx_word' id='word_1_287' title='bbox 989 4089 1077 4153; x_wconf 91' lang='lat' dir='ltr'><strong>inter</strong></span> <span class='ocrx_word' id='word_1_288' title='bbox 1103 4087 1241 4152; x_wconf 90' lang='lat' dir='ltr'><strong>arbitros</strong></span> <span class='ocrx_word' id='word_1_289' title='bbox 1266 4087 1448 4152; x_wconf 87' lang='lat' dir='ltr'><strong>Marcellini</strong></span> <span class='ocrx_word' id='word_1_290' title='bbox 1472 4085 1668 4150; x_wconf 88' lang='lat' dir='ltr'><strong>venerabilis</strong></span> <span class='ocrx_word' id='word_1_291' title='bbox 1690 4084 1852 4170; x_wconf 91' lang='lat' dir='ltr'><strong>collegam</strong></span> 
     </span>
     <span class='ocr_line' id='line_1_31' title="bbox 195 4187 1853 4277; baseline 0.001 -27"><span class='ocrx_word' id='word_1_292' title='bbox 195 4187 358 4252; x_wconf 84' lang='lat' dir='ltr'><strong>maximus</strong></span> <span class='ocrx_word' id='word_1_293' title='bbox 382 4187 546 4254; x_wconf 92' lang='lat' dir='ltr'><strong>hominum</strong></span> <span class='ocrx_word' id='word_1_294' title='bbox 568 4189 752 4272; x_wconf 89' lang='lat' dir='ltr'><strong>humilitate</strong></span> <span class='ocrx_word' id='word_1_295' title='bbox 777 4190 955 4267; x_wconf 86' lang='lat' dir='ltr'><strong>sublimior,</strong></span> <span class='ocrx_word' id='word_1_296' title='bbox 980 4197 1013 4256; x_wconf 90' lang='lat' dir='ltr'><strong>et</strong></span> <span class='ocrx_word' id='word_1_297' title='bbox 1029 4213 1070 4256; x_wconf 87' lang='lat' dir='ltr'><strong>ne</strong></span> <span class='ocrx_word' id='word_1_298' title='bbox 1087 4192 1243 4277; x_wconf 88' lang='lat' dir='ltr'><strong>potestati</strong></span> <span class='ocrx_word' id='word_1_299' title='bbox 1259 4191 1352 4255; x_wconf 83' lang='lat' dir='ltr'><strong>favor</strong></span> <span class='ocrx_word' id='word_1_300' title='bbox 1369 4211 1429 4276; x_wconf 89' lang='lat' dir='ltr'><strong>per</strong></span> <span class='ocrx_word' id='word_1_301' title='bbox 1445 4189 1596 4274; x_wconf 92' lang='lat' dir='ltr'><strong>obliquos</strong></span> <span class='ocrx_word' id='word_1_302' title='bbox 1613 4187 1853 4254; x_wconf 89' lang='lat' dir='ltr'><strong>adscriberetur</strong></span> 
     </span>
     <span class='ocr_line' id='line_1_32' title="bbox 194 4289 1852 4381; baseline 0.001 -28"><span class='ocrx_word' id='word_1_303' title='bbox 194 4289 405 4378; x_wconf 88' lang='lat' dir='ltr'><strong>interpretes,</strong></span> <span class='ocrx_word' id='word_1_304' title='bbox 446 4292 534 4379; x_wconf 92' lang='lat' dir='ltr'><strong>quod</strong></span> <span class='ocrx_word' id='word_1_305' title='bbox 566 4294 607 4359; x_wconf 91' lang='lat' dir='ltr'><strong>de</strong></span> <span class='ocrx_word' id='word_1_306' title='bbox 641 4296 773 4381; x_wconf 91' lang='lat' dir='ltr'><strong>proprio</strong></span> <span class='ocrx_word' id='word_1_307' title='bbox 807 4293 971 4380; x_wconf 88' lang='lat' dir='ltr'><strong>decerpsit</strong></span> <span class='ocrx_word' id='word_1_308' title='bbox 1006 4295 1118 4380; x_wconf 89' lang='lat' dir='ltr'><strong>genic,</strong></span> <span class='ocrx_word' id='word_1_309' title='bbox 1161 4292 1286 4359; x_wconf 89' lang='lat' dir='ltr'><strong>laudati</strong></span> <span class='ocrx_word' id='word_1_310' title='bbox 1319 4294 1425 4359; x_wconf 79' lang='lat' dir='ltr'><strong>iunxit</strong></span> <span class='ocrx_word' id='word_1_311' title='bbox 1459 4292 1500 4357; x_wconf 94' lang='lat' dir='ltr'><strong>ad</strong></span> <span class='ocrx_word' id='word_1_312' title='bbox 1534 4292 1684 4378; x_wconf 93' lang='lat' dir='ltr'><strong>pretium.</strong></span> <span class='ocrx_word' id='word_1_313' title='bbox 1741 4291 1852 4376; x_wconf 87' lang='lat' dir='ltr'><strong>egistis</strong></span> 
     </span>
     <span class='ocr_line' id='line_1_33' title="bbox 194 4393 1850 4485; baseline -0.001 -27"><span class='ocrx_word' id='word_1_314' title='bbox 194 4393 402 4476; x_wconf 90' lang='lat' dir='ltr'><strong>mediocrem,</strong></span> <span class='ocrx_word' id='word_1_315' title='bbox 425 4417 467 4461; x_wconf 91' lang='lat' dir='ltr'><strong>ne</strong></span> <span class='ocrx_word' id='word_1_316' title='bbox 489 4397 652 4483; x_wconf 90' lang='lat' dir='ltr'><strong>praecelsi</strong></span> <span class='ocrx_word' id='word_1_317' title='bbox 675 4403 765 4463; x_wconf 89' lang='lat' dir='ltr'><strong>esset</strong></span> <span class='ocrx_word' id='word_1_318' title='bbox 788 4403 943 4485; x_wconf 90' lang='lat' dir='ltr'><strong>suspecta</strong></span> <span class='ocrx_word' id='word_1_319' title='bbox 966 4396 1176 4482; x_wconf 89' lang='lat' dir='ltr'><strong>praedicatio.</strong></span> <span class='ocrx_word' id='word_1_320' title='bbox 1222 4398 1476 4462; x_wconf 90' lang='lat' dir='ltr'><strong>clarissimorum</strong></span> <span class='ocrx_word' id='word_1_321' title='bbox 1499 4396 1687 4461; x_wconf 89' lang='lat' dir='ltr'><strong>testimonia</strong></span> <span class='ocrx_word' id='word_1_322' title='bbox 1708 4401 1744 4459; x_wconf 89' lang='lat' dir='ltr'><strong>ut</strong></span> <span class='ocrx_word' id='word_1_323' title='bbox 1764 4395 1850 4458; x_wconf 87' lang='lat' dir='ltr'><strong>vires</strong></span> 
     </span>
     <span class='ocr_line' id='line_1_34' title="bbox 195 4499 1883 4587; baseline 0.001 -25"><span class='ocrx_word' id='word_1_324' title='bbox 195 4499 372 4584; x_wconf 88' lang='lat' dir='ltr'><strong>accipiant,</strong></span> <span class='ocrx_word' id='word_1_325' title='bbox 407 4501 548 4565; x_wconf 90' lang='lat' dir='ltr'><strong>culmina</strong></span> <span class='ocrx_word' id='word_1_326' title='bbox 582 4502 794 4587; x_wconf 88' lang='lat' dir='ltr'><strong>castigantur.</strong></span> <span class='ocrx_word' id='word_1_327' title='bbox 844 4501 926 4566; x_wconf 84' lang='lat' dir='ltr'><strong>felix</strong></span> <span class='ocrx_word' id='word_1_328' title='bbox 957 4500 1193 4582; x_wconf 88' lang='lat' dir='ltr'><strong>sacerdotium,</strong></span> <span class='ocrx_word' id='word_1_329' title='bbox 1228 4502 1279 4566; x_wconf 89' lang='lat' dir='ltr'><strong>cui</strong></span> <span class='ocrx_word' id='word_1_330' title='bbox 1308 4502 1413 4566; x_wconf 85' lang='lat' dir='ltr'><strong>lacem</strong></span> <span class='ocrx_word' id='word_1_331' title='bbox 1441 4500 1598 4586; x_wconf 90' lang='lat' dir='ltr'><strong>praetulit</strong></span> <span class='ocrx_word' id='word_1_332' title='bbox 1629 4499 1728 4584; x_wconf 89' lang='lat' dir='ltr'><strong>plena</strong></span> <span class='ocrx_word' id='word_1_333' title='bbox 1759 4501 1883 4563; x_wconf 86' lang='lat' dir='ltr'><strong>mens3</strong></span> 
     </span>
     <span class='ocr_line' id='line_1_35' title="bbox 193 4600 1853 4691; baseline -0.001 -25"><span class='ocrx_word' id='word_1_334' title='bbox 193 4601 333 4667; x_wconf 90' lang='lat' dir='ltr'><strong>luminis.</strong></span> <span class='ocrx_word' id='word_1_335' title='bbox 379 4603 481 4669; x_wconf 88' lang='lat' dir='ltr'><strong>beata</strong></span> <span class='ocrx_word' id='word_1_336' title='bbox 507 4605 727 4686; x_wconf 83' lang='lat' dir='ltr'><strong>conversatio,</strong></span> <span class='ocrx_word' id='word_1_337' title='bbox 756 4626 841 4691; x_wconf 89' lang='lat' dir='ltr'><strong>quae</strong></span> <span class='ocrx_word' id='word_1_338' title='bbox 868 4603 988 4670; x_wconf 91' lang='lat' dir='ltr'><strong>idcirco</strong></span> <span class='ocrx_word' id='word_1_339' title='bbox 1018 4604 1052 4668; x_wconf 95' lang='lat' dir='ltr'><strong>in</strong></span> <span class='ocrx_word' id='word_1_340' title='bbox 1078 4604 1313 4669; x_wconf 77' lang='lat' dir='ltr'><strong>discumionem</strong></span> <span class='ocrx_word' id='word_1_341' title='bbox 1342 4604 1484 4670; x_wconf 91' lang='lat' dir='ltr'><strong>deducta</strong></span> <span class='ocrx_word' id='word_1_342' title='bbox 1511 4609 1576 4684; x_wconf 89' lang='lat' dir='ltr'><strong>est,</strong></span> <span class='ocrx_word' id='word_1_343' title='bbox 1607 4609 1644 4667; x_wconf 92' lang='lat' dir='ltr'><strong>ut</strong></span> <span class='ocrx_word' id='word_1_344' title='bbox 1670 4607 1761 4666; x_wconf 92' lang='lat' dir='ltr'><strong>tanto</strong></span> <span class='ocrx_word' id='word_1_345' title='bbox 1784 4600 1853 4665; x_wconf 84' lang='lat' dir='ltr'><strong>viro</strong></span> 
     </span>
    </p>
   </div>
   <div class='ocr_carea' id='block_1_8' title="bbox 375 4738 608 4746">
    <p class='ocr_par' dir='ltr' id='par_1_9' title="bbox 375 4738 608 4746">
     <span class='ocr_line' id='line_1_36' title="bbox 375 4738 608 4746; baseline 0.009 -2"><span class='ocrx_word' id='word_1_346' title='bbox 375 4738 608 4746; x_wconf 74' lang='lat'>—————---</span> 
     </span>
    </p>
   </div>
   <div class='ocr_carea' id='block_1_9' title="bbox 194 4809 1856 5863">
    <p class='ocr_par' dir='ltr' id='par_1_10' title="bbox 194 4809 1854 4968">
     <span class='ocr_line' id='line_1_37' title="bbox 298 4809 1854 4880; baseline -0.003 -17"><span class='ocrx_word' id='word_1_347' title='bbox 298 4810 312 4862; x_wconf 95' lang='lat'>1</span> <span class='ocrx_word' id='word_1_348' title='bbox 332 4812 396 4864; x_wconf 89' lang='lat' dir='ltr'><strong>nibil</strong></span> <span class='ocrx_word' id='word_1_349' title='bbox 408 4813 441 4877; x_wconf 93' lang='lat' dir='ltr'><strong>B,</strong></span> <span class='ocrx_word' id='word_1_350' title='bbox 459 4814 495 4864; x_wconf 93' lang='lat' dir='ltr'><strong>nil</strong></span> <span class='ocrx_word' id='word_1_351' title='bbox 513 4814 588 4866; x_wconf 77' lang='lat' dir='ltr'><strong>ceteri</strong></span> <span class='ocrx_word' id='word_1_352' title='bbox 703 4811 721 4865; x_wconf 92' lang='grc'>2</span> <span class='ocrx_word' id='word_1_353' title='bbox 738 4814 873 4880; x_wconf 89' lang='lat' dir='ltr'><strong>colloquiis</strong></span> <span class='ocrx_word' id='word_1_354' title='bbox 888 4812 913 4861; x_wconf 99' lang='lat' dir='ltr'><strong><em>V</em></strong></span> <span class='ocrx_word' id='word_1_355' title='bbox 990 4809 1027 4878; x_wconf 86' lang='lat' dir='ltr'><strong>at]</strong></span> <span class='ocrx_word' id='word_1_356' title='bbox 1045 4813 1077 4864; x_wconf 85' lang='lat' dir='ltr'><strong>ad</strong></span> <span class='ocrx_word' id='word_1_357' title='bbox 1092 4811 1117 4863; x_wconf 87' lang='lat' dir='ltr'><em>B</em></span> <span class='ocrx_word' id='word_1_358' title='bbox 1235 4811 1253 4864; x_wconf 85' lang='lat'>3</span> <span class='ocrx_word' id='word_1_359' title='bbox 1271 4829 1346 4865; x_wconf 83' lang='lat' dir='ltr'><strong>versa</strong></span> <span class='ocrx_word' id='word_1_360' title='bbox 1363 4809 1549 4876; x_wconf 85' lang='lat' dir='ltr'><strong>aestimatione]</strong></span> <span class='ocrx_word' id='word_1_361' title='bbox 1568 4815 1657 4863; x_wconf 69' lang='lat' dir='ltr'><strong>named</strong></span> <span class='ocrx_word' id='word_1_362' title='bbox 1676 4811 1817 4862; x_wconf 85' lang='lat' dir='ltr'><strong>imitatione</strong></span> <span class='ocrx_word' id='word_1_363' title='bbox 1829 4809 1854 4858; x_wconf 93' lang='lat' dir='ltr'><em>B</em></span> 
     </span>
     <span class='ocr_line' id='line_1_38' title="bbox 194 4893 1694 4968; baseline 0 -20"><span class='ocrx_word' id='word_1_364' title='bbox 194 4895 211 4949; x_wconf 89' lang='lat'>5</span> <span class='ocrx_word' id='word_1_365' title='bbox 228 4893 305 4964; x_wconf 81' lang='lat' dir='ltr'><strong>picta]</strong></span> <span class='ocrx_word' id='word_1_366' title='bbox 324 4899 384 4951; x_wconf 85' lang='lat' dir='ltr'><strong>ficta</strong></span> <span class='ocrx_word' id='word_1_367' title='bbox 402 4896 430 4967; x_wconf 86' lang='lat' dir='ltr'><strong>(p</strong></span> <span class='ocrx_word' id='word_1_368' title='bbox 448 4917 504 4966; x_wconf 71' lang='lat' dir='ltr'><strong>nep.</strong></span> <span class='ocrx_word' id='word_1_369' title='bbox 523 4899 543 4965; x_wconf 82' lang='lat' dir='ltr'><strong>l)</strong></span> <span class='ocrx_word' id='word_1_370' title='bbox 559 4899 588 4962; x_wconf 92' lang='lat' dir='ltr'><strong>V,</strong></span> <span class='ocrx_word' id='word_1_371' title='bbox 606 4902 712 4967; x_wconf 84' lang='lat' dir='ltr'><strong>proficta</strong></span> <span class='ocrx_word' id='word_1_372' title='bbox 723 4901 748 4952; x_wconf 85' lang='lat' dir='ltr'><em>L</em></span> <span class='ocrx_word' id='word_1_373' title='bbox 816 4899 1017 4968; x_wconf 84' lang='lat' dir='ltr'><strong>praecidentium</strong></span> <span class='ocrx_word' id='word_1_374' title='bbox 1030 4897 1056 4949; x_wconf 89' lang='lat' dir='ltr'><em>B</em></span> <span class='ocrx_word' id='word_1_375' title='bbox 1158 4898 1176 4949; x_wconf 90' lang='grc'>6</span> <span class='ocrx_word' id='word_1_376' title='bbox 1193 4901 1284 4951; x_wconf 74' lang='lat' dir='ltr'><strong>aliems</strong></span> <span class='ocrx_word' id='word_1_377' title='bbox 1300 4898 1324 4949; x_wconf 88' lang='lat' dir='ltr'><strong><em>V</em></strong></span> <span class='ocrx_word' id='word_1_378' title='bbox 1423 4895 1440 4948; x_wconf 88' lang='lat'><strong>9</strong></span> <span class='ocrx_word' id='word_1_379' title='bbox 1458 4899 1518 4950; x_wconf 85' lang='lat' dir='ltr'><strong>uela</strong></span> <span class='ocrx_word' id='word_1_380' title='bbox 1530 4897 1564 4962; x_wconf 90' lang='lat' dir='ltr'><strong>B,</strong></span> <span class='ocrx_word' id='word_1_381' title='bbox 1582 4915 1630 4948; x_wconf 82' lang='lat' dir='ltr'><strong>ern.</strong></span> <span class='ocrx_word' id='word_1_382' title='bbox 1649 4905 1694 4950; x_wconf 80' lang='lat' dir='ltr'><strong>cat.</strong></span> 
     </span>
    </p>

    <p class='ocr_par' dir='ltr' id='par_1_11' title="bbox 197 4998 1856 5140">
     <span class='ocr_line' id='line_1_39' title="bbox 299 4998 1856 5071; baseline -0.001 -18"><span class='ocrx_word' id='word_1_383' title='bbox 299 4998 452 5071; x_wconf 76' lang='lat' dir='ltr'><strong>[cuxxffl]</strong></span> <span class='ocrx_word' id='word_1_384' title='bbox 487 4999 522 5055; x_wconf 93' lang='lat'><strong>10</strong></span> <span class='ocrx_word' id='word_1_385' title='bbox 538 5007 564 5056; x_wconf 87' lang='lat' dir='ltr'><strong>il.</strong></span> <span class='ocrx_word' id='word_1_386' title='bbox 577 5011 596 5057; x_wconf 90' lang='lat' dir='ltr'><strong>l.</strong></span> <span class='ocrx_word' id='word_1_387' title='bbox 608 5003 659 5056; x_wconf 83' lang='lat' dir='ltr'><strong>BL</strong></span> <span class='ocrx_word' id='word_1_388' title='bbox 676 5013 699 5056; x_wconf 84' lang='lat' dir='ltr'><strong>et</strong></span> <span class='ocrx_word' id='word_1_389' title='bbox 715 5005 744 5056; x_wconf 84' lang='lat' dir='ltr'><strong>in</strong></span> <span class='ocrx_word' id='word_1_390' title='bbox 761 5004 832 5056; x_wconf 74' lang='lat' dir='ltr'><strong>uma</strong></span> <span class='ocrx_word' id='word_1_391' title='bbox 848 5003 980 5070; x_wconf 80' lang='lat' dir='ltr'><strong>superiora</strong></span> <span class='ocrx_word' id='word_1_392' title='bbox 996 5002 1024 5067; x_wconf 92' lang='lat' dir='ltr'><strong>V,</strong></span> <span class='ocrx_word' id='word_1_393' title='bbox 1042 5020 1090 5054; x_wconf 76' lang='lat' dir='ltr'><strong>ona</strong></span> <span class='ocrx_word' id='word_1_394' title='bbox 1107 5002 1153 5054; x_wconf 81' lang='lat' dir='ltr'><strong>Tc</strong></span> <span class='ocrx_word' id='word_1_395' title='bbox 1166 5012 1190 5054; x_wconf 83' lang='lat' dir='ltr'><strong>et</strong></span> <span class='ocrx_word' id='word_1_396' title='bbox 1208 5002 1286 5055; x_wconf 77' lang='lat' dir='ltr'><strong>Sim.</strong></span> <span class='ocrx_word' id='word_1_397' title='bbox 1394 4999 1424 5052; x_wconf 90' lang='lat'><strong>11</strong></span> <span class='ocrx_word' id='word_1_398' title='bbox 1444 5001 1532 5054; x_wconf 89' lang='lat' dir='ltr'><strong>uiriB</strong></span> <span class='ocrx_word' id='word_1_399' title='bbox 1637 4998 1669 5052; x_wconf 87' lang='grc'><strong>12</strong></span> <span class='ocrx_word' id='word_1_400' title='bbox 1690 5001 1812 5068; x_wconf 89' lang='lat' dir='ltr'><strong>colloquii</strong></span> <span class='ocrx_word' id='word_1_401' title='bbox 1831 4999 1856 5051; x_wconf 93' lang='lat' dir='ltr'><strong><em>V</em></strong></span> 
     </span>
     <span class='ocr_line' id='line_1_40' title="bbox 197 5082 419 5140; baseline 0.009 -4"><span class='ocrx_word' id='word_1_402' title='bbox 197 5082 229 5136; x_wconf 77' lang='lat'><strong>17</strong></span> <span class='ocrx_word' id='word_1_403' title='bbox 246 5094 379 5140; x_wconf 69' lang='lat' dir='ltr'><strong>nnoemt</strong></span> <span class='ocrx_word' id='word_1_404' title='bbox 393 5087 419 5138; x_wconf 91' lang='lat' dir='ltr'><strong><em>V</em></strong></span> 
     </span>
    </p>

    <p class='ocr_par' dir='ltr' id='par_1_12' title="bbox 194 5188 1853 5762">
     <span class='ocr_line' id='line_1_41' title="bbox 299 5188 1851 5260; baseline -0.001 -18"><span class='ocrx_word' id='word_1_405' title='bbox 299 5188 451 5259; x_wconf 83' lang='lat' dir='ltr'><strong>[CLXXIV]</strong></span> <span class='ocrx_word' id='word_1_406' title='bbox 489 5192 566 5244; x_wconf 83' lang='lat' dir='ltr'><strong>Hauc</strong></span> <span class='ocrx_word' id='word_1_407' title='bbox 587 5193 724 5260; x_wconf 68' lang='lat' dir='ltr'><strong>epistelam</strong></span> <span class='ocrx_word' id='word_1_408' title='bbox 742 5191 861 5243; x_wconf 78' lang='lat' dir='ltr'><strong>Isidorus</strong></span> <span class='ocrx_word' id='word_1_409' title='bbox 884 5192 912 5243; x_wconf 85' lang='lat' dir='ltr'><strong>in</strong></span> <span class='ocrx_word' id='word_1_410' title='bbox 934 5191 1104 5243; x_wconf 56' lang='lat' dir='ltr'><strong>demetam</strong></span> <span class='ocrx_word' id='word_1_411' title='bbox 1122 5191 1276 5259; x_wconf 52' lang='lat' dir='ltr'><strong>mercolio</strong></span> <span class='ocrx_word' id='word_1_412' title='bbox 1292 5209 1382 5258; x_wconf 77' lang='lat' dir='ltr'><strong>papae</strong></span> <span class='ocrx_word' id='word_1_413' title='bbox 1404 5193 1550 5258; x_wconf 78' lang='lat' dir='ltr'><strong>supposuit:</strong></span> <span class='ocrx_word' id='word_1_414' title='bbox 1576 5192 1636 5243; x_wconf 87' lang='lat' dir='ltr'><strong>item</strong></span> <span class='ocrx_word' id='word_1_415' title='bbox 1654 5191 1763 5257; x_wconf 83' lang='lat' dir='ltr'><strong>epistola</strong></span> <span class='ocrx_word' id='word_1_416' title='bbox 1784 5207 1851 5254; x_wconf 86' lang='lat' dir='ltr'><strong>sym-</strong></span> 
     </span>
     <span class='ocr_line' id='line_1_42' title="bbox 195 5276 1851 5346; baseline 0 -20"><span class='ocrx_word' id='word_1_417' title='bbox 195 5278 279 5328; x_wconf 83' lang='lat' dir='ltr'><strong>machi</strong></span> <span class='ocrx_word' id='word_1_418' title='bbox 297 5295 378 5346; x_wconf 83' lang='lat' dir='ltr'><strong>papae</strong></span> <span class='ocrx_word' id='word_1_419' title='bbox 396 5279 486 5331; x_wconf 85' lang='lat' dir='ltr'><strong>liberio</strong></span> <span class='ocrx_word' id='word_1_420' title='bbox 509 5280 614 5346; x_wconf 85' lang='lat' dir='ltr'><strong>patricio</strong></span> <span class='ocrx_word' id='word_1_421' title='bbox 636 5280 739 5331; x_wconf 87' lang='lat' dir='ltr'><strong>directa.</strong></span> <span class='ocrx_word' id='word_1_422' title='bbox 775 5279 941 5345; x_wconf 84' lang='lat' dir='ltr'><strong>symmachus</strong></span> <span class='ocrx_word' id='word_1_423' title='bbox 963 5278 1098 5344; x_wconf 87' lang='lat' dir='ltr'><strong>episcopus</strong></span> <span class='ocrx_word' id='word_1_424' title='bbox 1121 5278 1244 5330; x_wconf 87' lang='lat' dir='ltr'><strong>eeclesiae</strong></span> <span class='ocrx_word' id='word_1_425' title='bbox 1266 5278 1409 5330; x_wconf 87' lang='lat' dir='ltr'><strong>catholicae</strong></span> <span class='ocrx_word' id='word_1_426' title='bbox 1432 5279 1504 5330; x_wconf 87' lang='lat' dir='ltr'><strong>urbis</strong></span> <span class='ocrx_word' id='word_1_427' title='bbox 1525 5295 1611 5329; x_wconf 82' lang='lat' dir='ltr'><strong>romae</strong></span> <span class='ocrx_word' id='word_1_428' title='bbox 1633 5277 1724 5328; x_wconf 88' lang='lat' dir='ltr'><strong>liberio</strong></span> <span class='ocrx_word' id='word_1_429' title='bbox 1745 5276 1851 5342; x_wconf 85' lang='lat' dir='ltr'><strong>patricio</strong></span> 
     </span>
     <span class='ocr_line' id='line_1_43' title="bbox 195 5361 1853 5432; baseline -0.001 -18"><span class='ocrx_word' id='word_1_430' title='bbox 195 5363 302 5416; x_wconf 78' lang='lat' dir='ltr'><strong>salutem</strong></span> <span class='ocrx_word' id='word_1_431' title='bbox 313 5365 391 5416; x_wconf 65' lang='lat' dir='ltr'><strong>insert</strong></span> <span class='ocrx_word' id='word_1_432' title='bbox 405 5365 429 5415; x_wconf 75' lang='lat' dir='ltr'><em>A</em></span> <span class='ocrx_word' id='word_1_433' title='bbox 442 5363 509 5428; x_wconf 74' lang='lat' dir='ltr'><strong>(eod</strong></span> <span class='ocrx_word' id='word_1_434' title='bbox 521 5365 606 5417; x_wconf 77' lang='lat' dir='ltr'><strong>Paris.</strong></span> <span class='ocrx_word' id='word_1_435' title='bbox 620 5366 697 5432; x_wconf 80' lang='grc'>9629)</span> <span class='ocrx_word' id='word_1_436' title='bbox 710 5365 734 5416; x_wconf 97' lang='grc' dir='ltr'><em>Β</em></span> <span class='ocrx_word' id='word_1_437' title='bbox 748 5365 814 5431; x_wconf 74' lang='lat' dir='ltr'><strong>(cod</strong></span> <span class='ocrx_word' id='word_1_438' title='bbox 828 5364 906 5416; x_wconf 80' lang='lat' dir='ltr'><strong>Vatia.</strong></span> <span class='ocrx_word' id='word_1_439' title='bbox 917 5363 978 5426; x_wconf 81' lang='lat'><strong><em>630)</em></strong></span> <span class='ocrx_word' id='word_1_440' title='bbox 992 5361 1092 5426; x_wconf 74' lang='lat' dir='ltr'><strong>S(ccd</strong></span> <span class='ocrx_word' id='word_1_441' title='bbox 1107 5363 1184 5414; x_wconf 76' lang='lat' dir='ltr'><strong>Vatia.</strong></span> <span class='ocrx_word' id='word_1_442' title='bbox 1198 5364 1272 5430; x_wconf 84' lang='lat'><strong><em>3791)</em></strong></span> <span class='ocrx_word' id='word_1_443' title='bbox 1368 5362 1403 5414; x_wconf 92' lang='grc'><strong>22</strong></span> <span class='ocrx_word' id='word_1_444' title='bbox 1420 5364 1570 5416; x_wconf 84' lang='lat' dir='ltr'><strong>ueneranda</strong></span> <span class='ocrx_word' id='word_1_445' title='bbox 1583 5362 1635 5413; x_wconf 80' lang='grc' dir='ltr'><strong>ΑΒ</strong></span> <span class='ocrx_word' id='word_1_446' title='bbox 1686 5362 1815 5428; x_wconf 85' lang='lat' dir='ltr'><strong>relegioue</strong></span> <span class='ocrx_word' id='word_1_447' title='bbox 1826 5361 1853 5413; x_wconf 90' lang='lat' dir='ltr'><em>B</em></span> 
     </span>
     <span class='ocr_line' id='line_1_44' title="bbox 194 5445 1853 5518; baseline -0.003 -16"><span class='ocrx_word' id='word_1_448' title='bbox 194 5451 342 5517; x_wconf 81' lang='lat' dir='ltr'><strong>aquiliensis</strong></span> <span class='ocrx_word' id='word_1_449' title='bbox 354 5450 429 5503; x_wconf 81' lang='lat' dir='ltr'><strong>BTS</strong></span> <span class='ocrx_word' id='word_1_450' title='bbox 541 5451 576 5504; x_wconf 87' lang='grc'><strong>23</strong></span> <span class='ocrx_word' id='word_1_451' title='bbox 593 5453 707 5504; x_wconf 88' lang='lat' dir='ltr'><strong>cultibus</strong></span> <span class='ocrx_word' id='word_1_452' title='bbox 722 5450 727 5516; x_wconf 86' lang='grc' dir='ltr'>Ι</span> <span class='ocrx_word' id='word_1_453' title='bbox 742 5453 833 5518; x_wconf 85' lang='lat' dir='ltr'><strong>lingua</strong></span> <span class='ocrx_word' id='word_1_454' title='bbox 844 5451 878 5514; x_wconf 89' lang='lat' dir='ltr'><strong>B,</strong></span> <span class='ocrx_word' id='word_1_455' title='bbox 899 5451 991 5518; x_wconf 86' lang='lat' dir='ltr'><strong>lingua</strong></span> <span class='ocrx_word' id='word_1_456' title='bbox 1008 5451 1122 5502; x_wconf 85' lang='lat' dir='ltr'><strong>cultibus</strong></span> <span class='ocrx_word' id='word_1_457' title='bbox 1138 5449 1183 5500; x_wconf 83' lang='lat' dir='ltr'><strong>VL</strong></span> <span class='ocrx_word' id='word_1_458' title='bbox 1188 5449 1321 5502; x_wconf 72' lang='grc' dir='ltr'><em>ΊὈΒΔΒΒ</em></span> <span class='ocrx_word' id='word_1_459' title='bbox 1436 5447 1470 5499; x_wconf 76' lang='grc'><strong>24</strong></span> <span class='ocrx_word' id='word_1_460' title='bbox 1488 5467 1621 5502; x_wconf 84' lang='lat' dir='ltr'><strong>samonum</strong></span> <span class='ocrx_word' id='word_1_461' title='bbox 1645 5449 1653 5506; x_wconf 77' lang='lat' dir='ltr'><strong>i</strong></span> <span class='ocrx_word' id='word_1_462' title='bbox 1656 5466 1669 5500; x_wconf 95' lang='lat' dir='ltr'><strong>r</strong></span> <span class='ocrx_word' id='word_1_463' title='bbox 1686 5466 1743 5514; x_wconf 78' lang='lat' dir='ltr'><strong>risp-</strong></span> <span class='ocrx_word' id='word_1_464' title='bbox 1757 5445 1814 5511; x_wconf 74' lang='lat' dir='ltr'><strong>un.)</strong></span> <span class='ocrx_word' id='word_1_465' title='bbox 1827 5447 1853 5498; x_wconf 90' lang='grc' dir='ltr'><em>Β</em></span> 
     </span>
     <span class='ocr_line' id='line_1_45' title="bbox 195 5533 1853 5606; baseline -0.003 -18"><span class='ocrx_word' id='word_1_466' title='bbox 195 5537 328 5589; x_wconf 80' lang='lat' dir='ltr'><strong>uinculad</strong></span> <span class='ocrx_word' id='word_1_467' title='bbox 414 5535 450 5589; x_wconf 83' lang='grc'><strong>25</strong></span> <span class='ocrx_word' id='word_1_468' title='bbox 466 5539 643 5606; x_wconf 84' lang='lat' dir='ltr'><strong>dereliquatB</strong></span> <span class='ocrx_word' id='word_1_469' title='bbox 729 5535 762 5588; x_wconf 75' lang='grc'><strong>21</strong></span> <span class='ocrx_word' id='word_1_470' title='bbox 775 5539 873 5605; x_wconf 87' lang='lat' dir='ltr'><strong>mperio</strong></span> <span class='ocrx_word' id='word_1_471' title='bbox 886 5537 912 5601; x_wconf 78' lang='lat' dir='ltr'><strong>(i.</strong></span> <span class='ocrx_word' id='word_1_472' title='bbox 923 5553 943 5588; x_wconf 82' lang='lat' dir='ltr'><strong>e.</strong></span> <span class='ocrx_word' id='word_1_473' title='bbox 956 5533 1116 5604; x_wconf 83' lang='lat' dir='ltr'><strong>inperio)B¹</strong></span> <span class='ocrx_word' id='word_1_474' title='bbox 1169 5537 1316 5589; x_wconf 84' lang='lat' dir='ltr'><strong>murcelliB</strong></span> <span class='ocrx_word' id='word_1_475' title='bbox 1367 5537 1488 5604; x_wconf 81' lang='lat' dir='ltr'><strong>colligam</strong></span> <span class='ocrx_word' id='word_1_476' title='bbox 1500 5537 1526 5588; x_wconf 87' lang='lat' dir='ltr'><em>B</em></span> <span class='ocrx_word' id='word_1_477' title='bbox 1611 5533 1646 5586; x_wconf 85' lang='grc'><strong>29</strong></span> <span class='ocrx_word' id='word_1_478' title='bbox 1661 5534 1853 5604; x_wconf 64' lang='lat' dir='ltr'><strong>genioBVlT,</strong></span> 
     </span>
     <span class='ocr_line' id='line_1_46' title="bbox 194 5619 1853 5691; baseline -0.001 -17"><span class='ocrx_word' id='word_1_479' title='bbox 194 5624 298 5691; x_wconf 86' lang='lat' dir='ltr'><strong>ingenio</strong></span> <span class='ocrx_word' id='word_1_480' title='bbox 314 5622 499 5678; x_wconf 66' lang='lat' dir='ltr'><strong>vuemo</strong></span> <span class='ocrx_word' id='word_1_481' title='bbox 557 5627 658 5679; x_wconf 82' lang='lat' dir='ltr'><strong>iuncxit</strong></span> <span class='ocrx_word' id='word_1_482' title='bbox 669 5624 695 5676; x_wconf 91' lang='lat' dir='ltr'><em>B</em></span> <span class='ocrx_word' id='word_1_483' title='bbox 796 5622 832 5678; x_wconf 89' lang='grc'><strong>30</strong></span> <span class='ocrx_word' id='word_1_484' title='bbox 848 5625 1012 5677; x_wconf 87' lang='lat' dir='ltr'><strong>mediocrem</strong></span> <span class='ocrx_word' id='word_1_485' title='bbox 1024 5640 1057 5676; x_wconf 89' lang='lat' dir='ltr'><strong>na</strong></span> <span class='ocrx_word' id='word_1_486' title='bbox 1069 5622 1119 5689; x_wconf 77' lang='lat'><strong>131,</strong></span> <span class='ocrx_word' id='word_1_487' title='bbox 1137 5625 1219 5677; x_wconf 92' lang='lat' dir='ltr'><strong>medio</strong></span> <span class='ocrx_word' id='word_1_488' title='bbox 1236 5624 1342 5676; x_wconf 89' lang='lat' dir='ltr'><strong>crimina</strong></span> <span class='ocrx_word' id='word_1_489' title='bbox 1356 5619 1417 5674; x_wconf 69' lang='lat' dir='ltr'><strong>Bu</strong></span> <span class='ocrx_word' id='word_1_490' title='bbox 1520 5620 1553 5674; x_wconf 89' lang='lat'><strong>31</strong></span> <span class='ocrx_word' id='word_1_491' title='bbox 1572 5622 1634 5674; x_wconf 82' lang='lat' dir='ltr'><strong>salix</strong></span> <span class='ocrx_word' id='word_1_492' title='bbox 1647 5621 1677 5688; x_wconf 89' lang='lat' dir='ltr'><strong>(li</strong></span> <span class='ocrx_word' id='word_1_493' title='bbox 1688 5639 1745 5688; x_wconf 77' lang='lat' dir='ltr'><strong>usp.</strong></span> <span class='ocrx_word' id='word_1_494' title='bbox 1757 5620 1815 5687; x_wconf 83' lang='lat' dir='ltr'><strong>lin.)</strong></span> <span class='ocrx_word' id='word_1_495' title='bbox 1827 5620 1853 5672; x_wconf 91' lang='lat' dir='ltr'><em>B</em></span> 
     </span>
     <span class='ocr_line' id='line_1_47' title="bbox 195 5707 374 5762; baseline 0.011 -2"><span class='ocrx_word' id='word_1_496' title='bbox 195 5709 285 5761; x_wconf 64' lang='lat' dir='ltr'><strong>Mem</strong></span> <span class='ocrx_word' id='word_1_497' title='bbox 297 5707 374 5762; x_wconf 74' lang='grc' dir='ltr'><strong>ΑΒΒ</strong></span> 
     </span>
    </p>

    <p class='ocr_par' dir='ltr' id='par_1_13' title="bbox 298 5800 1647 5863">
     <span class='ocr_line' id='line_1_48' title="bbox 298 5800 1647 5863; baseline -0.004 -6"><span class='ocrx_word' id='word_1_498' title='bbox 298 5801 439 5863; x_wconf 62' lang='lat' dir='ltr'><strong>&amp;norica</strong></span> <span class='ocrx_word' id='word_1_499' title='bbox 1611 5800 1647 5852; x_wconf 81' lang='lat'><strong>20</strong></span> 
     </span>
    </p>
   </div>
   <div class='ocr_carea' id='block_1_10' title="bbox 0 0 2305 6450">
    <p class='ocr_par' dir='ltr' id='par_1_14' title="bbox 0 0 2305 6450">
     <span class='ocr_line' id='line_1_49' title="bbox 0 0 2305 6450; baseline 0 0"><span class='ocrx_word' id='word_1_500' title='bbox 0 0 2305 6450; x_wconf 95' lang='lat' dir='ltr'><strong> </strong></span> 
     </span>
    </p>
   </div>
  </div>
 </body>
</html>
