4538 6436
424 387 466 448 32
704 382 824 438 xxvm
842 381 964 453 (seran
984 383 1008 448 ι,
1025 383 1080 452 ar),
1098 382 1190 436 xxxx
1208 380 1331 451 (seren
1350 383 1374 446 1,
1388 381 1443 444 aa,
1461 379 1538 434 xxx
1557 379 1681 448 (semu.
1700 380 1724 444 1,
1742 378 1796 448 aa).

1030 722 1195 791 XXVIII
1218 723 1330 812 (errsr.
1356 729 1384 810 1,
1407 725 1475 811 21).

1021 919 1258 994 ENNODIVS
1284 919 1487 994 FAVSTO.

398 1076 412 1136 Ῑ
536 1066 617 1160 Diu
646 1116 747 1183 super
774 1093 917 1160 adventu
947 1097 1170 1185 amplitudinis
1202 1101 1333 1161 restrae
1362 1097 1496 1183 ancipiti
1527 1117 1620 1162 mens
1652 1117 1726 1161 mea
1758 1094 1918 1184 pependit
1951 1094 2084 1161 indicio.

427 1200 486 1266 sed
507 1207 683 1286 postquam
705 1220 757 1264 me
781 1195 893 1264 divina
914 1199 1140 1266 misericordia
1162 1200 1204 1265 ab
1228 1199 1414 1265 huiusmodi
1437 1201 1606 1266 anxietate
1627 1200 1762 1280 laxavit,
1786 1199 1897 1263 statim
1916 1199 1959 1263 ad
1976 1198 2086 1263 officia

427 1311 586 1370 consueta
607 1325 659 1368 me
683 1302 817 1384 contuli,
841 1324 1035 1391 quamquam
1056 1305 1249 1392 paginarum
1277 1304 1436 1390 obsequia
1462 1325 1523 1368 nec
1552 1302 1702 1390 digresso
1729 1301 1772 1368 ad
1799 1303 1981 1388 longinqua
2004 1302 2083 1367 sub-

426 1408 614 1496 preseerim.
659 1407 711 1472 his
735 1428 813 1493 ergo
837 1408 1051 1474 valitudinem
1073 1430 1179 1474 meam
1202 1408 1349 1474 indicans
1378 1409 1620 1494 aegritudinem
1643 1406 1744 1470 animi
1766 1427 1891 1486 resero,
1921 1427 2020 1491 quam
2043 1404 2085 1470 de
2150 1427 2161 1464 a

427 1533 577 1578 maerore
601 1511 760 1578 contraxi.
806 1511 846 1576 de
869 1511 1026 1576 luminum
1057 1519 1241 1577 nostrorum
1271 1515 1376 1578 salute
1407 1513 1574 1593 sollicitor,
1604 1513 1637 1576 iu
1663 1532 1702 1575 eo
1726 1510 1790 1574 loci
1813 1511 2020 1592 constitutus,
2043 1507 2086 1574 ad

396 1616 525 1702 2quem
552 1615 684 1680 difficile
717 1617 848 1681 nuntius
885 1623 1078 1702 expectatus
1112 1617 1284 1683 adlabitur.
1330 1615 1417 1702 quod
1450 1617 1482 1679 in
1513 1614 1636 1679 solacio
1668 1619 1730 1694 est,
1762 1610 1860 1677 deum
1889 1633 2015 1698 precor,
2048 1618 2087 1676 nt

428 1719 519 1785 nulle
541 1741 672 1785 servum
695 1741 791 1784 suum
813 1719 958 1805 patiatur
980 1719 1119 1805 amplius
1142 1741 1221 1784 cura
1243 1720 1412 1800 macerari,
1441 1718 1498 1783 sed
1530 1717 1571 1784 de
1593 1713 1730 1783 'reducta
1752 1737 1866 1781 eorum
1888 1717 1923 1781 in
1944 1716 2086 1782 solidum

429 1824 643 1910 prosperitate
667 1822 811 1888 aestibus
834 1821 915 1886 meis
939 1823 1036 1887 celeri
1060 1821 1202 1887 medella
1224 1822 1405 1887 subveniat.
1452 1822 1598 1885 salutans
1625 1819 1737 1885 debita
1767 1821 1925 1885 servitute
1955 1841 2085 1906 precor,

428 1932 466 1991 ut
488 1927 627 2012 cognitis
650 1926 710 2006 his,
734 1925 775 1991 de
799 1926 916 2011 quibus
938 1927 1065 1990 animus
1089 1945 1181 1990 meus
1203 1927 1295 1989 uaria
1324 1925 1552 1990 aestimatione
1580 1925 1729 2006 iactatur,
1758 1923 1873 1989 sedulo
1896 1923 1976 1988 mihi
1998 1923 2084 1987 hila·
2139 1945 2164 1983 ιι

429 2031 561 2097 ritatem
584 2030 802 2097 deferentium
825 2031 1010 2096 litterarum
1031 2029 1192 2095 beneficio
1216 2029 1423 2094 succurratis.

1053 2366 1181 2436 XXIX
1203 2368 1315 2457 (rerer.
1341 2374 1368 2452 1,
1393 2369 1459 2455 22).

1016 2566 1254 2641 ENNODIVS
1281 2565 1502 2640 OPILIONI.

401 2724 415 2783 ¹
545 2711 723 2828 Coeperat
744 2741 942 2826 parvitatem
956 2764 1064 2809 meam
1080 2739 1270 2826 magnitudo
1287 2747 1398 2805 restra
1413 2760 1484 2825 spe,
1506 2760 1591 2824 quae
1606 2746 1683 2804 vota
1700 2741 1864 2823 transiret,
1888 2740 2089 2828 dignationis

429 2846 588 2912 adtollere
622 2851 656 2910 et
684 2847 838 2911 caelestis
874 2847 1012 2912 instituti
1040 2867 1131 2912 more
1159 2846 1296 2910 clariora
1329 2845 1439 2910 facere
1468 2843 1632 2910 beneficia
1660 2867 1729 2927 sua,
1763 2844 1840 2910 dum
1867 2866 1941 2910 mea
1967 2847 2089 2911 merita

429 2950 522 3014 nulla
547 2947 659 3013 iudicii
687 2948 781 3014 lance
809 2949 980 3036 pensabat,
1011 2951 1066 3014 rel
1096 2969 1254 3014 censurae
1283 2948 1464 3033 neglegens
1494 2946 1573 3012 dare
1602 2950 1744 3035 pretium
1773 2950 1975 3031 muneribus,
2005 2971 2089 3035 quae
2142 2965 2165 3003 ¹⁵

432 3073 505 3118 esee
527 3052 731 3117 monstrabat
752 3052 910 3135 indebita,
939 3053 1090 3140 quoniam
1113 3052 1255 3132 affectio,
1284 3072 1368 3137 quae
1399 3052 1486 3116 circa
1508 3051 1651 3117 humiles
1681 3052 1866 3134 exhibetur,
1893 3074 1959 3117 non
1988 3053 2090 3119 habet

400 3154 665 3223 trecassinam
688 3163 722 3222 et
744 3157 888 3243 speciem
911 3178 1003 3221 suam
1029 3177 1090 3245 per
1120 3155 1235 3219 sudum
1258 3155 1405 3220 rutilanti
1429 3154 1604 3241 splendore
1629 3155 1802 3241 significat.
1848 3156 1904 3221 diu
1928 3176 2008 3241 ergo
2031 3155 2090 3220 tali

430 3262 532 3327 tultus
553 3266 630 3347 post
651 3259 749 3325 deum
770 3260 1037 3347 praesumptione
1058 3281 1126 3326 non
1149 3259 1243 3324 timui
1265 3257 1422 3344 quidquid
1445 3260 1690 3345 obloquentium
1715 3261 1824 3325 toxica
1839 3261 2088 3347 promittebant.

431 3373 481 3430 ast
503 3366 559 3430 ubi
581 3387 634 3431 me
657 3363 699 3429 ad
722 3365 891 3451 antiquum
914 3367 1084 3452 pulverem
1107 3365 1209 3430 uestri
1232 3364 1362 3430 reduxit
1385 3364 1518 3445 oblivio,
1542 3363 1629 3449 quod
1651 3365 1685 3429 in
1709 3365 1831 3430 solacio
1856 3365 1942 3429 solet
1956 3363 2088 3428 nudatis

432 3468 607 3534 defensore
631 3469 832 3553 contingere,
856 3470 948 3554 quasi
970 3469 1192 3554 querellarum
1214 3468 1405 3554 perlatrices
1428 3468 1555 3533 litteras
1579 3471 1765 3556 prorogari,
1787 3469 1982 3555 promittens
2005 3467 2087 3531 mihi
2140 3484 2165 3524 ιο

433 3573 611 3638 decorum
640 3573 876 3658 inportunitate
905 3594 1109 3659 responsum.
1156 3571 1215 3638 sed
1243 3593 1302 3658 per
1331 3574 1580 3658 occupationum
1608 3573 1747 3637 forsitan
1773 3571 1954 3658 amplitudo
1979 3578 2091 3637 vestra

433 3675 718 3765 praepedientium
742 3677 945 3742 incrementa
968 3677 1131 3763 significet
1153 3676 1300 3742 adhaec
1329 3697 1388 3741 vos
1417 3677 1524 3741 officia
1551 3698 1617 3742 non
1644 3679 1767 3744 venire.
1811 3676 1990 3761 replicabo,
2013 3676 2092 3762 qnia

402 3774 520 3845 3idem
543 3786 650 3845 status
672 3779 734 3845 luit
751 3780 900 3846 culminis
915 3782 1018 3846 vestri
1034 3779 1155 3846 dudum
1170 3780 1309 3867 paginas
1325 3778 1530 3847 destinantis.
1573 3780 1616 3845 ad
1629 3801 1753 3846 morem
1770 3787 1881 3846 tamen
1904 3780 2090 3866 scriptionis

432 3885 643 3970 epistolariae
666 3905 719 3948 me
741 3882 874 3966 reduco,
897 3905 939 3948 ne
962 3883 1062 3949 addat
1084 3884 1256 3970 prolixitas
1280 3885 1411 3969 ingesta
1426 3883 1595 3948 fastidium
1612 3891 1645 3949 et
1660 3883 1819 3971 denegari
1833 3885 1973 3973 paginas
1989 3884 2090 3949 iaciat

431 3989 536 4073 magis
559 3987 714 4072 allegatio
738 4009 821 4073 quae
843 3989 1005 4075 poposcit.
1051 3987 1182 4052 domine
1204 3988 1259 4067 mi,
1291 3977 1496 4054 salutationis
1526 3987 1717 4072 obsequium
1749 3988 1841 4051 solvo
1869 3994 1903 4052 et
1932 3987 1973 4053 de
2006 3988 2089 4051 vali-
2142 4002 2165 4041 2⁵

432 4091 545 4157 tudine
579 4097 687 4156 vestra
721 4098 759 4155 ut
794 4092 903 4156 animo
939 4093 1101 4178 obligatus
1137 4093 1321 4176 interrogo,
1357 4094 1493 4178 cupiens
1527 4091 1696 4157 relationis
1730 4089 1849 4156 indicio
1885 4090 1926 4155 ad
1958 4090 2091 4176 gemina

433 4195 598 4261 desideria
619 4195 801 4286 pervenire.

1069 4463 1176 4532 XXX
1199 4465 1308 4554 (rerer.
1336 4470 1362 4549 1,
1387 4465 1454 4554 23).

1020 4662 1257 4737 ENNODIVS
1285 4663 1505 4740 SENARIO.

405 4806 426 4865 1w

552 4808 594 4900 P
594 4836 679 4904 erdit
706 4838 838 4903 affectio
867 4837 1078 4903 valitudinem
1106 4838 1228 4903 silentii
1256 4838 1426 4905 debilitata
1453 4847 1584 4926 torpore
1612 4863 1674 4906 nec
1703 4841 1744 4907 ad
1773 4864 1866 4907 usum
1896 4863 1992 4907 suum
2015 4843 2091 4906 dili-

434 4941 565 5028 gentiae
590 4963 704 5008 oureus
727 4941 899 5024 exuberat,
922 4942 950 5006 si
971 4941 1113 5006 nudetur
1136 4942 1363 5008 commuuione
1387 4945 1559 5030 conloquii.
1597 4952 1689 5009 muta
1705 4947 1823 5012 caritas
1846 4967 1930 5032 pene
1954 4967 2088 5032 reprac-
2141 4973 2167 5012 ιο

335 5309 342 5314 ,
536 5252 672 5323 [XXVIII]
709 5255 724 5308 1
741 5257 837 5308 Fausto
856 5255 989 5306 Ennodius
1001 5253 1096 5306 Hartel
1220 5253 1379 5308 Iconeueta
1395 5257 1479 5308 officia
1497 5255 1577 5309 Sirra.
1655 5273 1802 5322 quanquam
1819 5254 1844 5305 V
1960 5253 1978 5307 5
1996 5253 2091 5322 resero]

432 5357 489 5394 sero
501 5340 556 5406 13⁶,
572 5343 682 5395 releroh
787 5339 803 5392 'l
820 5341 942 5392 allabitur
957 5339 982 5390 V
1081 5339 1099 5392 8
1116 5357 1205 5394 eorum
1214 5340 1248 5407 B,
1265 5359 1380 5394 meomm
1392 5343 1467 5394 ceteri
1570 5341 1586 5393 9
1605 5343 1707 5394 medills
1718 5340 1752 5406 B,
1770 5343 1868 5394 medela
1885 5342 1911 5391 V

536 5441 648 5512 [XXIX]
693 5444 727 5496 12
750 5445 863 5513 Opilioni
884 5443 1017 5496 Ennodius
1035 5443 1130 5495 Hortel
1261 5441 1295 5494 14
1315 5444 1433 5495 attollere
1450 5443 1476 5494 V
1602 5442 1634 5494 16
1656 5444 1761 5496 humilis
1778 5444 1824 5495 B‘*
1916 5445 2048 5496 exhibitur
2066 5444 2092 5495 B

433 5529 467 5582 18
484 5532 607 5599 quicquid
624 5531 650 5581 V
758 5529 792 5581 lo
809 5529 883 5598 solet]
902 5531 978 5582 debet
991 5529 1069 5581 Siras,
1181 5527 1216 5580 20
1233 5532 1396 5597 querelarum
1412 5530 1438 5581 V
1545 5529 1578 5581 21
1597 5532 1791 5598 occupationem
1802 5531 1846 5582 B!
1959 5528 1994 5581 22
2011 5534 2091 5599 signi-

433 5619 492 5669 ticat
506 5618 544 5681 B,
567 5619 695 5686 significat
715 5618 791 5670 celeri
920 5615 954 5667 23
972 5616 1117 5670 scribtionis
1133 5615 1159 5668 B
1288 5615 1324 5668 24
1341 5617 1501 5688 epistolariae
1519 5615 1545 5684 (o
1563 5634 1594 5670 ao
1612 5617 1640 5684 u)
1660 5617 1685 5668 V
1812 5615 1849 5670 25
1866 5615 1912 5688 mi]
1931 5620 1995 5672 mihi
2012 5618 2092 5671 BVb

432 5700 467 5755 26
484 5704 619 5774 ablegatus
634 5703 661 5754 B
