4538 6436
432 388 473 460 50
1135 377 1170 432 m
1189 375 1323 443 (oruso.
1342 377 1378 445 a).

396 560 415 620 o
536 555 603 621 Sed
634 554 806 620 redeamus
837 551 879 617 ad
913 572 1047 636 gravem
1075 556 1110 614 ct
1137 550 1375 631 venerabilem,
1415 571 1479 615 non
1512 549 1616 614 solum
1645 570 1689 614 ex
1715 551 1769 614 ala
1803 548 1994 635 productam
2025 549 2083 614 sed
2098 571 2170 620 0000

428 659 606 734 malitiaam
630 655 897 744 propositionem.
936 658 1011 732 ‘uon
1035 652 1159 720 omnes'
1183 654 1334 739 inquiunt
1358 651 1558 726 ‘sacerdotes
1582 652 1670 736 regie
1693 651 1734 726 ad
1751 652 1925 720 concilium
1947 651 2087 722 adscivit

429 761 624 842 aucteritas,
654 780 715 825 nec
737 773 851 824 omnes
875 759 909 826 10
938 757 1136 826 iudicatione
1165 755 1361 822 senserunt’.
1407 755 1570 840 mancipia
1598 756 1713 820 tartari
1737 762 1770 821 et
1798 755 1920 843 liquido
1951 762 2085 824 satanae

430 864 580 940 ministri,
602 883 824 949 quoscumque
837 883 902 928 non
920 860 1069 926 evocavit
1085 859 1241 946 seriptum
1257 859 1426 946 principis,
1442 859 1536 925 novis
1552 858 1693 924 nexibus
1709 865 1743 926 et
1757 865 1889 926 actuum
1903 867 2085 926 vestrorum

381 974 418 1035 to
432 968 528 1054 spiris
545 987 645 1038 causa
659 966 831 1051 pertraxit.
868 966 944 1031 nolo
962 964 1081 1044 dicere,
1104 962 1137 1028 in
1154 983 1217 1049 quo
1233 962 1355 1038 fuerint
1371 968 1459 1043 voto,
1483 963 1515 1028 in
1532 983 1596 1048 qua
1611 961 1850 1040 deliberatione
1866 962 2086 1046 discedentes,

431 1073 549 1159 quibus
578 1068 725 1150 taedium
753 1068 810 1134 illa
837 1070 967 1156 peperit
996 1067 1198 1152 expectatio,
1234 1087 1308 1131 eum
1338 1065 1487 1144 viderent
1509 1067 1733 1132 venerabilem
1764 1088 1883 1153 papam
1913 1068 2027 1152 longas
2054 1069 2088 1134 in

433 1175 501 1252 rite
523 1180 637 1252 contra
657 1173 708 1240 fas
732 1193 826 1238 suurn
849 1169 992 1236 indutias
1021 1169 1198 1256 accepisse.
1244 1169 1402 1236 videbant
1425 1169 1540 1235 aether
1563 1175 1689 1236 tantum
1712 1169 1845 1240 directis
1867 1191 1888 1236 a
1911 1191 1947 1240 se
1971 1171 2087 1238 iaculis

431 1277 608 1356 verberari.
644 1276 696 1342 his
711 1297 752 1342 ne
767 1276 883 1342 liceret
898 1272 1082 1340 infelicibus
1100 1272 1132 1338 iu
1149 1274 1307 1338 malorum
1331 1279 1464 1340 actuum
1487 1272 1712 1346 consolatione
1735 1279 1864 1340 secreto
1887 1273 2087 1356 delitiscere,

430 1379 522 1446 libris
546 1378 665 1448 vestris
694 1379 859 1448 nudantur
889 1376 1080 1444 abscondito
1111 1381 1146 1442 st
1173 1398 1234 1463 per
1256 1397 1315 1442 vos
1338 1369 1372 1440 in
1399 1377 1486 1464 turpi
1512 1376 1601 1443 facto
1630 1378 1755 1444 habere
1783 1378 1993 1445 solitudinem
2022 1400 2088 1448 non

286 1484 580 1560 0000001000100
601 1482 731 1560 direpte
755 1482 817 1548 deo
840 1482 873 1545 in
898 1479 1092 1566 evangeliis:
1128 1479 1244 1546 ‘omnis
1268 1480 1374 1554 malus
1398 1479 1467 1544 odit
1489 1479 1618 1547 lucem’.

378 1591 411 1651 tt
535 1587 617 1658 Post
638 1586 721 1664 heae
743 1584 905 1666 adseritis,
928 1582 1134 1649 adversarios
1156 1605 1263 1670 papae
1279 1581 1420 1652 Romani
1442 1582 1507 1650 diei
1530 1603 1596 1650 uon
1619 1583 1781 1663 debuisse,
1806 1585 1861 1670 qui
1882 1585 2087 1671 praedictum

432 1691 569 1782 prolatis
592 1689 806 1777 petitionibus
829 1688 1039 1765 accusabant,
1062 1687 1104 1752 ad
1126 1687 1323 1764 adsertiouis
1349 1686 1447 1764 fidem
1470 1686 1656 1773 iungentes,
1679 1687 1766 1774 quod
1789 1709 1847 1756 eos
1869 1689 1933 1756 isto
1955 1689 2090 1758 nomine

432 1800 612 1881 praecepta
644 1792 736 1878 regia
771 1813 837 1858 000
865 1797 1050 1858 vocassent.
1100 1813 1119 1856 o
1147 1790 1297 1856 homines
1329 1791 1418 1856 omni
1454 1791 1533 1856 artis
1567 1793 1645 1856 lima
1673 1792 1861 1877 conpositos
1890 1798 1924 1857 et
1951 1792 2090 1860 caminis-

429 1896 602 1976 fabrilibus
636 1900 808 1974 excoctos,
846 1894 902 1980 qui
935 1893 978 1958 ad
1010 1892 1256 1979 stipulationem
1291 1892 1452 1959 dictorum
1489 1894 1649 1961 desudata
1684 1894 1840 1962 invenere
1880 1895 2086 1965 testimonia!

429 2021 593 2078 amamus,
626 1997 799 2076 reverendi
827 1997 903 2079 viri,
936 1997 1131 2062 sententiam
1162 2002 1304 2066 vestram
1335 2005 1386 2079 et,
1418 2003 1454 2062 ut
1483 1997 1589 2078 aiunt,
1622 1998 1654 2063 in
1686 1999 1792 2084 ipsam
1819 1998 1959 2084 pedibus
1987 2000 2088 2075 imus3
2141 2010 2165 2058 rs

430 2103 657 2189 cognoscimus
681 2108 791 2172 errata
814 2121 897 2188 quae
921 2099 1040 2168 dicitis:
1077 2099 1254 2165 ‘inimicum
1271 2107 1367 2166 vocet
1383 2101 1498 2185 aliquis
1521 2108 1731 2167 accusantem
1754 2108 1788 2166 et
1810 2103 1935 2187 tragico
1958 2102 2172 2170 nominasse

380 2207 577 2293 1200001101
592 2205 823 2280 coutumeliam
841 2225 906 2274 000
922 2201 1139 2280 merentem?
1180 2202 1297 2268 dehinc
1322 2203 1530 2269 subiunctam
1554 2205 1780 2290 quaestionem
1803 2204 1968 2276 rhetorica
1989 2205 2091 2274 fibula

430 2309 650 2390 momordistis
672 2307 864 2393 allegando:
903 2308 1008 2372 ‘testis
1031 2313 1084 2372 est
1106 2305 1254 2372 Romana
1277 2306 1405 2388 civitas,
1428 2307 1456 2371 si
1479 2327 1592 2372 omnes
1616 2309 1765 2395 episcopi
1786 2329 1883 2374 senes
1907 2315 1941 2373 at
1962 2308 2090 2376 debiles

432 2409 679 2490 eonvensmut'.
717 2431 795 2478 ecce
812 2413 994 2478 orationem
1009 2409 1080 2474 veri
1095 2409 1205 2475 nervis
1221 2410 1382 2474 nitentem
1407 2414 1440 2474 et
1462 2409 1525 2496 ipsi
1542 2409 1684 2495 Cepesio
1709 2409 1959 2496 praeferendam
1981 2411 2089 2478 nitore

430 2537 628 2598 sermonum.
673 2536 751 2601 ergo
775 2516 852 2601 quia
875 2537 911 2582 se
934 2521 1045 2580 aetate
1068 2512 1217 2578 valentes
1240 2518 1274 2577 et
1297 2532 1434 2598 corpore
1464 2513 1636 2578 inbecillos
1665 2534 1740 2580 esse
1767 2513 1936 2595 dixserunt,
1967 2515 2031 2602 ipsi
2054 2536 2090 2582 se
2142 2527 2153 2566 2

429 2620 560 2706 ineptos
583 2619 704 2686 iudicio
722 2640 796 2692 esse
813 2625 987 2698 testantur,
1013 2617 1167 2704 quoniam
1183 2616 1405 2682 membrorum
1421 2639 1458 2683 se
1474 2616 1629 2684 dixeumt
1643 2617 1709 2683 iam
1725 2618 1888 2690 sustinere
1904 2617 2090 2706 dispendia,

380 2724 418 2786 13
431 2724 573 2804 maxime
603 2724 631 2798 si
660 2723 723 2802 boc
750 2724 902 2808 ingerere
931 2721 1179 2788 clementissimi
1207 2719 1330 2786 domini
1359 2721 1493 2790 auribus
1522 2726 1825 2806 praesumpserunt.
1871 2743 1930 2787 vos
1957 2724 2091 2809 putatis,

432 2825 473 2900 ab
496 2826 657 2904 universis
679 2825 734 2892 dei
757 2823 989 2911 conspectibus
1012 2825 1110 2910 pulsi,
1133 2824 1190 2889 illo
1213 2830 1398 2890 vestrorum
1419 2845 1511 2892 more
1534 2844 1768 2910 congressuum
1785 2825 1908 2911 ubique
1929 2827 2092 2892 narranda

433 2929 586 3008 confundi
608 2937 643 3008 et
665 2927 753 3016 00001
775 2929 956 3016 prinoipem
980 2928 1021 2992 de
1045 2928 1239 2998 collectione
1263 2927 1455 3014 pontificum
1478 2928 1560 2993 alios
1588 2929 1766 3014 protulisse
1794 2951 1996 3008 sermonem,
2020 2930 2090 2996 'nisi

432 3054 513 3119 quos
530 3032 649 3099 aetatis
665 3033 835 3098 maturitas
852 3031 1030 3097 ordiendae
1046 3030 1212 3116 loquellas
1228 3031 1308 3096 fecit
1323 3038 1484 3110 auctores,
1502 3031 1619 3117 quibus
1636 3031 1712 3096 anni
1725 3039 1856 3098 veteres
1872 3035 2090 3103 reverentiam
2156 3067 2161 3080 ·

432 3137 655 3218 contulerunt,
690 3137 744 3224 qui
773 3135 974 3222 putabantur
1000 3134 1161 3202 bonorum
1188 3134 1379 3200 meritorum
1407 3135 1563 3220 suffragio
1592 3135 1625 3199 in
1654 3135 1788 3220 longum
1817 3136 1919 3203 fuisse
1948 3137 2091 3202 servati?

431 3241 519 3326 ipsos
542 3261 622 3327 ergo
646 3239 687 3318 da
711 3239 867 3326 gravidae
891 3239 1010 3304 aetatis
1033 3237 1226 3324 fatigatione
1250 3237 1342 3322 queri
1371 3237 1499 3319 decuit,
1530 3260 1611 3324 quos
1642 3245 1734 3304 aetas
1762 3240 1905 3311 iusserat
1933 3241 2093 3326 allegare.

382 3341 495 3423 140101
518 3344 648 3430 optimi,
677 3341 884 3424 subdidistis:
918 3347 971 3408 ‘ex
993 3341 1182 3430 praeceptis
1209 3340 1309 3426 regiis
1334 3343 1536 3408 evocationis
1559 3362 1692 3407 causam
1715 3343 1817 3408 fuisse
1839 3343 1904 3408 iam
1928 3343 2092 3429 cognitam

434 3453 469 3522 et
497 3446 616 3514 Italiae
642 3467 769 3526 summa
797 3445 1023 3512 moderantem
1051 3466 1118 3512 nou
1148 3445 1248 3510 fuisse
1277 3445 1369 3530 quasi
1398 3445 1439 3512 de
1469 3467 1552 3511 novo
1574 3447 1707 3531 negotio
1732 3445 1985 3523 consulendum
2016 3448 2092 3534 plus

433 3549 568 3628 chartae
596 3555 629 3622 et
655 3550 824 3638 scriptioni
853 3552 1019 3637 religionis
1048 3550 1196 3616 debiturn
1226 3571 1323 3635 quam
1350 3551 1559 3638 praesentiae
1585 3551 1770 3637 principali.
1813 3551 1923 3618 nullus
1951 3571 2031 3635 crgo
2059 3551 2093 3616 in

437 3652 604 3739 praedicto
627 3655 760 3740 negotio
783 3656 897 3724 titulus
920 3659 1133 3736 remanserat,
1157 3653 1198 3719 ad
1222 3655 1312 3718 cuius
1335 3654 1577 3738 inquisitionem
1599 3660 1777 3740 pergentes
1798 3653 1879 3726 illud
1900 3655 1972 3720 iure
1994 3675 2092 3742 prae·

437 3810 806 3819 *-,.-„-.„.—-.,.-
816 3815 817 3818 ,
827 3814 849 3820 .-

541 3927 658 3994 lalaV,
680 3930 777 3983 balaB
801 3930 955 3995 (10010111,
979 3932 996 3980 lr
1014 3929 1076 3980 odd.
1096 3928 1171 3994 13⁶),
1198 3929 1259 3980 hara
1278 3928 1388 3992 Hortel,
1410 3929 1480 3994 praed
1501 3927 1580 3980 Simas.
1604 3929 1725 3995 delegeras
1749 3929 1786 3980 sul
1805 3929 1855 3980 etc.
1879 3929 1906 3979 ia
1924 3928 1978 3980 Pia.
1995 3933 2040 3992 16,
2059 3931 2095 3980 37

431 4025 606 4082 propomerat
725 4015 898 4084 2myfiticam
909 4017 947 4081 B,
969 4017 1102 4084 mysticam
1120 4015 1195 4066 001000·
1312 4013 1330 4065 4
1349 4015 1471 4066 scribtum
1484 4014 1510 4065 B
1583 4023 1727 4067 0001000000
1745 4015 1950 4068 inuoluticnibus
1967 4015 2093 4082 serpentis

434 4102 510 4170 spiris
527 4102 580 4154 AB
717 4102 734 4158 b
755 4100 841 4171 spiris]
866 4103 1073 4155 reuolutionibus
1091 4103 1155 4154 Uia
1172 4119 1222 4169 mg.
1310 4104 1434 4169 pertraxit
1454 4120 1511 4169 sup.
1528 4121 1544 4154 a
1563 4103 1598 4155 lit.
1622 4101 1702 4169 (arca.
1720 4101 1766 4169 ht)
1778 4102 1804 4154 B
1889 4103 2054 4154 descedentes
2068 4101 2093 4152 B

435 4185 629 4258 100010100οΒ
749 4188 999 4246 8000001011οοοΒ
1119 4185 1302 4248 901000οὥ10
1315 4188 1348 4252 Β,
1365 4189 1507 4244 absconditi
1525 4190 1601 4242 catari
1722 4185 1756 4246 111
1772 4190 1820 4242 deo
1833 4188 1874 4252 B,
1897 4189 2000 4244 domino
2018 4189 2094 4241 ceteri

434 4276 611 4343 euuangelicis
623 4276 649 4327 B
753 4273 784 4326 11
803 4276 925 4328 adseretis
934 4275 968 4340 Β,
985 4276 1097 4327 adsentis
1109 4272 1166 4336 AS,
1183 4274 1296 4325 absentis
1308 4272 1333 4324 12
1440 4272 1472 4325 12
1484 4285 1546 4341 post
1562 4276 1718 4327 accusabant
1731 4275 1838 4328 assensit
1850 4275 1981 4326 Isidos-ssa:
2006 4276 2093 4328 dolose

434 4362 556 4414 uidelicet
581 4362 631 4413 boc
656 4371 762 4430 agentes
789 4378 819 4414 ec
847 4362 915 4429 quod
940 4361 1100 4413 aduersarios
1128 4367 1312 4427 suspectosque
1339 4377 1403 4413 cana
1430 4363 1554 4413 canonica
1583 4361 1751 4428 synodalibus
1779 4361 1905 4413 clamante
1930 4363 1957 4412 in
1985 4363 2093 4414 decretis

436 4449 586 4514 auctoritate
604 4449 722 4512 insuam
745 4449 824 4516 recipi
845 4449 1033 4510 accusationem
1054 4447 1186 4524 episcopos
1209 4447 1313 4498 minime
1335 4448 1476 4514 oportuisse
1498 4464 1545 4499 uos
1568 4464 1620 4499 non
1640 4448 1759 4499 latuisset
1880 4444 1913 4510 134
1930 4447 1963 4500 ad
1980 4448 2093 4516 adstipu-

435 4535 556 4600 lationem
568 4533 665 4587 Hertel
732 4536 859 4587 dictorum
872 4534 905 4600 B,
923 4535 1055 4586 doctorum
1066 4532 1142 4584 cetera
1247 4528 1280 4582 11
1297 4530 1419 4602 appellet]
1437 4532 1665 4600 appellitBVLT,
1691 4533 1792 4602 repellit
1811 4530 1870 4600 (112
1888 4550 1946 4600 cap.
1964 4533 2021 4590 lia.)
2042 4534 2093 4598 ΟΡ,

434 4619 535 4687 repellit
552 4620 658 4688 adpellit
670 4619 723 4672 AB
791 4620 917 4672 rethorica
934 4619 1032 4671 codices
1101 4615 1191 4686 fibula]
1210 4619 1431 4685 argumentatione
1447 4605 1489 4667 l⁷²
1505 4635 1562 4684 cup.
1581 4618 1637 4682 lim,
1653 4619 1735 4670 fibula
1751 4620 1767 4670 1
1787 4636 1808 4671 e.
1827 4621 2049 4686 argumentatione
2066 4619 2094 4682 Τ,

434 4706 657 4774 argumentatione
679 4705 761 4756 fibula
777 4703 830 4755 AB
961 4701 994 4754 18
1015 4697 1160 4770 allegando]
1183 4703 1298 4754 addendo
1319 4699 1364 4752 V²
1381 4720 1438 4769 sup.
1457 4703 1515 4768 lim,
1537 4704 1652 4756 addendo
1674 4705 1809 4772 allegando
1822 4705 1874 4756 AB
2000 4702 2035 4756 20
2056 4706 2093 4756 in·

434 4790 575 4856 bicellccB‚
591 4790 732 4844 imbecilles
743 4791 802 4843 OPb
898 4786 933 4839 22
950 4789 1132 4840 dementissimi
1150 4789 1321 4855 magiaricum
1337 4789 1563 4842 clementissimiB
1657 4789 1692 4842 25
1709 4792 1831 4860 loquillae
1841 4792 1874 4856 B,
1891 4793 2094 4858 loquelaaaetera'

433 4872 468 4926 21
487 4876 635 4942 fatigatione
647 4876 680 4943 B,
698 4876 891 4944 fatigationibus
909 4875 984 4928 celei
1088 4871 1123 4925 28
1140 4875 1296 4926 subdedistis
1308 4872 1341 4939 B,
1359 4875 1468 4928 subditis
1481 4876 1505 4925 A
1610 4875 1645 4928 30
1662 4879 1795 4944 scribtioni
1811 4878 1836 4928 B

436 4999 715 5008 „-—--—-—---.-
862 4998 902 5004 —-·-
923 4998 970 5002 -·--
1226 4997 1257 5003 —-

538 5081 556 5142 d
574 5080 726 5148 Ptommts'o
743 5080 809 5148 rapis
825 5079 917 5147 (Tlsiel
933 5079 1003 5147 00101.
1019 5079 1176 5147 pentifarie
1189 5093 1251 5147 000.
1264 5081 1321 5148 671)
1339 5097 1360 5134 c.
1373 5088 1402 5134 a:
1425 5082 1542 5137 moleste
1560 5084 1677 5151 accepta
1695 5080 1857 5136 mutauere
1874 5097 1947 5150 quae
1965 5083 2034 5136 nata
2052 5084 2095 5136 est

435 5166 800 5237 camaracensem,
819 5167 868 5236 qui
886 5169 1001 5236 propter
1018 5165 1143 5231 turbam,
1166 5181 1239 5235 qnae
1257 5169 1307 5221 aut
1325 5184 1392 5222 casu
1409 5169 1548 5224 adtritio
1567 5169 1727 5238 aliquorum
1745 5167 1877 5238 contigit,
1900 5167 2004 5223 iterata
2021 5185 2094 5238 quae

436 5257 590 5324 coeperunt
606 5253 745 5323 reliquere
762 5252 876 5308 iudicia.

539 5341 572 5400 18
589 5361 623 5398 aa.
643 5341 712 5398 Aac
729 5339 825 5411 000001
840 5339 1003 5408 (11001000.
1018 5343 1084 5408 658)
1099 5355 1119 5394 a
1135 5349 1160 5394 1:
1186 5343 1254 5396 tium
1274 5359 1307 5396 ex
1325 5342 1441 5398 diversis
1460 5343 1612 5414 provinciis
1629 5343 1666 5398 ad
1685 5343 1781 5398 urbem
1806 5343 1922 5398 Romam
1945 5341 2095 5397 convenire

434 5425 591 5488 sacerdotes
614 5426 693 5497 regia
710 5426 898 5497 praecepisset
921 5425 1087 5490 auctoritas,
1111 5429 1144 5480 ut
1162 5425 1197 5481 de
1216 5427 1259 5482 his
1277 5445 1349 5497 qnae
1367 5430 1521 5485 venerabili
1538 5446 1630 5500 papae
1648 5429 1814 5498 Symmacho
1832 5427 2004 5499 apostolicas
2021 5428 2095 5483 sedis

434 5511 557 5583 00000011
575 5512 612 5572 ab
630 5513 796 5568 adversariis
814 5512 903 5584 ipsius
920 5512 1086 5568 dicebantur
1103 5511 1230 5583 inpingi,
1253 5517 1380 5569 00001000
1399 5516 1549 5571 concilium
1566 5515 1716 5571 indicaret:
1744 5515 1877 5585 Liguriae
1894 5514 2032 5569 Aemiliae
2049 5515 2094 5569 vel

434 5597 617 5654 venetiarum
629 5599 763 5671 episcopi,
781 5617 851 5670 quos
863 5598 900 5653 ad
912 5598 1100 5669 praesentiam
1112 5598 1247 5670 principis
1260 5601 1321 5671 ipse
1333 5601 1443 5658 itineris
1461 5603 1561 5659 duetus
1579 5603 1712 5668 adtraxit,
1731 5601 1919 5658 consuluimus
1932 5617 2025 5670 regem
2039 5601 2093 5671 (in-

434 5684 533 5740 cubuit
540 5685 690 5741 necessitas
700 5685 882 5753 consulendi),
894 5701 950 5754 qua
960 5702 1009 5739 nos
1018 5684 1151 5740 voluisset
1160 5688 1254 5742 aetate
1263 5687 1373 5753 fractos,
1387 5689 1534 5744 debilitate
1544 5687 1666 5761 corporis
1674 5687 1815 5746 invalidos
1824 5705 1907 5744 causa
1916 5687 2091 5760 congregari.
