4538 6436
438 389 498 448 114
1114 378 1239 434 nxnnv
1259 382 1363 450 (uror.
1381 389 1417 456 a).

437 579 633 644 camporum,
659 556 807 621 invenies
831 555 897 618 illic
921 554 1127 634 Deuterium,
1159 558 1213 642 qui
1236 559 1385 626 ubertate
1409 562 1594 646 linguarum
1619 557 1764 642 germina
1786 557 1845 621 tibi
1869 557 2091 642 multiplicatis

437 661 616 726 seminibus
647 667 680 725 et
711 659 863 725 sudorem
899 666 1124 723 remuneretur
1159 661 1342 746 inpensum.
1387 664 1476 729 disee
1512 665 1575 728 iam
1607 683 1692 726 nune
1726 660 1900 725 verborum
1929 660 2091 726 luxuriem

438 767 516 830 artis
539 765 624 830 falce
648 770 810 842 truncare,
839 771 874 826 ut
897 763 1043 826 novellus
1068 784 1186 849 cespes
1214 767 1275 831 sub
1304 767 1381 832 ferri
1409 767 1581 854 disciplina
1609 764 1763 851 proficiet.
1810 772 1977 828 resecetur
1999 766 2089 849 quio-

438 867 514 954 quid
538 867 714 932 infeeunda
737 867 906 953 palmitum
930 867 1047 930 umbra
1070 869 1305 944 transmiserit;
1329 869 1369 934 ad
1394 871 1497 936 solam
1517 889 1653 935 uvarum
1676 889 1768 954 spem
1787 868 1872 932 vites
1888 873 1965 932 tuae
1982 889 2090 931 ramos

389 972 630 1038 llextendant.
676 971 750 1036 talis
774 970 815 1034 ed
838 971 971 1059 genium
995 977 1085 1035 tuum
1110 971 1226 1036 redeas
1259 995 1395 1039 neeesse
1427 985 1488 1054 est,
1519 974 1594 1036 telis
1617 971 1657 1035 ad
1681 977 1758 1035 vote
1781 977 1893 1034 nostra
1915 972 2090 1057 respicias:
2155 991 2165 1022 ἢ

439 1083 473 1141 at
496 1098 567 1140 cum
592 1085 625 1140 tc
648 1073 790 1160 gravidis
816 1074 971 1138 scientiae
989 1074 1105 1138 culmis
1122 1078 1299 1150 ornaveris,
1324 1085 1400 1142 tunc
1417 1083 1449 1142 te
1466 1077 1621 1162 Magnum
1638 1075 1700 1140 diei
1717 1074 1892 1139 conveniet
1909 1074 2091 1140 Aratorem.

439 1180 592 1265 quocirca
615 1201 692 1264 spes
716 1179 748 1242 in
772 1184 804 1242 te
827 1177 964 1262 praemii
987 1178 1109 1242 nutriet
1131 1178 1236 1244 laudis
1259 1180 1420 1246 ardorem.
1462 1182 1528 1265 legi
1552 1181 1716 1265 quianon
1739 1185 1790 1242 est
1814 1177 1964 1242 fortunae
1989 1178 2092 1254 lusus,

439 1284 467 1346 si
496 1282 626 1367 quando
660 1283 745 1346 inter
771 1282 964 1360 feculentos,
997 1301 1136 1366 quorum
1164 1303 1225 1366 ego
1254 1284 1379 1370 primus
1410 1305 1492 1352 sum.
1529 1285 1739 1370 inperitorum
1767 1285 1886 1365 greges
1915 1281 2093 1366 profecerit

388 1386 613 1451 l3litteratus.
660 1407 723 1450 non
746 1391 874 1449 metuas
898 1406 1097 1470 pressuram,
1129 1407 1194 1471 qua
1216 1393 1394 1471 gravantur
1424 1389 1587 1452 instructi:
1623 1387 1696 1472 plus
1723 1384 1830 1449 laudis
1858 1384 1959 1448 habet
1981 1384 2092 1448 iacens

283 1487 427 1594 impugnari.
440 1491 557 1576 peritia
580 1511 676 1575 quam
701 1489 844 1552 eulmina
867 1487 1091 1554 rusticantum.
1136 1490 1233 1574 erigit
1256 1490 1369 1555 doctos
1394 1492 1595 1556 conscientia
1618 1512 1687 1568 sua,
1711 1496 1745 1554 et
1764 1490 1793 1552 si
1813 1487 1941 1572 quando
1958 1489 2092 1552 incertis
2157 1511 2169 1536 u

439 1604 621 1680 temporum
652 1592 784 1658 flatibus
813 1597 1029 1677 opponuntur,
1064 1594 1225 1659 sustinent
1254 1596 1350 1675 mala,
1379 1616 1462 1680 quae
1487 1595 1627 1660 saeculis
1651 1594 1756 1678 magis
1780 1600 1854 1656 suut
1876 1591 2094 1656 adscribenda

439 1719 535 1784 quam
558 1698 695 1762 meritis.

388 1809 426 1868 ll
549 1801 817 1866 Prosecutienem
846 1822 963 1880 meam,
995 1821 1091 1886 quam
1121 1821 1197 1865 vere
1222 1802 1374 1866 rusticam
1400 1802 1432 1866 in
1455 1800 1605 1865 Aratoris
1629 1798 1901 1864 conmendatiouc
1926 1801 2093 1862 contexui.

438 1905 528 1969 felici
551 1910 677 1968 tantum
701 1903 814 1968 dicunt
836 1904 937 1989 aliqui
959 1925 1120 1990 personae
1145 1904 1335 1980 blanditam,
1369 1906 1421 1970 eui
1448 1906 1593 1968 favorem
1622 1903 1662 1970 de
1693 1905 1796 1990 patris
1827 1910 1993 1988 potestate
2016 1924 2094 1967 con-

440 2009 529 2072 ciliet
551 2007 762 2072 dilectionem
785 2008 924 2072 mentita
952 2009 1143 2082 necessitas,
1174 2009 1207 2072 in
1231 2009 1323 2072 cuius
1352 2007 1457 2072 laudis
1483 2007 1663 2072 ministerio
1693 2007 1773 2072 vivis
1804 2013 1837 2072 et
1863 2006 2094 2092 praesentibus
2159 2045 2162 2054 ·

440 2119 566 2176 tautum
591 2111 737 2175 servieus
761 2111 974 2196 temporalem
1004 2111 1160 2175 exhibeat
1187 2113 1299 2196 lingue
1327 2113 1536 2184 famulatum,
1566 2132 1650 2195 quae
1679 2111 1829 2195 quotiens
1858 2111 1891 2174 iu
1914 2111 2096 2194 aliquomm

441 2216 613 2300 praeconio
634 2214 751 2280 fucatis
774 2215 947 2280 verborum
974 2215 1171 2299 imaginibus
1188 2216 1281 2296 ludit,
1305 2216 1429 2280 fortiori
1445 2214 1550 2279 studio
1569 2221 1762 2299 conceptum
1780 2214 1899 2278 mentis
1916 2212 2096 2276 abscondit.

392 2324 429 2384 15
443 2338 508 2383 nou
527 2338 689 2404 uunquam
714 2317 800 2382 enim
825 2316 929 2382 doctis
953 2319 1068 2382 tribuit
1090 2319 1184 2382 stilus
1201 2319 1444 2404 profundiorem
1461 2319 1692 2402 cogitationum
1710 2317 1878 2394 latebram,
1903 2317 1930 2380 si
1945 2316 2098 2380 dulcibus

442 2443 539 2486 aures
573 2442 637 2486 non
668 2421 753 2486 bene
785 2428 970 2486 merentum
1002 2423 1155 2486 fomentis
1188 2423 1351 2488 inlexerit.
1397 2422 1454 2486 sed
1486 2428 1733 2506 sequestrentur
1755 2442 1775 2486 a
1797 2426 1907 2484 nostro
1937 2420 2016 2484 talia
2047 2419 2095 2483 in-

444 2526 557 2590 stituta
584 2524 761 2610 proposito.
806 2546 867 2589 nos
891 2532 925 2590 et
948 2526 1031 2590 scire
1058 2526 1140 2590 hacc
1171 2527 1324 2591 convenit
1354 2532 1387 2589 et
1415 2525 1532 2590 odisse.
1579 2525 1706 2589 cautius
1730 2525 1816 2588 enim
1840 2547 1859 2588 e
1880 2523 2098 2608 prudentibus
2148 2537 2159 2575 2

443 2636 521 2693 nota
544 2650 640 2714 quam
665 2629 832 2712 inopinata
854 2629 1030 2713 fugiuntur.
1077 2628 1156 2692 mibi
1179 2627 1221 2693 ad
1243 2629 1448 2693 laudationes
1472 2628 1650 2694 amicorum
1674 2628 1735 2692 uisi
1758 2647 1850 2692 amor
1871 2626 1975 2691 verba
1990 2633 2097 2690 trans-

444 2732 578 2813 miserit,
603 2753 686 2817 quae
709 2732 742 2794 in
765 2732 990 2816 penetralibus
1013 2731 1232 2797 eonscientiae
1256 2733 1391 2798 caritate
1414 2733 1572 2816 magistra
1593 2732 1769 2812 dictantur,
1794 2731 1881 2795 inter
1904 2731 2099 2795 relationum

393 2836 514 2905 idries
538 2835 599 2899 sub
623 2836 712 2899 fasee
737 2837 880 2920 suseepti
904 2836 1012 2922 operis
1035 2836 1213 2920 palpitabo.
1259 2857 1338 2920 ergo
1362 2836 1501 2900 classico
1525 2857 1609 2914 meo,
1634 2836 1685 2898 eui
1709 2834 1872 2918 proprium
1894 2834 1965 2898 sine
1983 2833 2099 2898 fraude

444 2939 577 3004 servivit
599 2939 777 3024 ingenium,
808 2940 934 3004 indices
958 2939 1055 3004 animi
1080 2941 1144 3003 mei
1168 2940 1329 3004 dictiones
1353 2941 1457 3019 attuli,
1490 2940 1567 3025 quia
1595 2940 1664 3003 aine
1693 2938 1891 3003 adulationis
1915 2938 2098 3024 suspicione

445 3051 496 3108 est
525 3044 611 3108 inter
637 3044 794 3128 aequales
825 3043 968 3108 amicitia
995 3065 1168 3128 personas,
1200 3051 1234 3108 et
1264 3049 1340 3108 tunc
1371 3042 1437 3108 fida
1465 3043 1658 3127 diligentum
1693 3042 1862 3106 sinceritas
1888 3041 2099 3126 adprobatur,
2150 3053 2172 3092 ‘2³

444 3147 595 3232 quotiens
630 3168 693 3210 non
722 3147 812 3212 venit
839 3168 859 3210 a
891 3152 1054 3232 potestate
1085 3145 1171 3231 quod
1200 3155 1338 3211 metuas.
1390 3146 1468 3211 mibi
1505 3145 1663 3212 classicus
1697 3167 1761 3210 non
1793 3153 1938 3210 meretur
1965 3145 2099 3232 inperiis

394 3249 598 3334 liquicquid
620 3271 685 3314 uon
709 3251 835 3335 inponit
857 3251 1025 3334 obsequio.
1071 3250 1180 3314 ferunt
1203 3256 1311 3314 tamen
1336 3249 1446 3334 aliqui,
1478 3249 1556 3314 orbo
1589 3249 1780 3335 parentibus
1811 3248 1901 3314 fideli
1929 3249 2099 3334 auspicato

445 3353 616 3438 gymnasia
651 3354 831 3418 litterarum
869 3375 1042 3441 personam
1079 3353 1268 3438 religiosam
1303 3353 1455 3418 debuisse
1488 3353 1594 3436 magis
1629 3353 1728 3417 verba
1761 3359 1938 3437 praestare.
1986 3353 2099 3416 orbum

445 3456 636 3541 parentibus
669 3456 747 3537 dixi,
777 3459 828 3521 eui
856 3479 916 3543 per
944 3457 1053 3521 felicia
1083 3464 1218 3520 naturae
1250 3457 1368 3522 damna
1397 3457 1576 3522 communie
1606 3465 1701 3541 peter
1729 3463 1762 3522 et
1791 3457 1965 3542 episcopus
1996 3457 2100 3519 lactus

445 3567 497 3623 cst
519 3561 679 3645 proprius.
724 3561 780 3626 ille
805 3561 998 3624 afflictorum
1023 3560 1213 3638 consolati0,
1237 3561 1426 3646 ieiunorum,
1445 3559 1548 3638 cibus,
1581 3581 1753 3625 caecorum
1777 3561 1902 3638 oculus,
1925 3580 1985 3644 pes
2010 3561 2099 3623 clau·
2151 3594 2154 3606 .

446 3663 572 3741 dorum,
596 3669 643 3727 tot
659 3665 792 3749 pietatis
809 3685 888 3728 suae
906 3665 1045 3749 species,
1069 3670 1118 3727 tot
1140 3663 1438 3728 misericordiarum
1456 3662 1576 3747 gradus
1593 3663 1634 3726 ad
1650 3663 1745 3728 huius
1763 3665 1923 3728 convertit
1940 3684 2101 3748 personae

397 3778 433 3838 18
447 3767 640 3852 profectum.
686 3774 719 3836 et
742 3768 822 3832 illud
845 3767 956 3831 domni
979 3767 1136 3831 Laurenti
1167 3766 1252 3851 quod
1282 3767 1393 3830 muudi
1417 3766 1669 3832 necessitatibus
1693 3767 1854 3830 succurrit
1875 3765 2044 3851 ingenium
2070 3766 2101 3830 iu

447 3871 628 3935 ministerio
652 3870 748 3936 buius
772 3877 946 3936 exercetur
970 3869 1131 3935 infantuli.
1179 3871 1230 3934 cui
1254 3871 1329 3934 talis
1353 3891 1417 3934 non
1442 3871 1493 3950 sit,
1517 3877 1552 3934 ut
1573 3891 1651 3934 vere
1674 3869 1822 3946 dixerim,
1847 3871 1993 3954 gratiosa
2015 3869 2101 3932 cala-

448 3974 565 4037 mitasi
590 3995 686 4059 quem
711 3995 775 4037 non
798 3974 887 4038 iuvet
911 3975 1059 4040 amisisse
1084 3980 1221 4059 patrem,
1245 3974 1305 4038 sub
1329 3975 1459 4040 lucrosa
1480 3972 1733 4038 commutatione
1755 3975 1781 4037 si
1798 3974 1898 4039 talem
1915 3973 2103 4038 conceditur

446 4077 633 4142 invenisse?
668 4077 749 4142 tanti
778 4077 837 4140 viri
867 4077 1019 4162 insignia,
1049 4098 1132 4162 quae
1160 4077 1298 4162 implere
1330 4097 1467 4162 nequeo,
1495 4098 1555 4162 par
1583 4077 1718 4162 profana
1746 4077 1847 4142 verba
1874 4098 1939 4142 non
1966 4084 2102 4141 temero.
2152 4109 2167 4122 ··

398 4180 520 4264 19ipse
545 4186 606 4260 est,
639 4181 731 4244 cuius
755 4187 804 4248 est
826 4181 930 4246 duleis
954 4182 1133 4246 auctoritas
1161 4189 1219 4246 aut
1248 4181 1380 4248 horrida
1409 4181 1556 4256 dulcedo,
1587 4182 1642 4268 qui
1672 4183 1861 4265 magistrum
1889 4183 1922 4244 in
1953 4181 2103 4258 ecelesia,

449 4283 639 4367 magistrum
663 4283 695 4346 in
718 4281 825 4361 demo,
858 4285 1049 4369 magistrum
1071 4286 1105 4349 in
1129 4285 1288 4358 convivio,
1316 4286 1508 4369 magistrum
1539 4284 1643 4370 inplet
1670 4286 1702 4348 in
1731 4284 1823 4364 iocis,
1851 4284 1906 4368 qui
1928 4305 2103 4369 numquam

449 4387 527 4452 lacit
550 4387 637 4472 quod
661 4393 837 4472 sequentes
865 4388 947 4451 nolit
973 4388 1103 4468 imitari,
1131 4388 1223 4456 cuius
1252 4388 1293 4452 ad
1323 4409 1465 4473 unguem
1496 4389 1600 4474 polita
1630 4390 1834 4454 conversatio
1865 4389 2008 4452 caeleste
2042 4387 2105 4451 iter

448 4490 626 4576 discipulis,
650 4489 726 4554 dum
749 4491 881 4571 incedit,
905 4490 1059 4558 ostendit.
1098 4492 1203 4556 minor
1226 4492 1313 4556 enim
1336 4493 1407 4556 laus
1432 4498 1484 4555 est
1505 4491 1625 4556 docere
1644 4492 1740 4573 bene,
1762 4492 1824 4555 nisi
1840 4512 1939 4577 opere
1956 4489 2104 4555 docenda

452 4643 546 4652 .---—
561 4645 575 4649 -

554 4749 567 4799 l
588 4750 764 4818 multiplicasti
781 4751 985 4802 simanabusB⁰
1078 4749 1278 4804 2lux0rismB
1378 4749 1395 4800 3
1413 4751 1532 4802 nobellus
1549 4749 1664 4817 cispisB
1762 4747 1779 4800 4
1797 4751 1881 4801 niteas
1891 4750 1925 4814 B,
1942 4751 2004 4802 uitis
2019 4747 2106 4801 Vir!

450 4839 604 4890 bextcndet
617 4878 622 4889 .
636 4853 739 4889 necesse
758 4836 815 4903 (orn.
834 4838 911 4889 talis.
927 4878 932 4889 .
946 4877 951 4888 .
966 4837 1065 4904 redeas)
1078 4837 1103 4888 Β
1207 4827 1419 4904 tigraubdisBi‘
1488 4837 1620 4889 ornaberis
1636 4835 1711 4886 VLT
1776 4837 1917 4888 nonucniet
1934 4835 2068 4904 (catapan)
2082 4835 2107 4886 Β

449 4933 574 4978 aratorem
589 4923 593 4990 Ι
609 4924 661 4991 legi
672 4921 720 4988 131,
738 4926 861 4989 quocirca
878 4963 985 4974 ......
1005 4925 1122 4976 ardorem
1139 4925 1167 4974 in
1183 4941 1231 4989 mg.
1244 4924 1292 4991 ias.
1306 4924 1390 4989 mppl.
1404 4923 1429 4972 Β
1434 4922 1449 4958 ³
1569 4921 1586 4974 8
1604 4925 1737 4989 proficeret
1754 4921 1914 4974 litteratiori
2035 4920 2052 4971 9
2070 4923 2106 4972 iu·

450 5011 564 5063 starusti
583 5011 639 5076 (-cti
651 5029 719 5063 corr.
730 5029 764 5062 m.
779 5007 802 5076 1)
814 5010 840 5060 Β
901 5011 960 5076 plus
973 5010 1005 5074 B,
1022 5029 1070 5062 om.
1088 5010 1139 5074 Vh,
1159 5012 1242 5076 magis
1258 5009 1334 5061 TOet
1344 5009 1422 5061 Siras.
1527 5007 1561 5059 10
1579 5009 1660 5074 eriget
1673 5009 1763 5059 doctus
1775 5007 1801 5058 Β
1906 5005 1935 5057 ll
1957 5009 2054 5059 saeculi
2067 5006 2106 5058 B¹

452 5095 484 5148 13
500 5097 561 5148 iude
583 5099 616 5148 ab
637 5097 719 5149 cerdic
741 5098 945 5164 prosecutionem
1047 5115 1140 5149 novam
1162 5098 1286 5166 orationis
1306 5106 1410 5163 partem
1427 5099 1506 5163 incipi
1523 5098 1551 5148 in
1572 5097 1688 5148 manum
1711 5096 1838 5147 codicibus
1857 5096 1946 5147 litteris
1963 5097 2108 5146 vandalicas

449 5184 609 5251 significatio·
739 5179 773 5234 16
790 5183 986 5234 exbibetSirm.
1116 5181 1149 5234 l'l
1167 5185 1264 5250 fugatis
1281 5183 1320 5232 Va
1453 5181 1485 5234 18
1503 5199 1697 5248 nonnumquam
1713 5182 1738 5231 V
1821 5183 2015 5249 profundiorum
2030 5181 2106 5233 Sirm.

452 5267 484 5320 19
502 5271 656 5321 merentium
668 5268 745 5321 Sirra.
817 5277 1011 5335 sequestrantur
1028 5269 1069 5318 V⁰
1182 5269 1216 5321 20
1233 5277 1326 5322 cautus
1340 5269 1366 5320 B
1477 5267 1512 5320 22
1530 5269 1732 5336 penetrabilibus
1750 5267 1848 5318 codices
1960 5263 1996 5316 23
2014 5264 2106 5334 operis]

450 5356 535 5408 oneris
548 5355 627 5408 Sirra.
723 5357 860 5424 palpetabo
873 5355 917 5406 ΒΰΙ
1058 5353 1093 5406 24
1110 5355 1251 5408 indecesB
1389 5353 1424 5406 25
1441 5355 1595 5422 aequalisB
1696 5354 1852 5422 adprobator
1863 5352 1897 5418 B,
1913 5355 2075 5422 approbatur
2089 5353 2113 5402 V
2223 5386 2230 5392 -

450 5439 484 5492 27
501 5443 607 5509 inponet
618 5441 643 5492 B
746 5439 781 5494 28
799 5443 932 5510 gamuneis
946 5441 980 5506 B,
996 5442 1125 5508 gimnasia
1140 5441 1165 5490 V
1225 5449 1354 5508 praestare
1367 5441 1400 5505 B,
1418 5450 1566 5509 presentare
1583 5442 1659 5493 ceteri
1762 5438 1796 5490 29
1814 5440 1893 5491 filieia
1907 5439 1933 5489 B
2002 5437 2109 5504 ldamua

451 5530 598 5593 conmunis;
622 5530 705 5581 orabit
728 5538 813 5583 cetera
834 5531 921 5582 omnia
933 5530 959 5581 B
976 5531 1063 5582 accub
1084 5530 1178 5581 relictis
1196 5537 1219 5580 et
1238 5529 1350 5580 eiusdem
1363 5529 1479 5595 paginae
1498 5527 1556 5596 (fol.
1570 5531 1602 5579 81
1608 5527 1637 5592 a)
1656 5533 1777 5592 qrcamtor
1795 5525 1908 5591 amplius
1926 5527 2000 5578 lisicia
2017 5535 2040 5577 et
2058 5533 2110 5576 toto

447 5616 549 5682 papiae
566 5633 659 5667 auerte
669 5655 675 5668 .
685 5616 790 5667 Foliam
804 5619 838 5667 82
855 5617 944 5682 incipit
960 5617 993 5666 cd
1010 5616 1119 5680 φίειιιία
1137 5615 1249 5680 eeqummi
1266 5614 1302 5665 ad
1314 5614 1457 5666 Lucceium
1475 5615 1539 5669 dota
1640 5612 1675 5664 32
1693 5613 1814 5668 laurentii
1828 5612 1888 5664 libri
1983 5609 2017 5662 34
2035 5613 2109 5667 arnis·

451 5703 515 5759 sess
530 5702 575 5756 VL
644 5701 749 5759 luc'rusa
764 5701 805 5751 Va
908 5699 942 5756 39
960 5703 1056 5757 incedit
1070 5697 1140 5768 7¹20,
1157 5701 1247 5752 incidit
1261 5697 1350 5754 rw
