<?xml version="1.0" encoding="UTF-8"?>
<!DOCTYPE html PUBLIC "-//W3C//DTD XHTML 1.0 Transitional//EN"
    "http://www.w3.org/TR/xhtml1/DTD/xhtml1-transitional.dtd">
<html xmlns="http://www.w3.org/1999/xhtml" xml:lang="en" lang="en">
 <head>
  <title>
</title>
<meta http-equiv="Content-Type" content="text/html;charset=utf-8" />
  <meta name='ocr-system' content='tesseract 3.04.00' />
  <meta name='ocr-capabilities' content='ocr_page ocr_carea ocr_par ocr_line ocrx_word'/>
</head>
<body>
  <div class='ocr_page' id='page_1' title='image "./monumentagerman06mittgoog_0036.png"; bbox 0 0 4612 6442; ppageno 0'>
   <div class='ocr_carea' id='block_1_1' title="bbox 729 403 1864 472">
    <p class='ocr_par' dir='ltr' id='par_1_1' title="bbox 729 403 1864 472">
     <span class='ocr_line' id='line_1_1' title="bbox 729 403 1864 472; baseline 0.011 -12"><span class='ocrx_word' id='word_1_1' title='bbox 729 407 750 462; x_wconf 90' lang='lat' dir='ltr'>l.</span> <span class='ocrx_word' id='word_1_2' title='bbox 778 405 824 461; x_wconf 78' lang='lat' dir='ltr'>uu</span> <span class='ocrx_word' id='word_1_3' title='bbox 845 405 932 460; x_wconf 76' lang='lat' dir='ltr'>VITA</span> <span class='ocrx_word' id='word_1_4' title='bbox 952 403 1000 460; x_wconf 72' lang='lat' dir='ltr'>uu</span> <span class='ocrx_word' id='word_1_5' title='bbox 1019 404 1179 464; x_wconf 74' lang='lat' dir='ltr'>scurrus</span> <span class='ocrx_word' id='word_1_6' title='bbox 1198 408 1349 466; x_wconf 75' lang='lat' dir='ltr'>ENNODI.</span> <span class='ocrx_word' id='word_1_7' title='bbox 1760 415 1864 472; x_wconf 83' lang='lat' dir='ltr'>XXVll</span> 
     </span>
    </p>
   </div>
   <div class='ocr_carea' id='block_1_2' title="bbox 520 581 1542 652">
    <p class='ocr_par' dir='ltr' id='par_1_2' title="bbox 520 581 1542 652">
     <span class='ocr_line' id='line_1_2' title="bbox 520 581 1542 652; baseline 0.002 -4"><span class='ocrx_word' id='word_1_8' title='bbox 520 581 708 648; x_wconf 81' lang='lat' dir='ltr'>Ennodiaa:</span> <span class='ocrx_word' id='word_1_9' title='bbox 1400 585 1542 652; x_wconf 80' lang='lat' dir='ltr'>Paulos:</span> 
     </span>
    </p>
   </div>
   <div class='ocr_carea' id='block_1_3' title="bbox 213 681 1870 996">
    <p class='ocr_par' dir='ltr' id='par_1_3' title="bbox 213 681 1870 996">
     <span class='ocr_line' id='line_1_3' title="bbox 213 681 1870 797; baseline 0.001 -23"><span class='ocrx_word' id='word_1_10' title='bbox 213 734 244 797; x_wconf 89' lang='lat' dir='ltr'>p.</span> <span class='ocrx_word' id='word_1_11' title='bbox 252 711 344 786; x_wconf 69' lang='lat' dir='ltr'>salo</span> <span class='ocrx_word' id='word_1_12' title='bbox 367 705 440 770; x_wconf 89' lang='lat' dir='ltr'>hinc</span> <span class='ocrx_word' id='word_1_13' title='bbox 476 705 632 790; x_wconf 74' lang='lat' dir='ltr'><strong>utrimque</strong></span> <span class='ocrx_word' id='word_1_14' title='bbox 669 703 761 787; x_wconf 75' lang='lat' dir='ltr'>linter</span> <span class='ocrx_word' id='word_1_15' title='bbox 795 701 950 788; x_wconf 90' lang='lat' dir='ltr'>Nepotem</span> <span class='ocrx_word' id='word_1_16' title='bbox 985 712 1016 766; x_wconf 89' lang='lat' dir='ltr'>ct</span> <span class='ocrx_word' id='word_1_17' title='bbox 1068 681 1178 770; x_wconf 79' lang='lat' dir='ltr'>x&#39;vt</span> <span class='ocrx_word' id='word_1_18' title='bbox 1223 727 1294 768; x_wconf 91' lang='lat' dir='ltr'>cum</span> <span class='ocrx_word' id='word_1_19' title='bbox 1322 705 1402 768; x_wconf 89' lang='lat' dir='ltr'>inter</span> <span class='ocrx_word' id='word_1_20' title='bbox 1423 706 1577 794; x_wconf 85' lang='lat' dir='ltr'>Nepotem</span> <span class='ocrx_word' id='word_1_21' title='bbox 1606 717 1637 772; x_wconf 91' lang='lat' dir='ltr'>et</span> <span class='ocrx_word' id='word_1_22' title='bbox 1660 708 1809 774; x_wconf 85' lang='lat' dir='ltr'>Euricum</span> <span class='ocrx_word' id='word_1_23' title='bbox 1833 711 1870 776; x_wconf 93' lang='lat' dir='ltr'>li·</span> 
     </span>
     <span class='ocr_line' id='line_1_4' title="bbox 367 805 1655 893; baseline 0.002 -19"><span class='ocrx_word' id='word_1_24' title='bbox 367 808 529 893; x_wconf 85' lang='lat' dir='ltr'>Euricum]</span> <span class='ocrx_word' id='word_1_25' title='bbox 557 808 657 872; x_wconf 90' lang='lat' dir='ltr'>litium</span> <span class='ocrx_word' id='word_1_26' title='bbox 674 815 854 892; x_wconf 84' lang='lat' dir='ltr'>coeperunt</span> <span class='ocrx_word' id='word_1_27' title='bbox 879 805 1015 870; x_wconf 86' lang='lat' dir='ltr'>fomenta</span> <span class='ocrx_word' id='word_1_28' title='bbox 1223 808 1301 872; x_wconf 92' lang='lat' dir='ltr'>tium</span> <span class='ocrx_word' id='word_1_29' title='bbox 1326 808 1462 874; x_wconf 85' lang='lat' dir='ltr'>fomenta</span> <span class='ocrx_word' id='word_1_30' title='bbox 1484 811 1655 876; x_wconf 86' lang='lat' dir='ltr'>crevissent</span> 
     </span>
     <span class='ocr_line' id='line_1_5' title="bbox 367 933 555 996; baseline 0.005 -21"><span class='ocrx_word' id='word_1_31' title='bbox 367 933 555 996; x_wconf 85' lang='lat' dir='ltr'>consurgere</span> 
     </span>
    </p>
   </div>
   <div class='ocr_carea' id='block_1_4' title="bbox 213 1027 1869 1202">
    <p class='ocr_par' dir='ltr' id='par_1_4' title="bbox 213 1027 1869 1202">
     <span class='ocr_line' id='line_1_6' title="bbox 213 1027 1869 1125; baseline -0.001 -23"><span class='ocrx_word' id='word_1_32' title='bbox 213 1039 319 1125; x_wconf 69' lang='lat' dir='ltr'>poso</span> <span class='ocrx_word' id='word_1_33' title='bbox 365 1035 508 1098; x_wconf 87' lang='lat' dir='ltr'>Orestem</span> <span class='ocrx_word' id='word_1_34' title='bbox 538 1031 578 1096; x_wconf 89' lang='lat' dir='ltr'>ad</span> <span class='ocrx_word' id='word_1_35' title='bbox 607 1053 674 1095; x_wconf 89' lang='lat' dir='ltr'>eam</span> <span class='ocrx_word' id='word_1_36' title='bbox 703 1029 872 1114; x_wconf 76' lang='lat' dir='ltr'>[Ticinum]</span> <span class='ocrx_word' id='word_1_37' title='bbox 902 1028 1015 1093; x_wconf 83' lang='lat' dir='ltr'>fiducia</span> <span class='ocrx_word' id='word_1_38' title='bbox 1068 1027 1180 1094; x_wconf 80' lang='lat' dir='ltr'>Xth</span> <span class='ocrx_word' id='word_1_39' title='bbox 1225 1031 1355 1096; x_wconf 85' lang='lat' dir='ltr'>Orestes</span> <span class='ocrx_word' id='word_1_40' title='bbox 1377 1033 1458 1098; x_wconf 88' lang='lat' dir='ltr'>intra</span> <span class='ocrx_word' id='word_1_41' title='bbox 1472 1033 1616 1104; x_wconf 75' lang='lat' dir='ltr'>Ticinum</span> <span class='ocrx_word' id='word_1_42' title='bbox 1639 1058 1672 1098; x_wconf 89' lang='lat' dir='ltr'>se</span> <span class='ocrx_word' id='word_1_43' title='bbox 1687 1037 1869 1102; x_wconf 88' lang='lat' dir='ltr'>munitionis</span> 
     </span>
     <span class='ocr_line' id='line_1_7' title="bbox 368 1133 1518 1202; baseline 0.001 -1"><span class='ocrx_word' id='word_1_44' title='bbox 368 1135 550 1202; x_wconf 88' lang='lat' dir='ltr'>munitionis</span> <span class='ocrx_word' id='word_1_45' title='bbox 574 1135 687 1199; x_wconf 86' lang='lat' dir='ltr'>invitat</span> <span class='ocrx_word' id='word_1_46' title='bbox 728 1139 729 1142; x_wconf 69' lang='grc'>’</span> <span class='ocrx_word' id='word_1_47' title='bbox 1223 1133 1337 1202; x_wconf 84' lang='lat' dir='ltr'>fidncia</span> <span class='ocrx_word' id='word_1_48' title='bbox 1360 1136 1518 1202; x_wconf 76' lang='lat' dir='ltr'>concludit</span> 
     </span>
    </p>
   </div>
   <div class='ocr_carea' id='block_1_5' title="bbox 213 1253 1870 1530">
    <p class='ocr_par' dir='ltr' id='par_1_5' title="bbox 213 1253 1870 1530">
     <span class='ocr_line' id='line_1_8' title="bbox 213 1253 1870 1350; baseline -0.002 -24"><span class='ocrx_word' id='word_1_49' title='bbox 213 1287 243 1350; x_wconf 91' lang='lat' dir='ltr'>p.</span> <span class='ocrx_word' id='word_1_50' title='bbox 251 1263 344 1339; x_wconf 76' lang='lat' dir='ltr'>aare</span> <span class='ocrx_word' id='word_1_51' title='bbox 367 1256 508 1322; x_wconf 77' lang='lat' dir='ltr'>dediticii</span> <span class='ocrx_word' id='word_1_52' title='bbox 530 1256 683 1320; x_wconf 82' lang='lat' dir='ltr'>exercitus</span> <span class='ocrx_word' id='word_1_53' title='bbox 707 1304 784 1320; x_wconf 93' lang='lat'>....</span> <span class='ocrx_word' id='word_1_54' title='bbox 806 1255 889 1319; x_wconf 79' lang='lat' dir='ltr'>Tufa</span> <span class='ocrx_word' id='word_1_55' title='bbox 981 1277 1014 1316; x_wconf 89' lang='lat' dir='ltr'>sc</span> <span class='ocrx_word' id='word_1_56' title='bbox 1068 1253 1139 1320; x_wconf 87' lang='lat' dir='ltr'>XV</span> <span class='ocrx_word' id='word_1_57' title='bbox 1162 1256 1200 1322; x_wconf 85' lang='grc'>16</span> <span class='ocrx_word' id='word_1_58' title='bbox 1224 1255 1388 1322; x_wconf 78' lang='lat' dir='ltr'>dediticius</span> <span class='ocrx_word' id='word_1_59' title='bbox 1411 1259 1564 1323; x_wconf 86' lang='lat' dir='ltr'>exercitus</span> <span class='ocrx_word' id='word_1_60' title='bbox 1584 1259 1680 1326; x_wconf 84' lang='lat' dir='ltr'>Tuffa</span> <span class='ocrx_word' id='word_1_61' title='bbox 1702 1260 1870 1344; x_wconf 79' lang='lat' dir='ltr'>instigante</span> 
     </span>
     <span class='ocr_line' id='line_1_9' title="bbox 367 1356 1784 1449; baseline 0.001 -23"><span class='ocrx_word' id='word_1_62' title='bbox 367 1361 539 1448; x_wconf 84' lang='lat' dir='ltr'>desperatis</span> <span class='ocrx_word' id='word_1_63' title='bbox 556 1357 758 1444; x_wconf 74' lang='lat' dir='ltr'>[Odovacris]</span> <span class='ocrx_word' id='word_1_64' title='bbox 782 1359 923 1445; x_wconf 87' lang='lat' dir='ltr'>partibus</span> <span class='ocrx_word' id='word_1_65' title='bbox 947 1356 1016 1422; x_wconf 85' lang='lat' dir='ltr'>red·</span> <span class='ocrx_word' id='word_1_66' title='bbox 1223 1359 1400 1426; x_wconf 83' lang='lat' dir='ltr'>(ldovacris</span> <span class='ocrx_word' id='word_1_67' title='bbox 1425 1385 1458 1425; x_wconf 88' lang='lat' dir='ltr'>se</span> <span class='ocrx_word' id='word_1_68' title='bbox 1481 1361 1623 1449; x_wconf 88' lang='lat' dir='ltr'>partibus</span> <span class='ocrx_word' id='word_1_69' title='bbox 1646 1361 1784 1427; x_wconf 73' lang='lat' dir='ltr'>reddidit</span> 
     </span>
     <span class='ocr_line' id='line_1_10' title="bbox 368 1465 454 1530; baseline -0.012 0"><span class='ocrx_word' id='word_1_70' title='bbox 368 1465 454 1530; x_wconf 90' lang='lat' dir='ltr'>deret</span> 
     </span>
    </p>
   </div>
   <div class='ocr_carea' id='block_1_6' title="bbox 209 1598 1869 2002">
    <p class='ocr_par' dir='ltr' id='par_1_6' title="bbox 212 1598 1868 1800">
     <span class='ocr_line' id='line_1_11' title="bbox 212 1598 1868 1690; baseline -0.004 -16"><span class='ocrx_word' id='word_1_71' title='bbox 212 1610 261 1674; x_wconf 89' lang='lat' dir='ltr'>bis</span> <span class='ocrx_word' id='word_1_72' title='bbox 290 1605 412 1684; x_wconf 83' lang='lat' dir='ltr'>collatis</span> <span class='ocrx_word' id='word_1_73' title='bbox 440 1603 502 1668; x_wconf 87' lang='lat' dir='ltr'>iarn</span> <span class='ocrx_word' id='word_1_74' title='bbox 530 1610 654 1666; x_wconf 79' lang='lat' dir='ltr'>constat</span> <span class='ocrx_word' id='word_1_75' title='bbox 680 1600 814 1666; x_wconf 88' lang='lat' dir='ltr'>Paulum</span> <span class='ocrx_word' id='word_1_76' title='bbox 843 1623 900 1666; x_wconf 87' lang='lat' dir='ltr'>sua</span> <span class='ocrx_word' id='word_1_77' title='bbox 927 1598 1039 1664; x_wconf 84' lang='lat' dir='ltr'>debere</span> <span class='ocrx_word' id='word_1_78' title='bbox 1070 1610 1123 1665; x_wconf 89' lang='lat' dir='ltr'>aut</span> <span class='ocrx_word' id='word_1_79' title='bbox 1152 1601 1348 1688; x_wconf 88' lang='lat' dir='ltr'>cornpilatori</span> <span class='ocrx_word' id='word_1_80' title='bbox 1376 1601 1500 1668; x_wconf 91' lang='lat' dir='ltr'>cuidam</span> <span class='ocrx_word' id='word_1_81' title='bbox 1529 1603 1654 1668; x_wconf 83' lang='lat' dir='ltr'>Euuodi</span> <span class='ocrx_word' id='word_1_82' title='bbox 1683 1613 1752 1682; x_wconf 89' lang='lat' dir='ltr'>aut,</span> <span class='ocrx_word' id='word_1_83' title='bbox 1784 1604 1868 1690; x_wconf 77' lang='lat' dir='ltr'>qrrrrd</span> 
     </span>
     <span class='ocr_line' id='line_1_12' title="bbox 213 1705 745 1800; baseline -0.017 -21"><span class='ocrx_word' id='word_1_84' title='bbox 213 1711 355 1800; x_wconf 81' lang='lat' dir='ltr'>equidem</span> <span class='ocrx_word' id='word_1_85' title='bbox 379 1706 480 1786; x_wconf 88' lang='lat' dir='ltr'>credo,</span> <span class='ocrx_word' id='word_1_86' title='bbox 503 1707 564 1794; x_wconf 88' lang='lat' dir='ltr'>ipsi</span> <span class='ocrx_word' id='word_1_87' title='bbox 588 1705 745 1772; x_wconf 82' lang='lat' dir='ltr'>Ennodio</span> 
     </span>
    </p>

    <p class='ocr_par' dir='ltr' id='par_1_7' title="bbox 209 1809 1869 2002">
     <span class='ocr_line' id='line_1_13' title="bbox 315 1809 1869 1898; baseline -0.001 -20"><span class='ocrx_word' id='word_1_88' title='bbox 315 1815 410 1878; x_wconf 88' lang='lat' dir='ltr'>Nono</span> <span class='ocrx_word' id='word_1_89' title='bbox 432 1812 556 1878; x_wconf 89' lang='lat' dir='ltr'>saeculo</span> <span class='ocrx_word' id='word_1_90' title='bbox 584 1809 708 1875; x_wconf 81' lang='lat' dir='ltr'>Enucdi</span> <span class='ocrx_word' id='word_1_91' title='bbox 736 1811 836 1896; x_wconf 87' lang='lat' dir='ltr'>gloria</span> <span class='ocrx_word' id='word_1_92' title='bbox 864 1818 1025 1896; x_wconf 78' lang='lat' dir='ltr'>tantopere</span> <span class='ocrx_word' id='word_1_93' title='bbox 1048 1818 1140 1875; x_wconf 86' lang='lat' dir='ltr'>aucta</span> <span class='ocrx_word' id='word_1_94' title='bbox 1161 1819 1222 1890; x_wconf 88' lang='lat' dir='ltr'>est,</span> <span class='ocrx_word' id='word_1_95' title='bbox 1248 1820 1283 1876; x_wconf 92' lang='lat' dir='ltr'>ut</span> <span class='ocrx_word' id='word_1_96' title='bbox 1308 1810 1367 1896; x_wconf 87' lang='lat' dir='ltr'>ipsi</span> <span class='ocrx_word' id='word_1_97' title='bbox 1396 1833 1496 1898; x_wconf 87' lang='lat' dir='ltr'>papae</span> <span class='ocrx_word' id='word_1_98' title='bbox 1524 1834 1594 1875; x_wconf 93' lang='lat' dir='ltr'>eum</span> <span class='ocrx_word' id='word_1_99' title='bbox 1617 1819 1776 1897; x_wconf 89' lang='lat' dir='ltr'>tamquam</span> <span class='ocrx_word' id='word_1_100' title='bbox 1799 1833 1869 1895; x_wconf 86' lang='lat' dir='ltr'>gra-</span> 
     </span>
     <span class='ocr_line' id='line_1_14' title="bbox 209 1905 1868 2002; baseline -0.004 -17"><span class='ocrx_word' id='word_1_101' title='bbox 209 1905 376 1986; x_wconf 67' lang='lat' dir='ltr'>‘vissinrum</span> <span class='ocrx_word' id='word_1_102' title='bbox 400 1925 556 1981; x_wconf 80' lang='lat' dir='ltr'>auctorem</span> <span class='ocrx_word' id='word_1_103' title='bbox 580 1915 772 2002; x_wconf 85' lang='lat' dir='ltr'>appellarent</span> <span class='ocrx_word' id='word_1_104' title='bbox 794 1916 880 1979; x_wconf 86' lang='lat' dir='ltr'>velut</span> <span class='ocrx_word' id='word_1_105' title='bbox 901 1913 1052 1978; x_wconf 88' lang='lat' dir='ltr'>Nicolaus</span> <span class='ocrx_word' id='word_1_106' title='bbox 1074 1914 1092 1978; x_wconf 87' lang='lat'><strong>1</strong></span> <span class='ocrx_word' id='word_1_107' title='bbox 1116 1914 1147 1978; x_wconf 94' lang='lat' dir='ltr'>in</span> <span class='ocrx_word' id='word_1_108' title='bbox 1169 1915 1258 2001; x_wconf 87' lang='lat' dir='ltr'>epist.</span> <span class='ocrx_word' id='word_1_109' title='bbox 1280 1917 1320 1981; x_wconf 82' lang='grc'>86</span> <span class='ocrx_word' id='word_1_110' title='bbox 1345 1913 1464 1998; x_wconf 88' lang='lat' dir='ltr'>(Mignc</span> <span class='ocrx_word' id='word_1_111' title='bbox 1482 1927 1561 2001; x_wconf 86' lang='lat' dir='ltr'>patr.</span> <span class='ocrx_word' id='word_1_112' title='bbox 1578 1916 1631 1980; x_wconf 78' lang='lat' dir='ltr'>lat.</span> <span class='ocrx_word' id='word_1_113' title='bbox 1649 1915 1766 1979; x_wconf 85' lang='lat' dir='ltr'>CXIX</span> <span class='ocrx_word' id='word_1_114' title='bbox 1780 1918 1868 1994; x_wconf 79' lang='grc'><strong>942);</strong></span> 
     </span>
    </p>
   </div>
   <div class='ocr_carea' id='block_1_7' title="bbox 367 2033 1870 2537">
    <p class='ocr_par' dir='ltr' id='par_1_8' title="bbox 367 2033 1870 2537">
     <span class='ocr_line' id='line_1_15' title="bbox 418 2033 1869 2122; baseline -0.002 -22"><span class='ocrx_word' id='word_1_115' title='bbox 418 2036 518 2118; x_wconf 87' lang='lat' dir='ltr'>,Sicut</span> <span class='ocrx_word' id='word_1_116' title='bbox 546 2057 678 2120; x_wconf 88' lang='lat' dir='ltr'>magnus</span> <span class='ocrx_word' id='word_1_117' title='bbox 706 2034 823 2099; x_wconf 86' lang='lat' dir='ltr'>Christi</span> <span class='ocrx_word' id='word_1_118' title='bbox 851 2034 1011 2098; x_wconf 86' lang='lat' dir='ltr'>confessor</span> <span class='ocrx_word' id='word_1_119' title='bbox 1041 2033 1205 2098; x_wconf 84' lang='lat' dir='ltr'>Ennodius</span> <span class='ocrx_word' id='word_1_120' title='bbox 1228 2034 1404 2098; x_wconf 86' lang='lat' dir='ltr'>Ticineusis</span> <span class='ocrx_word' id='word_1_121' title='bbox 1427 2035 1607 2122; x_wconf 84' lang='lat' dir='ltr'>episcopus,</span> <span class='ocrx_word' id='word_1_122' title='bbox 1634 2035 1687 2120; x_wconf 91' lang='lat' dir='ltr'>qui</span> <span class='ocrx_word' id='word_1_123' title='bbox 1716 2035 1755 2099; x_wconf 90' lang='lat' dir='ltr'>ab</span> <span class='ocrx_word' id='word_1_124' title='bbox 1784 2034 1869 2098; x_wconf 87' lang='lat' dir='ltr'>Hor·</span> 
     </span>
     <span class='ocr_line' id='line_1_16' title="bbox 367 2137 1869 2226; baseline -0.003 -21"><span class='ocrx_word' id='word_1_125' title='bbox 367 2139 469 2206; x_wconf 87' lang='lat' dir='ltr'>misda</span> <span class='ocrx_word' id='word_1_126' title='bbox 491 2139 681 2226; x_wconf 84' lang='lat' dir='ltr'>apostolieae</span> <span class='ocrx_word' id='word_1_127' title='bbox 708 2138 874 2202; x_wconf 83' lang='lat' dir='ltr'>memoriae</span> <span class='ocrx_word' id='word_1_128' title='bbox 896 2137 1203 2224; x_wconf 81' lang='lat' dir='ltr'>Constantinopolim</span> <span class='ocrx_word' id='word_1_129' title='bbox 1229 2139 1343 2203; x_wconf 88' lang='lat' dir='ltr'>missus</span> <span class='ocrx_word' id='word_1_130' title='bbox 1367 2139 1543 2203; x_wconf 90' lang='lat' dir='ltr'>innumeras</span> <span class='ocrx_word' id='word_1_131' title='bbox 1567 2139 1707 2203; x_wconf 85' lang='lat' dir='ltr'>miserias</span> <span class='ocrx_word' id='word_1_132' title='bbox 1730 2161 1749 2202; x_wconf 93' lang='lat' dir='ltr'>a</span> <span class='ocrx_word' id='word_1_133' title='bbox 1771 2137 1869 2202; x_wconf 85' lang='lat' dir='ltr'>Grae-</span> 
     </span>
     <span class='ocr_line' id='line_1_17' title="bbox 368 2241 1870 2330; baseline -0.002 -22"><span class='ocrx_word' id='word_1_134' title='bbox 368 2268 474 2309; x_wconf 89' lang='lat' dir='ltr'>corum</span> <span class='ocrx_word' id='word_1_135' title='bbox 501 2244 630 2309; x_wconf 87' lang='lat' dir='ltr'>vesania</span> <span class='ocrx_word' id='word_1_136' title='bbox 650 2265 708 2329; x_wconf 88' lang='lat' dir='ltr'>pro</span> <span class='ocrx_word' id='word_1_137' title='bbox 731 2241 850 2307; x_wconf 81' lang='lat' dir='ltr'>Christi</span> <span class='ocrx_word' id='word_1_138' title='bbox 873 2241 934 2306; x_wconf 87' lang='lat' dir='ltr'>fide</span> <span class='ocrx_word' id='word_1_139' title='bbox 955 2250 987 2306; x_wconf 93' lang='lat' dir='ltr'>et</span> <span class='ocrx_word' id='word_1_140' title='bbox 1008 2251 1090 2306; x_wconf 89' lang='lat' dir='ltr'>statu</span> <span class='ocrx_word' id='word_1_141' title='bbox 1114 2242 1261 2307; x_wconf 90' lang='lat' dir='ltr'>ccclesiae</span> <span class='ocrx_word' id='word_1_142' title='bbox 1284 2265 1345 2306; x_wconf 93' lang='lat' dir='ltr'>non</span> <span class='ocrx_word' id='word_1_143' title='bbox 1369 2242 1462 2306; x_wconf 91' lang='lat' dir='ltr'>semel</span> <span class='ocrx_word' id='word_1_144' title='bbox 1486 2241 1629 2329; x_wconf 87' lang='lat' dir='ltr'>pertulit,</span> <span class='ocrx_word' id='word_1_145' title='bbox 1656 2264 1694 2306; x_wconf 86' lang='lat' dir='ltr'>ex</span> <span class='ocrx_word' id='word_1_146' title='bbox 1717 2241 1870 2330; x_wconf 84' lang='lat' dir='ltr'>propbeta</span> 
     </span>
     <span class='ocr_line' id='line_1_18' title="bbox 367 2345 1869 2432; baseline -0.002 -20"><span class='ocrx_word' id='word_1_147' title='bbox 367 2347 406 2413; x_wconf 91' lang='lat' dir='ltr'>de</span> <span class='ocrx_word' id='word_1_148' title='bbox 428 2348 476 2412; x_wconf 90' lang='lat' dir='ltr'>his</span> <span class='ocrx_word' id='word_1_149' title='bbox 499 2348 654 2413; x_wconf 88' lang='lat' dir='ltr'>meminit:</span> <span class='ocrx_word' id='word_1_150' title='bbox 687 2345 850 2432; x_wconf 88' lang='lat' dir='ltr'>Numquid</span> <span class='ocrx_word' id='word_1_151' title='bbox 876 2346 1061 2432; x_wconf 83' lang='lat' dir='ltr'>gloriabitur</span> <span class='ocrx_word' id='word_1_152' title='bbox 1088 2345 1204 2411; x_wconf 85' lang='lat' dir='ltr'>securis</span> <span class='ocrx_word' id='word_1_153' title='bbox 1227 2356 1335 2413; x_wconf 90' lang='lat' dir='ltr'>contra</span> <span class='ocrx_word' id='word_1_154' title='bbox 1361 2369 1431 2412; x_wconf 93' lang='lat' dir='ltr'>cum</span> <span class='ocrx_word' id='word_1_155' title='bbox 1461 2348 1513 2432; x_wconf 91' lang='lat' dir='ltr'>qui</span> <span class='ocrx_word' id='word_1_156' title='bbox 1543 2355 1628 2411; x_wconf 84' lang='lat' dir='ltr'>secat</span> <span class='ocrx_word' id='word_1_157' title='bbox 1657 2347 1687 2410; x_wconf 93' lang='lat' dir='ltr'>in</span> <span class='ocrx_word' id='word_1_158' title='bbox 1715 2349 1773 2410; x_wconf 80' lang='lat' dir='ltr'>ca?</span> <span class='ocrx_word' id='word_1_159' title='bbox 1816 2354 1869 2410; x_wconf 91' lang='lat' dir='ltr'>aut</span> 
     </span>
     <span class='ocr_line' id='line_1_19' title="bbox 367 2448 1460 2537; baseline 0.001 -22"><span class='ocrx_word' id='word_1_160' title='bbox 367 2451 556 2516; x_wconf 87' lang='lat' dir='ltr'>exaltabitur</span> <span class='ocrx_word' id='word_1_161' title='bbox 578 2473 663 2515; x_wconf 88' lang='lat' dir='ltr'>serra</span> <span class='ocrx_word' id='word_1_162' title='bbox 684 2458 792 2514; x_wconf 85' lang='lat' dir='ltr'>contra</span> <span class='ocrx_word' id='word_1_163' title='bbox 814 2471 884 2513; x_wconf 91' lang='lat' dir='ltr'>eum</span> <span class='ocrx_word' id='word_1_164' title='bbox 908 2449 960 2534; x_wconf 86' lang='lat' dir='ltr'>qui</span> <span class='ocrx_word' id='word_1_165' title='bbox 983 2448 1079 2513; x_wconf 87' lang='lat' dir='ltr'>trahit</span> <span class='ocrx_word' id='word_1_166' title='bbox 1101 2453 1199 2515; x_wconf 80' lang='lat' dir='ltr'>eam‘l‘</span> <span class='ocrx_word' id='word_1_167' title='bbox 1222 2451 1270 2529; x_wconf 82' lang='lat' dir='ltr'>(cf.</span> <span class='ocrx_word' id='word_1_168' title='bbox 1293 2475 1322 2537; x_wconf 88' lang='lat' dir='ltr'>p.</span> <span class='ocrx_word' id='word_1_169' title='bbox 1338 2454 1460 2531; x_wconf 84' lang='lat'>53,20).</span> 
     </span>
    </p>
   </div>
   <div class='ocr_carea' id='block_1_8' title="bbox 316 2567 1749 2657">
    <p class='ocr_par' dir='ltr' id='par_1_9' title="bbox 316 2567 1749 2657">
     <span class='ocr_line' id='line_1_20' title="bbox 316 2567 1749 2657; baseline -0.002 -20"><span class='ocrx_word' id='word_1_170' title='bbox 316 2573 472 2637; x_wconf 90' lang='lat' dir='ltr'>Iohannes</span> <span class='ocrx_word' id='word_1_171' title='bbox 494 2570 587 2639; x_wconf 81' lang='lat' dir='ltr'>VIII</span> <span class='ocrx_word' id='word_1_172' title='bbox 609 2571 641 2634; x_wconf 92' lang='lat' dir='ltr'>iu</span> <span class='ocrx_word' id='word_1_173' title='bbox 665 2569 800 2655; x_wconf 89' lang='lat' dir='ltr'>epistula</span> <span class='ocrx_word' id='word_1_174' title='bbox 822 2567 863 2633; x_wconf 90' lang='lat' dir='ltr'>ad</span> <span class='ocrx_word' id='word_1_175' title='bbox 885 2568 1063 2633; x_wconf 86' lang='lat' dir='ltr'>Berrarium</span> <span class='ocrx_word' id='word_1_176' title='bbox 1086 2570 1230 2634; x_wconf 85' lang='lat' dir='ltr'>abbatem</span> <span class='ocrx_word' id='word_1_177' title='bbox 1254 2571 1373 2655; x_wconf 84' lang='lat' dir='ltr'>(Migne</span> <span class='ocrx_word' id='word_1_178' title='bbox 1395 2594 1425 2657; x_wconf 90' lang='lat' dir='ltr'>p.</span> <span class='ocrx_word' id='word_1_179' title='bbox 1440 2570 1461 2635; x_wconf 91' lang='lat' dir='ltr'>l.</span> <span class='ocrx_word' id='word_1_180' title='bbox 1484 2569 1639 2638; x_wconf 82' lang='lat' dir='ltr'>CXXVI</span> <span class='ocrx_word' id='word_1_181' title='bbox 1660 2573 1749 2650; x_wconf 62' lang='lat' dir='ltr'><strong>944)ss</strong></span> 
     </span>
    </p>
   </div>
   <div class='ocr_carea' id='block_1_9' title="bbox 211 2687 1929 5601">
    <p class='ocr_par' dir='ltr' id='par_1_10' title="bbox 367 2687 1869 3087">
     <span class='ocr_line' id='line_1_21' title="bbox 418 2687 1868 2778; baseline -0.002 -23"><span class='ocrx_word' id='word_1_182' title='bbox 418 2691 523 2773; x_wconf 79' lang='lat' dir='ltr'>,Absit</span> <span class='ocrx_word' id='word_1_183' title='bbox 549 2712 567 2754; x_wconf 91' lang='lat' dir='ltr'>a</span> <span class='ocrx_word' id='word_1_184' title='bbox 593 2689 655 2775; x_wconf 90' lang='lat' dir='ltr'>piis</span> <span class='ocrx_word' id='word_1_185' title='bbox 684 2689 840 2753; x_wconf 92' lang='lat' dir='ltr'>mentibus</span> <span class='ocrx_word' id='word_1_186' title='bbox 869 2687 945 2776; x_wconf 87' lang='lat' dir='ltr'>quid</span> <span class='ocrx_word' id='word_1_187' title='bbox 979 2688 1018 2753; x_wconf 93' lang='lat' dir='ltr'>de</span> <span class='ocrx_word' id='word_1_188' title='bbox 1046 2689 1178 2755; x_wconf 86' lang='lat' dir='ltr'>Romani</span> <span class='ocrx_word' id='word_1_189' title='bbox 1210 2691 1354 2756; x_wconf 88' lang='lat' dir='ltr'>culminis</span> <span class='ocrx_word' id='word_1_190' title='bbox 1382 2692 1527 2778; x_wconf 85' lang='lat' dir='ltr'>pontifice</span> <span class='ocrx_word' id='word_1_191' title='bbox 1557 2692 1717 2756; x_wconf 90' lang='lat' dir='ltr'>sinistrum</span> <span class='ocrx_word' id='word_1_192' title='bbox 1746 2690 1868 2767; x_wconf 83' lang='lat' dir='ltr'>sentire,</span> 
     </span>
     <span class='ocr_line' id='line_1_22' title="bbox 368 2791 1869 2879; baseline -0.003 -19"><span class='ocrx_word' id='word_1_193' title='bbox 368 2819 439 2860; x_wconf 90' lang='lat' dir='ltr'>cum</span> <span class='ocrx_word' id='word_1_194' title='bbox 461 2794 554 2859; x_wconf 89' lang='lat' dir='ltr'>beato</span> <span class='ocrx_word' id='word_1_195' title='bbox 576 2791 723 2857; x_wconf 84' lang='lat' dir='ltr'>Ennodio</span> <span class='ocrx_word' id='word_1_196' title='bbox 746 2791 921 2857; x_wconf 80' lang='lat' dir='ltr'>confessore</span> <span class='ocrx_word' id='word_1_197' title='bbox 943 2793 1119 2858; x_wconf 90' lang='lat' dir='ltr'>Ticinensis</span> <span class='ocrx_word' id='word_1_198' title='bbox 1143 2793 1228 2858; x_wconf 89' lang='lat' dir='ltr'>urbis</span> <span class='ocrx_word' id='word_1_199' title='bbox 1252 2795 1390 2860; x_wconf 80' lang='lat' dir='ltr'>antistite</span> <span class='ocrx_word' id='word_1_200' title='bbox 1413 2795 1566 2859; x_wconf 86' lang='lat' dir='ltr'>scribente</span> <span class='ocrx_word' id='word_1_201' title='bbox 1588 2793 1767 2872; x_wconf 84' lang='lat' dir='ltr'>doceamur,</span> <span class='ocrx_word' id='word_1_202' title='bbox 1795 2792 1869 2879; x_wconf 92' lang='lat' dir='ltr'>quia</span> 
     </span>
     <span class='ocr_line' id='line_1_23' title="bbox 367 2895 1869 2984; baseline -0.002 -23"><span class='ocrx_word' id='word_1_203' title='bbox 367 2897 444 2962; x_wconf 86' lang='lat' dir='ltr'>(leus</span> <span class='ocrx_word' id='word_1_204' title='bbox 467 2897 663 2984; x_wconf 89' lang='lat' dir='ltr'>omnipotens</span> <span class='ocrx_word' id='word_1_205' title='bbox 688 2904 742 2961; x_wconf 83' lang='lat' dir='ltr'>arrt</span> <span class='ocrx_word' id='word_1_206' title='bbox 764 2895 865 2960; x_wconf 86' lang='lat' dir='ltr'>claros</span> <span class='ocrx_word' id='word_1_207' title='bbox 888 2895 927 2961; x_wconf 88' lang='lat' dir='ltr'>ad</span> <span class='ocrx_word' id='word_1_208' title='bbox 951 2907 1038 2961; x_wconf 90' lang='lat' dir='ltr'>tanta</span> <span class='ocrx_word' id='word_1_209' title='bbox 1059 2897 1185 2982; x_wconf 88' lang='lat' dir='ltr'>fastigia</span> <span class='ocrx_word' id='word_1_210' title='bbox 1207 2898 1298 2983; x_wconf 84' lang='lat' dir='ltr'>erigit</span> <span class='ocrx_word' id='word_1_211' title='bbox 1325 2909 1379 2964; x_wconf 90' lang='lat' dir='ltr'>aut</span> <span class='ocrx_word' id='word_1_212' title='bbox 1406 2907 1486 2963; x_wconf 85' lang='lat' dir='ltr'>certe</span> <span class='ocrx_word' id='word_1_213' title='bbox 1509 2921 1587 2984; x_wconf 89' lang='lat' dir='ltr'>quos</span> <span class='ocrx_word' id='word_1_214' title='bbox 1610 2899 1702 2983; x_wconf 85' lang='lat' dir='ltr'>elegit</span> <span class='ocrx_word' id='word_1_215' title='bbox 1724 2897 1869 2962; x_wconf 90' lang='lat' dir='ltr'>illustrat‘</span> 
     </span>
     <span class='ocr_line' id='line_1_24' title="bbox 368 3002 608 3087; baseline 0 -23"><span class='ocrx_word' id='word_1_216' title='bbox 368 3002 417 3084; x_wconf 84' lang='lat' dir='ltr'>(cf.</span> <span class='ocrx_word' id='word_1_217' title='bbox 440 3024 469 3087; x_wconf 90' lang='lat' dir='ltr'>p.</span> <span class='ocrx_word' id='word_1_218' title='bbox 485 3004 536 3080; x_wconf 80' lang='lat'>52,</span> <span class='ocrx_word' id='word_1_219' title='bbox 550 3003 608 3082; x_wconf 83' lang='lat'>19).</span> 
     </span>
    </p>

    <p class='ocr_par' dir='ltr' id='par_1_11' title="bbox 211 3103 1929 4040">
     <span class='ocr_line' id='line_1_25' title="bbox 315 3103 1929 3207; baseline -0.004 -19"><span class='ocrx_word' id='word_1_220' title='bbox 315 3123 409 3188; x_wconf 90' lang='lat' dir='ltr'>Hanc</span> <span class='ocrx_word' id='word_1_221' title='bbox 423 3119 547 3188; x_wconf 88' lang='lat' dir='ltr'>laudem</span> <span class='ocrx_word' id='word_1_222' title='bbox 563 3119 672 3185; x_wconf 86' lang='lat' dir='ltr'>debuit</span> <span class='ocrx_word' id='word_1_223' title='bbox 686 3119 851 3185; x_wconf 88' lang='lat' dir='ltr'>Ennodius</span> <span class='ocrx_word' id='word_1_224' title='bbox 863 3119 1061 3206; x_wconf 89' lang='lat' dir='ltr'>potissimum</span> <span class='ocrx_word' id='word_1_225' title='bbox 1075 3120 1181 3185; x_wconf 93' lang='lat' dir='ltr'>libello</span> <span class='ocrx_word' id='word_1_226' title='bbox 1197 3120 1399 3207; x_wconf 85' lang='lat' dir='ltr'>apologetice,</span> <span class='ocrx_word' id='word_1_227' title='bbox 1418 3121 1472 3206; x_wconf 90' lang='lat' dir='ltr'>qui</span> <span class='ocrx_word' id='word_1_228' title='bbox 1488 3143 1586 3206; x_wconf 90' lang='lat' dir='ltr'>usque</span> <span class='ocrx_word' id='word_1_229' title='bbox 1601 3119 1642 3185; x_wconf 90' lang='lat' dir='ltr'>ad</span> <span class='ocrx_word' id='word_1_230' title='bbox 1653 3118 1732 3184; x_wconf 92' lang='lat' dir='ltr'>illud</span> <span class='ocrx_word' id='word_1_231' title='bbox 1746 3127 1868 3205; x_wconf 90' lang='lat' dir='ltr'>tempus</span> <span class='ocrx_word' id='word_1_232' title='bbox 1923 3103 1929 3111; x_wconf 55' lang='grc'><strong>’</strong></span> 
     </span>
     <span class='ocr_line' id='line_1_26' title="bbox 213 3221 1869 3314; baseline -0.004 -22"><span class='ocrx_word' id='word_1_233' title='bbox 213 3227 375 3314; x_wconf 77' lang='lat' dir='ltr'>perpaucis</span> <span class='ocrx_word' id='word_1_234' title='bbox 397 3225 525 3291; x_wconf 84' lang='lat' dir='ltr'>Ennodi</span> <span class='ocrx_word' id='word_1_235' title='bbox 547 3223 708 3290; x_wconf 88' lang='lat' dir='ltr'>codicibus</span> <span class='ocrx_word' id='word_1_236' title='bbox 731 3224 866 3290; x_wconf 89' lang='lat' dir='ltr'>insertus</span> <span class='ocrx_word' id='word_1_237' title='bbox 888 3233 919 3288; x_wconf 92' lang='lat' dir='ltr'>et</span> <span class='ocrx_word' id='word_1_238' title='bbox 941 3224 1021 3288; x_wconf 87' lang='lat' dir='ltr'>inter</span> <span class='ocrx_word' id='word_1_239' title='bbox 1047 3225 1109 3288; x_wconf 89' lang='lat' dir='ltr'>alia</span> <span class='ocrx_word' id='word_1_240' title='bbox 1131 3225 1197 3289; x_wconf 93' lang='lat' dir='ltr'>eius</span> <span class='ocrx_word' id='word_1_241' title='bbox 1221 3247 1315 3310; x_wconf 70' lang='lat' dir='ltr'>opera</span> <span class='ocrx_word' id='word_1_242' title='bbox 1337 3223 1463 3290; x_wconf 86' lang='lat' dir='ltr'>abditus</span> <span class='ocrx_word' id='word_1_243' title='bbox 1486 3248 1505 3290; x_wconf 90' lang='lat' dir='ltr'>a</span> <span class='ocrx_word' id='word_1_244' title='bbox 1527 3221 1793 3288; x_wconf 85' lang='lat' dir='ltr'>Pseudo-Isidoro</span> <span class='ocrx_word' id='word_1_245' title='bbox 1816 3221 1869 3286; x_wconf 92' lang='lat' dir='ltr'>de-</span> 
     </span>
     <span class='ocr_line' id='line_1_27' title="bbox 212 3327 1869 3420; baseline -0.005 -23"><span class='ocrx_word' id='word_1_246' title='bbox 212 3356 312 3412; x_wconf 93' lang='lat' dir='ltr'>mum,</span> <span class='ocrx_word' id='word_1_247' title='bbox 334 3333 385 3420; x_wconf 92' lang='lat' dir='ltr'>qui</span> <span class='ocrx_word' id='word_1_248' title='bbox 410 3353 480 3395; x_wconf 90' lang='lat' dir='ltr'>curn</span> <span class='ocrx_word' id='word_1_249' title='bbox 504 3329 710 3394; x_wconf 88' lang='lat' dir='ltr'>decretalibus</span> <span class='ocrx_word' id='word_1_250' title='bbox 733 3329 799 3394; x_wconf 88' lang='lat' dir='ltr'>suis</span> <span class='ocrx_word' id='word_1_251' title='bbox 822 3328 968 3407; x_wconf 88' lang='lat' dir='ltr'>iniunxit,</span> <span class='ocrx_word' id='word_1_252' title='bbox 994 3352 1011 3392; x_wconf 90' lang='lat' dir='ltr'>c</span> <span class='ocrx_word' id='word_1_253' title='bbox 1033 3327 1291 3393; x_wconf 88' lang='lat' dir='ltr'>bibliothecarum</span> <span class='ocrx_word' id='word_1_254' title='bbox 1315 3328 1449 3393; x_wconf 90' lang='lat' dir='ltr'>tenebris</span> <span class='ocrx_word' id='word_1_255' title='bbox 1473 3329 1505 3392; x_wconf 93' lang='lat' dir='ltr'>iu</span> <span class='ocrx_word' id='word_1_256' title='bbox 1528 3328 1629 3392; x_wconf 90' lang='lat' dir='ltr'>lucem</span> <span class='ocrx_word' id='word_1_257' title='bbox 1648 3327 1790 3414; x_wconf 88' lang='lat' dir='ltr'>prolatus</span> <span class='ocrx_word' id='word_1_258' title='bbox 1813 3335 1869 3390; x_wconf 88' lang='lat' dir='ltr'>est.</span> 
     </span>
     <span class='ocr_line' id='line_1_28' title="bbox 211 3429 1870 3521; baseline -0.005 -21"><span class='ocrx_word' id='word_1_259' title='bbox 211 3434 325 3501; x_wconf 88' lang='lat' dir='ltr'>Isidori</span> <span class='ocrx_word' id='word_1_260' title='bbox 341 3436 475 3521; x_wconf 83' lang='lat' dir='ltr'>gratiam</span> <span class='ocrx_word' id='word_1_261' title='bbox 491 3434 655 3500; x_wconf 86' lang='lat' dir='ltr'>Eunodius</span> <span class='ocrx_word' id='word_1_262' title='bbox 678 3456 715 3498; x_wconf 89' lang='lat' dir='ltr'>eo</span> <span class='ocrx_word' id='word_1_263' title='bbox 735 3433 794 3498; x_wconf 89' lang='lat' dir='ltr'>sibi</span> <span class='ocrx_word' id='word_1_264' title='bbox 812 3433 1040 3511; x_wconf 87' lang='lat' dir='ltr'>conciliaverat,</span> <span class='ocrx_word' id='word_1_265' title='bbox 1062 3430 1147 3518; x_wconf 92' lang='lat' dir='ltr'>quod</span> <span class='ocrx_word' id='word_1_266' title='bbox 1170 3431 1315 3496; x_wconf 81' lang='lat' dir='ltr'>omnibus</span> <span class='ocrx_word' id='word_1_267' title='bbox 1332 3431 1452 3497; x_wconf 88' lang='lat' dir='ltr'>viribus</span> <span class='ocrx_word' id='word_1_268' title='bbox 1475 3431 1691 3496; x_wconf 88' lang='lat' dir='ltr'>auctoritatem</span> <span class='ocrx_word' id='word_1_269' title='bbox 1713 3429 1870 3516; x_wconf 84' lang='lat' dir='ltr'>pontilicis</span> 
     </span>
     <span class='ocr_line' id='line_1_29' title="bbox 212 3530 1869 3624; baseline -0.006 -20"><span class='ocrx_word' id='word_1_270' title='bbox 212 3539 347 3604; x_wconf 89' lang='lat' dir='ltr'>Romani</span> <span class='ocrx_word' id='word_1_271' title='bbox 374 3561 486 3624; x_wconf 88' lang='lat' dir='ltr'>augere</span> <span class='ocrx_word' id='word_1_272' title='bbox 514 3549 745 3624; x_wconf 86' lang='lat' dir='ltr'>ceterorumque</span> <span class='ocrx_word' id='word_1_273' title='bbox 771 3538 989 3624; x_wconf 89' lang='lat' dir='ltr'>episcoporum</span> <span class='ocrx_word' id='word_1_274' title='bbox 1017 3545 1200 3622; x_wconf 89' lang='lat' dir='ltr'>potestatem</span> <span class='ocrx_word' id='word_1_275' title='bbox 1229 3535 1449 3601; x_wconf 89' lang='lat' dir='ltr'>circumcidere</span> <span class='ocrx_word' id='word_1_276' title='bbox 1477 3537 1568 3600; x_wconf 85' lang='lat' dir='ltr'>nixus</span> <span class='ocrx_word' id='word_1_277' title='bbox 1597 3544 1675 3600; x_wconf 87' lang='lat' dir='ltr'>erat:</span> <span class='ocrx_word' id='word_1_278' title='bbox 1704 3530 1869 3597; x_wconf 85' lang='lat' dir='ltr'>Ennodins</span> 
     </span>
     <span class='ocr_line' id='line_1_30' title="bbox 212 3637 1868 3729; baseline -0.003 -23"><span class='ocrx_word' id='word_1_279' title='bbox 212 3643 331 3728; x_wconf 90' lang='lat' dir='ltr'>primus</span> <span class='ocrx_word' id='word_1_280' title='bbox 354 3643 478 3707; x_wconf 90' lang='lat' dir='ltr'>titulum</span> <span class='ocrx_word' id='word_1_281' title='bbox 501 3665 601 3729; x_wconf 88' lang='lat' dir='ltr'>papae</span> <span class='ocrx_word' id='word_1_282' title='bbox 624 3642 677 3706; x_wconf 91' lang='lat' dir='ltr'>uni</span> <span class='ocrx_word' id='word_1_283' title='bbox 700 3643 848 3728; x_wconf 90' lang='lat' dir='ltr'>episcopo</span> <span class='ocrx_word' id='word_1_284' title='bbox 864 3641 1009 3705; x_wconf 89' lang='lat' dir='ltr'>Romano</span> <span class='ocrx_word' id='word_1_285' title='bbox 1031 3651 1209 3706; x_wconf 85' lang='lat' dir='ltr'>constanter</span> <span class='ocrx_word' id='word_1_286' title='bbox 1231 3642 1380 3721; x_wconf 80' lang='lat' dir='ltr'>attribuit,</span> <span class='ocrx_word' id='word_1_287' title='bbox 1402 3664 1516 3729; x_wconf 88' lang='lat' dir='ltr'>papam</span> <span class='ocrx_word' id='word_1_288' title='bbox 1539 3664 1559 3706; x_wconf 89' lang='lat' dir='ltr'>a</span> <span class='ocrx_word' id='word_1_289' title='bbox 1580 3640 1714 3705; x_wconf 91' lang='lat' dir='ltr'>concilio</span> <span class='ocrx_word' id='word_1_290' title='bbox 1729 3637 1868 3702; x_wconf 89' lang='lat' dir='ltr'>damnari</span> 
     </span>
     <span class='ocr_line' id='line_1_31' title="bbox 211 3739 1870 3833; baseline -0.005 -22"><span class='ocrx_word' id='word_1_291' title='bbox 211 3767 304 3833; x_wconf 85' lang='lat' dir='ltr'>posse</span> <span class='ocrx_word' id='word_1_292' title='bbox 326 3745 453 3830; x_wconf 86' lang='lat' dir='ltr'>negavit</span> <span class='ocrx_word' id='word_1_293' title='bbox 474 3744 588 3832; x_wconf 90' lang='lat' dir='ltr'>apertis</span> <span class='ocrx_word' id='word_1_294' title='bbox 606 3746 708 3810; x_wconf 84' lang='lat' dir='ltr'>verbis</span> <span class='ocrx_word' id='word_1_295' title='bbox 731 3768 826 3810; x_wconf 90' lang='lat' dir='ltr'>ausus</span> <span class='ocrx_word' id='word_1_296' title='bbox 843 3744 996 3810; x_wconf 88' lang='lat' dir='ltr'>affirmare</span> <span class='ocrx_word' id='word_1_297' title='bbox 1019 3749 1206 3831; x_wconf 68' lang='lat' dir='ltr'>(p.a&#39;›2,18):</span> <span class='ocrx_word' id='word_1_298' title='bbox 1229 3746 1270 3826; x_wconf 91' lang='lat' dir='ltr'>,iu</span> <span class='ocrx_word' id='word_1_299' title='bbox 1293 3769 1356 3831; x_wconf 90' lang='lat' dir='ltr'>quo</span> <span class='ocrx_word' id='word_1_300' title='bbox 1372 3745 1531 3832; x_wconf 85' lang='lat' dir='ltr'>(episcopo</span> <span class='ocrx_word' id='word_1_301' title='bbox 1547 3745 1700 3826; x_wconf 85' lang='lat' dir='ltr'>Romauo)</span> <span class='ocrx_word' id='word_1_302' title='bbox 1724 3742 1750 3804; x_wconf 92' lang='lat' dir='ltr'>si</span> <span class='ocrx_word' id='word_1_303' title='bbox 1766 3739 1870 3804; x_wconf 77' lang='lat' dir='ltr'>(lcsiut</span> 
     </span>
     <span class='ocr_line' id='line_1_32' title="bbox 213 3845 1869 3936; baseline -0.003 -24"><span class='ocrx_word' id='word_1_304' title='bbox 213 3849 295 3913; x_wconf 89' lang='lat' dir='ltr'>bona</span> <span class='ocrx_word' id='word_1_305' title='bbox 315 3847 473 3935; x_wconf 87' lang='lat' dir='ltr'>adquisita</span> <span class='ocrx_word' id='word_1_306' title='bbox 495 3873 550 3936; x_wconf 88' lang='lat' dir='ltr'>per</span> <span class='ocrx_word' id='word_1_307' title='bbox 571 3849 724 3930; x_wconf 89' lang='lat' dir='ltr'>meritum,</span> <span class='ocrx_word' id='word_1_308' title='bbox 746 3849 904 3914; x_wconf 88' lang='lat' dir='ltr'>sufficiunt</span> <span class='ocrx_word' id='word_1_309' title='bbox 926 3873 1005 3935; x_wconf 89' lang='lat' dir='ltr'>quae</span> <span class='ocrx_word' id='word_1_310' title='bbox 1027 3873 1046 3914; x_wconf 90' lang='lat' dir='ltr'>a</span> <span class='ocrx_word' id='word_1_311' title='bbox 1067 3850 1127 3914; x_wconf 89' lang='lat' dir='ltr'>loci</span> <span class='ocrx_word' id='word_1_312' title='bbox 1151 3849 1312 3916; x_wconf 87' lang='lat' dir='ltr'>decessore</span> <span class='ocrx_word' id='word_1_313' title='bbox 1334 3859 1539 3936; x_wconf 86' lang='lat' dir='ltr'>praestantur.</span> <span class='ocrx_word' id='word_1_314' title='bbox 1588 3860 1643 3914; x_wconf 89' lang='lat' dir='ltr'>aut</span> <span class='ocrx_word' id='word_1_315' title='bbox 1664 3846 1747 3912; x_wconf 90' lang='lat' dir='ltr'>enim</span> <span class='ocrx_word' id='word_1_316' title='bbox 1769 3845 1869 3909; x_wconf 88' lang='lat' dir='ltr'>claros</span> 
     </span>
     <span class='ocr_line' id='line_1_33' title="bbox 213 3951 1133 4040; baseline 0.002 -24"><span class='ocrx_word' id='word_1_317' title='bbox 213 3951 350 4018; x_wconf 88' lang='lat' dir='ltr'>adhaec</span> <span class='ocrx_word' id='word_1_318' title='bbox 372 3953 499 4038; x_wconf 86' lang='lat' dir='ltr'>fastigia</span> <span class='ocrx_word' id='word_1_319' title='bbox 522 3954 614 4038; x_wconf 87' lang='lat' dir='ltr'>erigit</span> <span class='ocrx_word' id='word_1_320' title='bbox 634 3964 690 4019; x_wconf 89' lang='lat' dir='ltr'>aut</span> <span class='ocrx_word' id='word_1_321' title='bbox 712 3955 765 4040; x_wconf 90' lang='lat' dir='ltr'>qui</span> <span class='ocrx_word' id='word_1_322' title='bbox 787 3955 947 4040; x_wconf 87' lang='lat' dir='ltr'>eriguntur</span> <span class='ocrx_word' id='word_1_323' title='bbox 969 3954 1133 4019; x_wconf 83' lang='lat' dir='ltr'>inlustrat‘.</span> 
     </span>
    </p>

    <p class='ocr_par' dir='ltr' id='par_1_12' title="bbox 213 4055 1870 4767">
     <span class='ocr_line' id='line_1_34' title="bbox 316 4055 1870 4146; baseline -0.003 -24"><span class='ocrx_word' id='word_1_324' title='bbox 316 4057 448 4123; x_wconf 83' lang='lat' dir='ltr'>Sacerdo</span> <span class='ocrx_word' id='word_1_325' title='bbox 475 4080 558 4123; x_wconf 92' lang='lat' dir='ltr'>nono</span> <span class='ocrx_word' id='word_1_326' title='bbox 585 4067 616 4122; x_wconf 91' lang='lat' dir='ltr'>et</span> <span class='ocrx_word' id='word_1_327' title='bbox 643 4058 764 4123; x_wconf 91' lang='lat' dir='ltr'>decimo</span> <span class='ocrx_word' id='word_1_328' title='bbox 796 4058 922 4122; x_wconf 84' lang='lat' dir='ltr'>Enuodi</span> <span class='ocrx_word' id='word_1_329' title='bbox 957 4082 1050 4146; x_wconf 88' lang='lat' dir='ltr'>opera</span> <span class='ocrx_word' id='word_1_330' title='bbox 1078 4058 1242 4144; x_wconf 89' lang='lat' dir='ltr'>diligenter</span> <span class='ocrx_word' id='word_1_331' title='bbox 1269 4060 1349 4124; x_wconf 90' lang='lat' dir='ltr'>lecta</span> <span class='ocrx_word' id='word_1_332' title='bbox 1375 4069 1404 4123; x_wconf 92' lang='lat' dir='ltr'>et</span> <span class='ocrx_word' id='word_1_333' title='bbox 1435 4058 1591 4145; x_wconf 86' lang='lat' dir='ltr'>descripta</span> <span class='ocrx_word' id='word_1_334' title='bbox 1620 4078 1688 4121; x_wconf 85' lang='lat' dir='ltr'>csse</span> <span class='ocrx_word' id='word_1_335' title='bbox 1721 4077 1759 4120; x_wconf 83' lang='lat' dir='ltr'>ex</span> <span class='ocrx_word' id='word_1_336' title='bbox 1790 4055 1870 4119; x_wconf 89' lang='lat' dir='ltr'>anti-</span> 
     </span>
     <span class='ocr_line' id='line_1_35' title="bbox 213 4159 1870 4250; baseline -0.002 -24"><span class='ocrx_word' id='word_1_337' title='bbox 213 4184 342 4248; x_wconf 90' lang='lat' dir='ltr'>quarum</span> <span class='ocrx_word' id='word_1_338' title='bbox 372 4161 630 4228; x_wconf 89' lang='lat' dir='ltr'>bibliothecamm</span> <span class='ocrx_word' id='word_1_339' title='bbox 660 4165 809 4249; x_wconf 86' lang='lat' dir='ltr'>catalogis</span> <span class='ocrx_word' id='word_1_340' title='bbox 840 4173 872 4227; x_wconf 90' lang='lat' dir='ltr'>et</span> <span class='ocrx_word' id='word_1_341' title='bbox 898 4163 1058 4229; x_wconf 84' lang='lat' dir='ltr'>codicibus</span> <span class='ocrx_word' id='word_1_342' title='bbox 1091 4163 1131 4227; x_wconf 89' lang='lat' dir='ltr'>ad</span> <span class='ocrx_word' id='word_1_343' title='bbox 1160 4164 1241 4228; x_wconf 90' lang='lat' dir='ltr'>hanc</span> <span class='ocrx_word' id='word_1_344' title='bbox 1269 4174 1402 4230; x_wconf 87' lang='lat' dir='ltr'>aetatem</span> <span class='ocrx_word' id='word_1_345' title='bbox 1425 4163 1551 4250; x_wconf 87' lang='lat' dir='ltr'>perlatis</span> <span class='ocrx_word' id='word_1_346' title='bbox 1574 4160 1655 4226; x_wconf 88' lang='lat' dir='ltr'>infra</span> <span class='ocrx_word' id='word_1_347' title='bbox 1677 4159 1870 4225; x_wconf 88' lang='lat' dir='ltr'>demonstra·</span> 
     </span>
     <span class='ocr_line' id='line_1_36' title="bbox 213 4263 1869 4354; baseline -0.002 -25"><span class='ocrx_word' id='word_1_348' title='bbox 213 4265 304 4330; x_wconf 91' lang='lat' dir='ltr'>bitur.</span> <span class='ocrx_word' id='word_1_349' title='bbox 348 4274 414 4329; x_wconf 92' lang='lat' dir='ltr'>tum</span> <span class='ocrx_word' id='word_1_350' title='bbox 438 4266 619 4332; x_wconf 82' lang='lat' dir='ltr'>Euuodium</span> <span class='ocrx_word' id='word_1_351' title='bbox 642 4279 800 4354; x_wconf 88' lang='lat' dir='ltr'>tamquam</span> <span class='ocrx_word' id='word_1_352' title='bbox 824 4269 981 4354; x_wconf 86' lang='lat' dir='ltr'>exemplar</span> <span class='ocrx_word' id='word_1_353' title='bbox 1003 4266 1188 4332; x_wconf 89' lang='lat' dir='ltr'>imitandum</span> <span class='ocrx_word' id='word_1_354' title='bbox 1218 4268 1310 4353; x_wconf 90' lang='lat' dir='ltr'>elegit</span> <span class='ocrx_word' id='word_1_355' title='bbox 1337 4277 1447 4332; x_wconf 87' lang='lat' dir='ltr'>auctor</span> <span class='ocrx_word' id='word_1_356' title='bbox 1467 4266 1564 4332; x_wconf 89' lang='lat' dir='ltr'>libelli</span> <span class='ocrx_word' id='word_1_357' title='bbox 1588 4265 1627 4330; x_wconf 88' lang='lat' dir='ltr'>de</span> <span class='ocrx_word' id='word_1_358' title='bbox 1649 4265 1710 4329; x_wconf 89' lang='lat' dir='ltr'>situ</span> <span class='ocrx_word' id='word_1_359' title='bbox 1733 4263 1869 4328; x_wconf 89' lang='lat' dir='ltr'>civitatis</span> 
     </span>
     <span class='ocr_line' id='line_1_37' title="bbox 213 4367 1869 4456; baseline -0.002 -23"><span class='ocrx_word' id='word_1_360' title='bbox 213 4368 399 4447; x_wconf 88' lang='lat' dir='ltr'>Mediolani,</span> <span class='ocrx_word' id='word_1_361' title='bbox 434 4392 526 4456; x_wconf 89' lang='lat' dir='ltr'>quem</span> <span class='ocrx_word' id='word_1_362' title='bbox 563 4371 687 4434; x_wconf 90' lang='lat' dir='ltr'>saeculo</span> <span class='ocrx_word' id='word_1_363' title='bbox 715 4371 768 4434; x_wconf 88' lang='lat' dir='ltr'>IX</span> <span class='ocrx_word' id='word_1_364' title='bbox 798 4371 846 4434; x_wconf 87' lang='lat' dir='ltr'>vel</span> <span class='ocrx_word' id='word_1_365' title='bbox 871 4370 906 4434; x_wconf 89' lang='lat' dir='ltr'>X</span> <span class='ocrx_word' id='word_1_366' title='bbox 935 4375 1011 4450; x_wconf 87' lang='lat' dir='ltr'>(non</span> <span class='ocrx_word' id='word_1_367' title='bbox 1040 4369 1111 4446; x_wconf 84' lang='lat' dir='ltr'>VI)</span> <span class='ocrx_word' id='word_1_368' title='bbox 1146 4369 1387 4435; x_wconf 88' lang='lat' dir='ltr'>adscribendum</span> <span class='ocrx_word' id='word_1_369' title='bbox 1419 4393 1486 4434; x_wconf 83' lang='lat' dir='ltr'>esse</span> <span class='ocrx_word' id='word_1_370' title='bbox 1520 4367 1714 4432; x_wconf 88' lang='lat' dir='ltr'>Muratorius</span> <span class='ocrx_word' id='word_1_371' title='bbox 1746 4373 1869 4446; x_wconf 83' lang='lat' dir='ltr'>(contra</span> 
     </span>
     <span class='ocr_line' id='line_1_38' title="bbox 214 4468 1869 4560; baseline -0.003 -24"><span class='ocrx_word' id='word_1_372' title='bbox 214 4472 476 4559; x_wconf 86' lang='lat' dir='ltr'>Papebrochium)</span> <span class='ocrx_word' id='word_1_373' title='bbox 503 4474 720 4560; x_wconf 88' lang='lat' dir='ltr'>comprobavit</span> <span class='ocrx_word' id='word_1_374' title='bbox 748 4474 919 4556; x_wconf 83' lang='lat' dir='ltr'>(Muraton&#39;</span> <span class='ocrx_word' id='word_1_375' title='bbox 949 4473 1054 4559; x_wconf 84' lang='lat' dir='ltr'>script.</span> <span class='ocrx_word' id='word_1_376' title='bbox 1082 4496 1139 4536; x_wconf 89' lang='lat' dir='ltr'>rer.</span> <span class='ocrx_word' id='word_1_377' title='bbox 1168 4474 1238 4538; x_wconf 90' lang='lat' dir='ltr'>Ital.</span> <span class='ocrx_word' id='word_1_378' title='bbox 1261 4475 1317 4539; x_wconf 80' lang='lat' dir='ltr'>Ia</span> <span class='ocrx_word' id='word_1_379' title='bbox 1346 4499 1375 4560; x_wconf 92' lang='lat' dir='ltr'>p.</span> <span class='ocrx_word' id='word_1_380' title='bbox 1397 4476 1590 4551; x_wconf 71' lang='lat' dir='ltr'>roa-218).</span> <span class='ocrx_word' id='word_1_381' title='bbox 1641 4472 1671 4535; x_wconf 97' lang='lat' dir='ltr'>in</span> <span class='ocrx_word' id='word_1_382' title='bbox 1700 4493 1737 4534; x_wconf 89' lang='lat' dir='ltr'>eo</span> <span class='ocrx_word' id='word_1_383' title='bbox 1764 4468 1869 4533; x_wconf 91' lang='lat' dir='ltr'>libello</span> 
     </span>
     <span class='ocr_line' id='line_1_39' title="bbox 214 4573 1868 4664; baseline -0.002 -24"><span class='ocrx_word' id='word_1_384' title='bbox 214 4587 334 4662; x_wconf 87' lang='lat' dir='ltr'>praeter</span> <span class='ocrx_word' id='word_1_385' title='bbox 363 4578 534 4643; x_wconf 86' lang='lat' dir='ltr'>locut-iones</span> <span class='ocrx_word' id='word_1_386' title='bbox 561 4576 713 4663; x_wconf 89' lang='lat' dir='ltr'>quasdam</span> <span class='ocrx_word' id='word_1_387' title='bbox 737 4577 812 4641; x_wconf 89' lang='lat' dir='ltr'>baec</span> <span class='ocrx_word' id='word_1_388' title='bbox 834 4600 872 4641; x_wconf 82' lang='lat' dir='ltr'>ex</span> <span class='ocrx_word' id='word_1_389' title='bbox 895 4575 1042 4642; x_wconf 89' lang='lat' dir='ltr'>Ennodio</span> <span class='ocrx_word' id='word_1_390' title='bbox 1069 4576 1180 4641; x_wconf 86' lang='lat' dir='ltr'>hausta</span> <span class='ocrx_word' id='word_1_391' title='bbox 1205 4577 1410 4664; x_wconf 90' lang='lat' dir='ltr'>reperiuntur:</span> <span class='ocrx_word' id='word_1_392' title='bbox 1440 4577 1555 4639; x_wconf 88' lang='lat' dir='ltr'>Marat.</span> <span class='ocrx_word' id='word_1_393' title='bbox 1578 4575 1597 4639; x_wconf 94' lang='lat' dir='ltr'>l.</span> <span class='ocrx_word' id='word_1_394' title='bbox 1613 4599 1638 4638; x_wconf 91' lang='lat' dir='ltr'>c.</span> <span class='ocrx_word' id='word_1_395' title='bbox 1662 4599 1691 4660; x_wconf 91' lang='lat' dir='ltr'>p.</span> <span class='ocrx_word' id='word_1_396' title='bbox 1708 4573 1811 4638; x_wconf 81' lang='lat' dir='ltr'>203ss</span> <span class='ocrx_word' id='word_1_397' title='bbox 1829 4605 1868 4627; x_wconf 95' lang='lat'>=</span> 
     </span>
     <span class='ocr_line' id='line_1_40' title="bbox 215 4679 1297 4767; baseline -0.001 -24"><span class='ocrx_word' id='word_1_398' title='bbox 215 4680 336 4745; x_wconf 84' lang='lat' dir='ltr'>Ennod.</span> <span class='ocrx_word' id='word_1_399' title='bbox 358 4705 387 4767; x_wconf 93' lang='lat' dir='ltr'>p.</span> <span class='ocrx_word' id='word_1_400' title='bbox 404 4685 454 4761; x_wconf 81' lang='lat'>85,</span> <span class='ocrx_word' id='word_1_401' title='bbox 477 4684 575 4760; x_wconf 82' lang='lat'>3-—8;</span> <span class='ocrx_word' id='word_1_402' title='bbox 598 4681 682 4744; x_wconf 87' lang='lat' dir='ltr'>Mur.</span> <span class='ocrx_word' id='word_1_403' title='bbox 705 4706 734 4767; x_wconf 90' lang='lat' dir='ltr'>p.</span> <span class='ocrx_word' id='word_1_404' title='bbox 750 4680 855 4747; x_wconf 74' lang='lat' dir='ltr'>204ss</span> <span class='ocrx_word' id='word_1_405' title='bbox 871 4714 909 4734; x_wconf 94' lang='lat'><strong><em>=</em></strong></span> <span class='ocrx_word' id='word_1_406' title='bbox 927 4679 1050 4744; x_wconf 86' lang='lat' dir='ltr'>Enuod.</span> <span class='ocrx_word' id='word_1_407' title='bbox 1073 4704 1102 4766; x_wconf 92' lang='lat' dir='ltr'>p.</span> <span class='ocrx_word' id='word_1_408' title='bbox 1120 4684 1170 4759; x_wconf 79' lang='grc'>811,</span> <span class='ocrx_word' id='word_1_409' title='bbox 1183 4684 1297 4746; x_wconf 81' lang='lat'>5-13.</span> 
     </span>
    </p>

    <p class='ocr_par' dir='ltr' id='par_1_13' title="bbox 213 4779 1870 5601">
     <span class='ocr_line' id='line_1_41' title="bbox 316 4779 1870 4872; baseline -0.005 -23"><span class='ocrx_word' id='word_1_410' title='bbox 316 4783 496 4850; x_wconf 86' lang='lat' dir='ltr'>Ennodinrn</span> <span class='ocrx_word' id='word_1_411' title='bbox 526 4786 618 4850; x_wconf 91' lang='lat' dir='ltr'>etiam</span> <span class='ocrx_word' id='word_1_412' title='bbox 648 4785 871 4872; x_wconf 82' lang='lat' dir='ltr'>posterioribus</span> <span class='ocrx_word' id='word_1_413' title='bbox 900 4785 1031 4848; x_wconf 83' lang='lat' dir='ltr'>saeculis</span> <span class='ocrx_word' id='word_1_414' title='bbox 1060 4784 1092 4846; x_wconf 91' lang='lat' dir='ltr'>in</span> <span class='ocrx_word' id='word_1_415' title='bbox 1120 4783 1237 4847; x_wconf 89' lang='lat' dir='ltr'>honore</span> <span class='ocrx_word' id='word_1_416' title='bbox 1259 4783 1356 4848; x_wconf 83' lang='lat' dir='ltr'>fuisse</span> <span class='ocrx_word' id='word_1_417' title='bbox 1384 4792 1414 4846; x_wconf 90' lang='lat' dir='ltr'>et</span> <span class='ocrx_word' id='word_1_418' title='bbox 1442 4781 1613 4867; x_wconf 87' lang='lat' dir='ltr'>Gregorius</span> <span class='ocrx_word' id='word_1_419' title='bbox 1638 4779 1726 4859; x_wconf 90' lang='lat' dir='ltr'>VII,</span> <span class='ocrx_word' id='word_1_420' title='bbox 1754 4779 1807 4865; x_wconf 91' lang='lat' dir='ltr'>qui</span> <span class='ocrx_word' id='word_1_421' title='bbox 1837 4779 1870 4842; x_wconf 93' lang='lat' dir='ltr'>in</span> 
     </span>
     <span class='ocr_line' id='line_1_42' title="bbox 214 4881 1869 4975; baseline -0.002 -23"><span class='ocrx_word' id='word_1_422' title='bbox 214 4887 332 4954; x_wconf 90' lang='lat' dir='ltr'>dictatu</span> <span class='ocrx_word' id='word_1_423' title='bbox 355 4912 413 4953; x_wconf 91' lang='lat' dir='ltr'>suo</span> <span class='ocrx_word' id='word_1_424' title='bbox 435 4888 475 4954; x_wconf 89' lang='lat' dir='ltr'>ad</span> <span class='ocrx_word' id='word_1_425' title='bbox 499 4889 624 4954; x_wconf 82' lang='lat' dir='ltr'>Ennodr’</span> <span class='ocrx_word' id='word_1_426' title='bbox 646 4890 786 4954; x_wconf 91' lang='lat' dir='ltr'>libellum</span> <span class='ocrx_word' id='word_1_427' title='bbox 809 4889 1035 4975; x_wconf 89' lang='lat' dir='ltr'>apologeticum</span> <span class='ocrx_word' id='word_1_428' title='bbox 1059 4889 1252 4973; x_wconf 80' lang='lat' dir='ltr'>provocarit,</span> <span class='ocrx_word' id='word_1_429' title='bbox 1275 4897 1306 4950; x_wconf 83' lang='lat' dir='ltr'>et·</span> <span class='ocrx_word' id='word_1_430' title='bbox 1328 4887 1450 4951; x_wconf 73' lang='lat' dir='ltr'>codircs</span> <span class='ocrx_word' id='word_1_431' title='bbox 1474 4887 1562 4952; x_wconf 90' lang='lat' dir='ltr'>mrrlti</span> <span class='ocrx_word' id='word_1_432' title='bbox 1586 4887 1666 4950; x_wconf 85' lang='lat' dir='ltr'>inter</span> <span class='ocrx_word' id='word_1_433' title='bbox 1681 4881 1869 4950; x_wconf 89' lang='lat' dir='ltr'>XH-XV</span> 
     </span>
     <span class='ocr_line' id='line_1_43' title="bbox 215 4985 1868 5079; baseline -0.004 -23"><span class='ocrx_word' id='word_1_434' title='bbox 215 4994 336 5058; x_wconf 87' lang='lat' dir='ltr'>saecula</span> <span class='ocrx_word' id='word_1_435' title='bbox 359 4993 467 5079; x_wconf 88' lang='lat' dir='ltr'>scripti</span> <span class='ocrx_word' id='word_1_436' title='bbox 488 4994 657 5079; x_wconf 79' lang='lat' dir='ltr'>locupletas</span> <span class='ocrx_word' id='word_1_437' title='bbox 680 5002 754 5056; x_wconf 87' lang='lat' dir='ltr'>sunt</span> <span class='ocrx_word' id='word_1_438' title='bbox 774 5001 879 5057; x_wconf 85' lang='lat' dir='ltr'>testes.</span> <span class='ocrx_word' id='word_1_439' title='bbox 913 4991 966 5056; x_wconf 87' lang='lat' dir='ltr'>sed</span> <span class='ocrx_word' id='word_1_440' title='bbox 991 5015 1029 5055; x_wconf 93' lang='lat' dir='ltr'>ne</span> <span class='ocrx_word' id='word_1_441' title='bbox 1052 5014 1158 5055; x_wconf 88' lang='lat' dir='ltr'>omncs</span> <span class='ocrx_word' id='word_1_442' title='bbox 1181 4992 1270 5078; x_wconf 82' lang='lat' dir='ltr'>qrrasi</span> <span class='ocrx_word' id='word_1_443' title='bbox 1287 5014 1394 5056; x_wconf 88' lang='lat' dir='ltr'>caecos</span> <span class='ocrx_word' id='word_1_444' title='bbox 1411 5001 1564 5056; x_wconf 88' lang='lat' dir='ltr'>amatores</span> <span class='ocrx_word' id='word_1_445' title='bbox 1587 4989 1673 5053; x_wconf 82' lang='lat' dir='ltr'>vitiis</span> <span class='ocrx_word' id='word_1_446' title='bbox 1690 4985 1868 5054; x_wconf 83' lang='lat' dir='ltr'>Ennodiani</span> 
     </span>
     <span class='ocr_line' id='line_1_44' title="bbox 214 5090 1870 5183; baseline -0.004 -23"><span class='ocrx_word' id='word_1_447' title='bbox 214 5097 276 5161; x_wconf 89' lang='lat' dir='ltr'>stili</span> <span class='ocrx_word' id='word_1_448' title='bbox 300 5108 331 5162; x_wconf 90' lang='lat' dir='ltr'>et</span> <span class='ocrx_word' id='word_1_449' title='bbox 353 5097 469 5183; x_wconf 88' lang='lat' dir='ltr'>ingenii</span> <span class='ocrx_word' id='word_1_450' title='bbox 492 5096 639 5183; x_wconf 81' lang='lat' dir='ltr'>deceptos</span> <span class='ocrx_word' id='word_1_451' title='bbox 662 5107 693 5160; x_wconf 92' lang='lat' dir='ltr'>et</span> <span class='ocrx_word' id='word_1_452' title='bbox 708 5096 877 5160; x_wconf 80' lang='lat' dir='ltr'>delectatos</span> <span class='ocrx_word' id='word_1_453' title='bbox 901 5119 969 5160; x_wconf 85' lang='lat' dir='ltr'>csse</span> <span class='ocrx_word' id='word_1_454' title='bbox 992 5096 1159 5173; x_wconf 82' lang='lat' dir='ltr'>existimes,</span> <span class='ocrx_word' id='word_1_455' title='bbox 1182 5095 1262 5160; x_wconf 88' lang='lat' dir='ltr'>infra</span> <span class='ocrx_word' id='word_1_456' title='bbox 1285 5096 1450 5183; x_wconf 89' lang='lat' dir='ltr'>epistulam</span> <span class='ocrx_word' id='word_1_457' title='bbox 1474 5096 1514 5159; x_wconf 87' lang='lat' dir='ltr'>ab</span> <span class='ocrx_word' id='word_1_458' title='bbox 1529 5093 1664 5158; x_wconf 82' lang='lat' dir='ltr'>Amrdfo</span> <span class='ocrx_word' id='word_1_459' title='bbox 1681 5090 1870 5155; x_wconf 78' lang='lat' dir='ltr'>lexoviensi</span> 
     </span>
     <span class='ocr_line' id='line_1_45' title="bbox 214 5194 1869 5288; baseline -0.004 -25"><span class='ocrx_word' id='word_1_460' title='bbox 214 5201 360 5288; x_wconf 91' lang='lat' dir='ltr'>episeopo</span> <span class='ocrx_word' id='word_1_461' title='bbox 376 5224 458 5266; x_wconf 89' lang='lat' dir='ltr'>anuo</span> <span class='ocrx_word' id='word_1_462' title='bbox 475 5205 555 5268; x_wconf 84' lang='lat' dir='ltr'>lloo</span> <span class='ocrx_word' id='word_1_463' title='bbox 567 5203 714 5288; x_wconf 87' lang='lat' dir='ltr'>scriptam</span> <span class='ocrx_word' id='word_1_464' title='bbox 732 5201 893 5286; x_wconf 88' lang='lat' dir='ltr'>proferam,</span> <span class='ocrx_word' id='word_1_465' title='bbox 911 5224 973 5286; x_wconf 92' lang='lat' dir='ltr'>quo</span> <span class='ocrx_word' id='word_1_466' title='bbox 984 5200 1052 5264; x_wconf 85' lang='lat' dir='ltr'>viro</span> <span class='ocrx_word' id='word_1_467' title='bbox 1069 5199 1216 5285; x_wconf 89' lang='lat' dir='ltr'>perdocto</span> <span class='ocrx_word' id='word_1_468' title='bbox 1232 5199 1317 5264; x_wconf 90' lang='lat' dir='ltr'>haud</span> <span class='ocrx_word' id='word_1_469' title='bbox 1333 5201 1398 5263; x_wconf 85' lang='lat' dir='ltr'>scio</span> <span class='ocrx_word' id='word_1_470' title='bbox 1414 5223 1453 5264; x_wconf 91' lang='lat' dir='ltr'>an</span> <span class='ocrx_word' id='word_1_471' title='bbox 1469 5221 1560 5264; x_wconf 90' lang='lat' dir='ltr'>uerno</span> <span class='ocrx_word' id='word_1_472' title='bbox 1577 5217 1711 5282; x_wconf 89' lang='lat' dir='ltr'>unquam</span> <span class='ocrx_word' id='word_1_473' title='bbox 1729 5194 1869 5258; x_wconf 88' lang='lat' dir='ltr'>acerbius</span> 
     </span>
     <span class='ocr_line' id='line_1_46' title="bbox 214 5297 1868 5392; baseline -0.006 -24"><span class='ocrx_word' id='word_1_474' title='bbox 214 5313 244 5367; x_wconf 92' lang='lat' dir='ltr'>et</span> <span class='ocrx_word' id='word_1_475' title='bbox 271 5305 384 5369; x_wconf 78' lang='lat' dir='ltr'>rectius</span> <span class='ocrx_word' id='word_1_476' title='bbox 414 5304 453 5368; x_wconf 92' lang='lat' dir='ltr'>de</span> <span class='ocrx_word' id='word_1_477' title='bbox 481 5305 606 5370; x_wconf 86' lang='lat' dir='ltr'>Enrrodi</span> <span class='ocrx_word' id='word_1_478' title='bbox 639 5305 784 5392; x_wconf 89' lang='lat' dir='ltr'>operibus</span> <span class='ocrx_word' id='word_1_479' title='bbox 816 5304 1007 5369; x_wconf 88' lang='lat' dir='ltr'>iudicaverit.</span> <span class='ocrx_word' id='word_1_480' title='bbox 1031 5345 1071 5351; x_wconf 91' lang='lat'>-</span> <span class='ocrx_word' id='word_1_481' title='bbox 1096 5303 1175 5369; x_wconf 91' lang='lat' dir='ltr'>Inde</span> <span class='ocrx_word' id='word_1_482' title='bbox 1205 5305 1245 5368; x_wconf 88' lang='lat' dir='ltr'>ab</span> <span class='ocrx_word' id='word_1_483' title='bbox 1268 5303 1341 5370; x_wconf 91' lang='lat' dir='ltr'>XV</span> <span class='ocrx_word' id='word_1_484' title='bbox 1368 5303 1492 5368; x_wconf 87' lang='lat' dir='ltr'>sacculo</span> <span class='ocrx_word' id='word_1_485' title='bbox 1520 5300 1686 5366; x_wconf 87' lang='lat' dir='ltr'>Eunodius</span> <span class='ocrx_word' id='word_1_486' title='bbox 1718 5321 1736 5362; x_wconf 91' lang='lat' dir='ltr'>a</span> <span class='ocrx_word' id='word_1_487' title='bbox 1764 5297 1868 5360; x_wconf 90' lang='lat' dir='ltr'>multis</span> 
     </span>
     <span class='ocr_line' id='line_1_47' title="bbox 215 5407 1870 5497; baseline -0.005 -25"><span class='ocrx_word' id='word_1_488' title='bbox 215 5408 289 5472; x_wconf 87' lang='lat' dir='ltr'>viris</span> <span class='ocrx_word' id='word_1_489' title='bbox 313 5407 415 5475; x_wconf 86' lang='lat' dir='ltr'>doctis</span> <span class='ocrx_word' id='word_1_490' title='bbox 421 5459 430 5489; x_wconf 89' lang='lat'>,</span> <span class='ocrx_word' id='word_1_491' title='bbox 453 5411 597 5496; x_wconf 88' lang='lat' dir='ltr'>quamvis</span> <span class='ocrx_word' id='word_1_492' title='bbox 620 5410 712 5497; x_wconf 90' lang='lat' dir='ltr'>pauci</span> <span class='ocrx_word' id='word_1_493' title='bbox 735 5410 801 5474; x_wconf 89' lang='lat' dir='ltr'>eius</span> <span class='ocrx_word' id='word_1_494' title='bbox 825 5432 953 5496; x_wconf 92' lang='lat' dir='ltr'>operum</span> <span class='ocrx_word' id='word_1_495' title='bbox 976 5432 1049 5474; x_wconf 80' lang='lat' dir='ltr'>rere</span> <span class='ocrx_word' id='word_1_496' title='bbox 1071 5408 1162 5494; x_wconf 88' lang='lat' dir='ltr'>periti</span> <span class='ocrx_word' id='word_1_497' title='bbox 1184 5408 1314 5487; x_wconf 89' lang='lat' dir='ltr'>fuerint,</span> <span class='ocrx_word' id='word_1_498' title='bbox 1337 5416 1533 5485; x_wconf 89' lang='lat' dir='ltr'>memoratur,</span> <span class='ocrx_word' id='word_1_499' title='bbox 1556 5426 1688 5491; x_wconf 91' lang='lat' dir='ltr'>quorum</span> <span class='ocrx_word' id='word_1_500' title='bbox 1711 5410 1870 5487; x_wconf 86' lang='lat' dir='ltr'>praestan·</span> 
     </span>
     <span class='ocr_line' id='line_1_48' title="bbox 213 5511 1250 5601; baseline -0.002 -23"><span class='ocrx_word' id='word_1_501' title='bbox 213 5513 351 5580; x_wconf 80' lang='lat' dir='ltr'>tissinros</span> <span class='ocrx_word' id='word_1_502' title='bbox 376 5515 544 5579; x_wconf 90' lang='lat' dir='ltr'>nominabo</span> <span class='ocrx_word' id='word_1_503' title='bbox 567 5514 730 5601; x_wconf 87' lang='lat' dir='ltr'>disputans</span> <span class='ocrx_word' id='word_1_504' title='bbox 755 5513 792 5578; x_wconf 91' lang='lat' dir='ltr'>dc</span> <span class='ocrx_word' id='word_1_505' title='bbox 816 5513 976 5578; x_wconf 84' lang='lat' dir='ltr'>codicibus</span> <span class='ocrx_word' id='word_1_506' title='bbox 1000 5521 1030 5576; x_wconf 90' lang='lat' dir='ltr'>ct</span> <span class='ocrx_word' id='word_1_507' title='bbox 1052 5511 1250 5577; x_wconf 89' lang='lat' dir='ltr'>editionibus.</span> 
     </span>
    </p>
   </div>
   <div class='ocr_carea' id='block_1_10' title="bbox 914 5725 1170 5744">
    <p class='ocr_par' dir='ltr' id='par_1_14' title="bbox 914 5725 1170 5744">
     <span class='ocr_line' id='line_1_49' title="bbox 914 5725 1170 5744; baseline 0.008 -6"><span class='ocrx_word' id='word_1_508' title='bbox 914 5725 1170 5744; x_wconf 68' lang='grc' dir='ltr'>ν·-·ν-··-·γ··--··</span> 
     </span>
    </p>
   </div>
   <div class='ocr_carea' id='block_1_11' title="bbox 0 0 2310 6436">
    <p class='ocr_par' dir='ltr' id='par_1_15' title="bbox 0 0 2310 6436">
     <span class='ocr_line' id='line_1_50' title="bbox 0 0 2310 6436; baseline 0 0"><span class='ocrx_word' id='word_1_509' title='bbox 0 0 2310 6436; x_wconf 95' lang='lat' dir='ltr'> </span> 
     </span>
    </p>
   </div>
  </div>
 </body>
</html>
