4538 6436
401 413 442 476 92
1074 407 1174 462 LXXX
1193 406 1328 474 (OPUSC.
1346 407 1382 474 3).

400 603 612 667 gemmasque
635 582 805 646 rutilantes
830 579 1030 646 reverendae
1054 580 1205 664 imaginis
1229 579 1357 666 fulgore
1378 579 1596 664 conpresserit
1613 617 1652 625 -
1670 555 1791 646 etenim
1809 581 1901 666 quasi
1916 580 2054 646 absente

401 685 598 773 imperatore
627 685 672 749 ita
699 685 732 748 in
761 705 797 748 se
828 685 940 749 oculos
969 690 1116 749 traxerat
1145 683 1346 768 singulorum
1371 719 1426 760 —,
1458 682 1516 746 tali
1544 687 1655 746 tamen
1682 684 1868 749 narratione
1897 683 2055 772 incipiens

347 789 388 851 63
401 789 531 854 ianuam
555 790 618 853 oris
641 789 813 853 reseravit:
849 792 987 852 ‘summa
1010 789 1164 853 caelestis
1192 786 1328 867 domini,
1360 785 1547 851 venerande
1575 787 1742 874 princeps.
1773 795 1823 852 est
1852 788 2055 854 ordinatione
2073 807 2149 856 ι-ιιι

399 891 602 979 dispositum,
626 898 662 956 ιιι
686 892 738 955 cui
759 896 871 956 tantae
895 891 1097 978 reipublicae
1114 911 1193 955 cura
1208 889 1436 970 mandabatur,
1459 911 1519 976 per
1536 891 1717 956 catholicae
1732 890 1809 956 fidei
1825 891 1943 978 dogma
1958 891 2054 957 deum

400 1001 434 1060 et
456 1003 622 1060 auctorem
648 1001 681 1060 et
704 1001 883 1060 amatorem
906 995 1039 1081 pietatis
1063 1001 1274 1079 agnosceret,
1297 1015 1476 1080 perquem
1499 993 1662 1059 bellorum
1685 994 1829 1060 furorem
1851 997 1943 1080 pacis
1967 1017 2056 1062 arma
2122 1016 2134 1053 ι

400 1100 610 1184 confringunt
633 1106 666 1164 et
690 1102 821 1164 calcans
845 1100 927 1163 colla
950 1099 1124 1186 superbiae
1149 1099 1323 1164 eoncordia
1346 1103 1489 1184 superat,
1514 1097 1600 1185 quod
1622 1097 1780 1162 tortitudo
1794 1087 1857 1164 'non
1874 1102 2058 1186 praevalet.

399 1204 445 1267 sic
467 1224 607 1288 namque
621 1201 727 1267 David
744 1201 1000 1290 praedicabilem
1017 1201 1173 1289 parcendi
1195 1203 1301 1286 magis
1324 1202 1455 1265 inimico
1479 1201 1607 1264 animus
1630 1200 1775 1267 reddidit
1797 1224 1894 1287 quam
1918 1204 2056 1268 intentio

398 1306 595 1372 vindicandi.
641 1307 689 1371 sic
712 1306 853 1392 perfecti
874 1308 1079 1371 sacculorum
1103 1328 1199 1391 reges
1223 1313 1256 1370 et
1278 1306 1400 1370 domini
1431 1305 1691 1391 supplicantibus
1720 1305 1891 1392 indulgere
1919 1307 2055 1372 caelesti

399 1417 470 1474 arte
494 1411 686 1475 didicerunt.
732 1431 894 1497 supernae
925 1431 1065 1496 namque
1095 1409 1324 1474 dominationis
1354 1410 1458 1473 instar
1484 1408 1647 1495 possidet,
1678 1409 1731 1494 qui
1759 1410 1930 1495 imperium
1962 1432 2057 1475 suum

346 1513 386 1573 64
399 1515 523 1600 pietate
548 1515 713 1580 sublimat.
752 1513 811 1577 boc
835 1535 914 1598 ergo
931 1513 1028 1578 Italia
1051 1521 1162 1579 vestra
1184 1513 1268 1579 freta
1290 1513 1410 1578 iudicio
1433 1513 1487 1578 vel
1506 1511 1661 1577 Ricemer
1682 1513 1838 1598 patricius
1860 1513 2056 1600 parvitatem
2111 1531 2136 1568 1⁰

399 1639 506 1682 meam
530 1617 624 1682 oratu
647 1617 782 1698 direxit,
806 1616 1032 1683 indubitanter
1053 1619 1234 1698 coniciens,
1259 1617 1345 1706 quod
1367 1638 1482 1704 pacem
1505 1615 1673 1680 Romanus
1696 1615 1758 1682 deo
1781 1637 1898 1682 munus
1921 1619 2056 1700 tribuat,

400 1743 496 1808 quam
521 1728 675 1808 precatur
698 1727 732 1786 et
754 1721 925 1812 barbarus.
964 1723 1027 1788 erit
1050 1723 1136 1787 enim
1159 1722 1342 1807 triumphus
1360 1721 1478 1785 vestris
1501 1719 1632 1806 proprie
1656 1720 1847 1806 profuturus
1869 1723 2054 1802 annalibus,

400 1825 428 1890 si
444 1827 515 1890 sine
532 1826 692 1912 sanguine
708 1825 864 1890 viceritis.
904 1826 1001 1891 simul
1020 1827 1132 1890 nescio
1156 1847 1239 1911 quae
1263 1825 1392 1911 species
1416 1824 1530 1888 fortior
1552 1824 1655 1908 possit
1678 1844 1753 1890 esse
1777 1825 1936 1891 bellomm
1960 1848 2056 1912 quam

399 1931 555 1995 dimicare
586 1936 700 1994 contra
726 1929 925 1994 iracundiam
949 1936 982 1994 et
1009 1930 1205 1995 ferocissimi
1228 1929 1334 1995 Getae
1358 1928 1517 2015 pudorem
1541 1949 1678 1995 onerare
1702 1929 1880 1994 beneficiis.
1925 1931 2056 2014 gravius

347 2029 388 2090 65
402 2035 488 2099 enim
515 2034 716 2120 percellitur,
747 2034 775 2097 si
798 2034 962 2120 postulata
992 2035 1151 2120 inpetret,
1184 2054 1281 2120 quem
1304 2033 1421 2120 puduit
1442 2033 1602 2098 hactenus
1626 2033 1822 2118 supplicare.
1869 2032 2056 2099 tractandus
2110 2049 2134 2086 ιτ»

399 2138 517 2204 deinde
541 2159 662 2225 anceps
685 2136 830 2205 bellandi
855 2144 1008 2213 eventus;
1032 2140 1149 2224 inquo
1173 2145 1294 2220 tamen,
1318 2139 1346 2203 si
1370 2139 1415 2202 ita
1438 2137 1683 2224 praevaluerint
1704 2143 1852 2223 peccata,
1877 2138 2055 2203 certamine

398 2249 509 2306 vestro
539 2263 641 2327 regno
673 2240 899 2307 defrudabitur
927 2241 1013 2327 quod
1042 2248 1153 2329 partes
1182 2250 1342 2328 utraeque
1365 2241 1578 2329 perdiderint.
1624 2263 1699 2306 nam
1722 2261 1947 2326 quaecumque
1970 2241 2057 2328 apud

399 2344 616 2427 Ricemerem,
640 2346 667 2410 si
691 2346 816 2411 amicus
841 2353 902 2427 est,
926 2347 1017 2410 salva
1040 2352 1125 2426 sunt,
1150 2367 1222 2410 oum
1247 2347 1319 2433 ipsc
1335 2369 1356 2410 a
1371 2345 1463 2410 vobis
1485 2345 1623 2431 patricio
1646 2344 1866 2431 possidentur.
1911 2345 2056 2430 cogitate

399 2450 531 2536 pariter,
556 2449 630 2537 quia
653 2450 739 2514 bene
764 2470 884 2515 causae
909 2471 989 2514 suae
1013 2449 1159 2515 ordinem
1182 2450 1296 2536 dirigit
1318 2449 1372 2536 qui
1396 2470 1512 2536 pacem
1534 2449 1658 2535 primus
1682 2447 1859 2514 obtulerit'.
2073 2469 2095 2512 r·
2110 2463 2148 2502 ιιι

345 2552 386 2614 66
507 2552 679 2618 Hactenus
710 2552 918 2618 admirandus
950 2554 1099 2639 pontifex
1131 2562 1323 2641 prosecutus
1352 2552 1507 2639 loquendi
1535 2552 1634 2618 finem
1663 2552 1752 2618 lecit.
1796 2557 1874 2616 tunc
1903 2553 2057 2639 princeps
2110 2567 2136 2606 2⁰

399 2657 530 2741 erigens
563 2659 675 2721 oculos
707 2656 874 2722 desertum
909 2679 944 2722 sc
976 2658 1119 2722 omnium
1147 2657 1229 2722 vidit
1258 2657 1446 2744 aspectibus
1476 2663 1573 2741 atque
1603 2655 1636 2721 in
1666 2677 1742 2723 eum
1770 2657 1925 2723 invitatos
1949 2657 2058 2722 vultus

400 2782 474 2826 esse
497 2769 705 2842 cunctorum,
739 2783 835 2847 quem
859 2761 1012 2827 admirari
1035 2784 1096 2828 nec
1120 2763 1191 2849 ipse
1215 2763 1398 2828 desinebat.
1443 2767 1521 2827 tunc
1544 2761 1610 2824 alto
1634 2760 1768 2825 trahens
1791 2760 1895 2825 verba
1917 2761 2057 2847 suspirio

345 2869 387 2929 67
400 2865 447 2929 ita
470 2886 564 2930 orsus
588 2872 655 2932 est:
680 2868 837 2950 ‘quamvis
861 2865 1102 2952 inexplicabilis
1125 2868 1214 2949 mihi,
1239 2871 1350 2932 sancto
1374 2867 1523 2948 antistes,
1547 2864 1705 2930 adversus
1726 2863 1933 2931 Ricemerem
1957 2885 2058 2930 causa

400 2968 522 3032 doloris
553 2970 594 3033 sit
623 2976 655 3034 et
686 2969 767 3035 nihil
793 2970 955 3056 profuerit
985 2970 1138 3035 maximis
1168 2991 1286 3037 eume
1310 2969 1405 3034 nobis
1434 2969 1590 3033 donatum
1618 2967 1718 3032 fuisse
1746 2968 1928 3049 benefieiis,
1959 2988 2056 3053 quem

400 3072 515 3154 etiam,
546 3072 632 3160 quod
660 3095 724 3138 non
757 3074 827 3139 siue
858 3073 983 3160 pudore
1012 3081 1046 3140 et
1073 3075 1167 3160 regni
1190 3081 1225 3139 et
1246 3073 1415 3159 sanguinis
1439 3073 1543 3136 nostri
1565 3069 1739 3136 dicendum
1762 3079 1829 3154 est,
1857 3073 1889 3136 in
1912 3071 2057 3137 familiae

399 3181 538 3240 stemma
566 3177 804 3262 copulavimus,
833 3176 910 3241 dum
938 3177 1134 3243 indulsimus
1158 3178 1261 3243 amori
1285 3176 1486 3263 reipublicae
1509 3174 1596 3261 quod
1619 3173 1786 3240 videretur
1808 3173 1850 3239 ad
1872 3179 2058 3240 nostrorum

400 3277 510 3342 odium
538 3281 717 3365 pertinere.
763 3282 835 3366 quis
866 3281 927 3345 hoc
956 3302 1096 3367 namque
1120 3289 1269 3348 veterum
1298 3288 1384 3345 retro
1408 3279 1591 3366 principum
1614 3278 1693 3343 lecit
1714 3298 1883 3363 umquam,
1912 3285 1949 3343 ιιι
1972 3279 2058 3344 inter

398 3402 552 3462 munera,
584 3404 668 3470 quae
692 3385 806 3470 pellito
831 3384 936 3450 Getae
960 3385 1030 3450 dari
1059 3405 1198 3451 necesse
1226 3389 1311 3466 erat,
1341 3405 1400 3471 pro
1429 3383 1539 3468 quiete
1569 3382 1733 3446 communi
1760 3381 1828 3446 lilia
1855 3388 2057 3468 poneretur?

346 3493 387 3556 68
401 3485 598 3550 nescivimus
621 3508 756 3573 parcere
781 3488 932 3574 sanguini
955 3495 1083 3569 nostro,
1116 3489 1194 3553 dum
1216 3509 1385 3555 servamus
1409 3488 1562 3552 alienum.
1606 3507 1703 3552 nemo
1726 3491 1837 3551 tamen
1861 3486 1922 3550 hoc
1945 3486 2058 3551 credat

399 3588 553 3674 propriae
583 3611 683 3654 causa
710 3590 831 3654 factum
856 3612 929 3656 esse
954 3592 1147 3658 formidinis.
1192 3614 1268 3658 nam
1291 3593 1324 3657 iu
1347 3597 1440 3656 tants
1462 3590 1752 3676 circumspectione
1776 3590 1890 3654 salutis
1913 3591 2056 3656 omnium
2110 3609 2137 3646 ιο

399 3692 505 3756 solum
538 3714 597 3780 pro
631 3692 725 3758 nobis
759 3694 874 3759 timere
903 3716 968 3760 non
994 3696 1155 3762 novimus.
1200 3697 1286 3763 bene
1315 3697 1402 3786 euim
1431 3693 1518 3781 apud
1544 3715 1605 3759 nos
1634 3701 1825 3781 conpertum
1853 3701 1918 3776 est,
1950 3695 2058 3781 perire

398 3795 587 3882 imperatori
617 3796 750 3862 laudem
780 3818 860 3862 suae
887 3799 1034 3879 virtutis,
1066 3801 1121 3886 qui
1150 3820 1209 3886 pro
1241 3801 1379 3864 aliorum
1408 3799 1550 3862 cautella
1578 3817 1642 3862 non
1672 3798 1798 3862 metuit.
1843 3797 1901 3862 sed
1923 3805 1960 3862 ut
1980 3806 2057 3864 tuae

398 3900 603 3965 venerationi
637 3900 678 3965 ad
707 3901 865 3986 liquidum
897 3909 1032 3967 conatus
1063 3904 1151 3968 illius
1179 3904 1380 3990 aperiamus,
1412 3901 1564 3988 quotiens
1588 3901 1726 3966 anobis
1756 3901 1933 3966 maioribus
1965 3901 2057 3968 donis

399 4003 584 4067 cumulatus
608 4010 660 4069 est
676 4003 839 4086 Ricemer,
862 4007 983 4070 totiens
1006 4007 1138 4091 gravior
1159 4006 1311 4071 inimicus
1333 4005 1495 4093 apparuit.
1540 4011 1662 4090 quanta
1684 4011 1798 4069 contra
1820 4005 2057 4092 rempublicam

345 4114 387 4176 69
399 4104 489 4171 bella
504 4109 733 4194 praeparavit?
772 4115 909 4193 quantas
927 4116 1136 4175 externarum
1153 4111 1299 4196 gentium
1316 4131 1375 4196 per
1390 4109 1481 4173 illum
1496 4110 1583 4174 vires
1600 4108 1690 4173 furor
1703 4110 1853 4195 accepit?
1891 4115 2055 4196 postremo
2109 4123 2134 4162 ³⁵

399 4210 509 4292 etiam,
533 4211 590 4274 ubi
614 4233 734 4278 nocere
758 4233 822 4276 non
846 4215 961 4299 potuit,
984 4213 1122 4280 nocendi
1146 4222 1255 4278 tamen
1279 4214 1425 4278 fomenta
1447 4213 1620 4297 suggessit.
1660 4213 1735 4277 huic
1751 4233 1810 4278 nos
1830 4233 1945 4299 pacem
1962 4212 2054 4276 dabi-
2073 4234 2094 4276 r·
2109 4227 2148 4266 ιιι

397 4321 493 4378 mus?
539 4315 625 4379 hunc
650 4316 841 4380 intestinum
872 4317 932 4380 sub
961 4317 1155 4402 indumento¹
1181 4318 1396 4382 amicitiarum
1424 4317 1588 4381 inimicum
1618 4316 1864 4392 sustinebimus,
1892 4337 1988 4402 quern
2014 4314 2056 4379 ad

397 4417 514 4482 foedus
550 4418 741 4482 concordiae
776 4441 836 4483 nec
871 4420 1049 4486 adfinitatis
1080 4422 1209 4486 vincula
1244 4425 1440 4486 tenuerunt?
1490 4419 1622 4505 grandis
1655 4421 1763 4484 cautio
1797 4427 1849 4484 est
1878 4420 2056 4485 adversarii

399 4522 542 4586 animum
568 4521 773 4606 cognovisse.
820 4523 941 4586 ctonim
966 4523 1093 4588 hostem
1118 4525 1266 4610 protinus
1291 4524 1434 4589 sensisse
1458 4544 1632 4610 superasse
1656 4529 1717 4587 est.
1761 4522 1903 4609 perdunt
1926 4545 2057 4611 semper

348 4632 387 4692 70
400 4625 608 4712 deprebensa
631 4625 707 4690 odis
731 4627 890 4706 stimulos,
915 4648 997 4712 quos
1021 4629 1184 4692 occultota
1200 4633 1430 4714 conceperant.
1469 4626 1527 4692 sed
1545 4628 1572 4690 si
1589 4629 1621 4691 in
1637 4627 1689 4691 his
1705 4627 1853 4692 omnibus
1871 4628 2056 4692 reverentia

400 4736 457 4793 tua
480 4735 514 4793 et
530 4729 629 4794 vades
652 4736 686 4796 et
709 4730 869 4794 mediator
893 4730 1028 4810 accedit,
1052 4731 1105 4816 qui
1129 4737 1223 4817 potes
1247 4732 1385 4817 spiritali
1408 4730 1561 4816 indagine
1584 4730 1721 4795 consilia
1744 4730 1885 4796 nefanda
1907 4731 2056 4796 invenire

503 4952 720 5007 1ι1ιιιιιιιιιιιιΒι
823 4951 943 5006 2tamen
961 4972 1011 5007 οιιι.
1027 4954 1106 5007 Sino.
1211 4953 1432 5008 9dsdioeruntB
1536 4953 1570 5006 10
1586 4957 1676 5024 patrici
1690 4956 1693 5024 Ι
1709 4956 1750 5007 Βι
1768 4955 1823 5024 (um
1841 4957 1928 5010 cdeer.
1945 4954 2055 5024 maa.2)

399 5037 431 5090 ll
453 5048 553 5092 oratum
575 5041 663 5093 achon
771 5041 818 5092 dec
841 5039 946 5108 munus]
971 5041 1090 5094 dominus
1112 5041 1182 5093 Bell.
1328 5040 1362 5094 13
1383 5044 1404 5094 si
1427 5060 1475 5094 om.
1492 5042 1518 5094 B
1622 5044 1762 5110 sanguines
1778 5039 1819 5093 Βι
1923 5043 2016 5110 apicios
2032 5043 2058 5093 Β

398 5125 521 5192 possetB
641 5125 673 5178 14
691 5125 853 5178 demicach
932 5126 1052 5178 dimicare
1066 5154 1097 5162 -
1110 5127 1257 5193 percellitur
1268 5128 1355 5180 ooaC
1469 5127 1499 5180 17
1518 5129 1710 5182 defraudabitur
1724 5129 1759 5180 Gt
1838 5130 1999 5197 perdedarint
2013 5127 2058 5178 Ba

397 5207 433 5260 ‘20
451 5213 526 5263 lnocit
544 5211 617 5280 (facit
633 5231 666 5264 ιιι.
682 5211 704 5279 1)
722 5213 746 5262 V
849 5209 884 5264 ‘23
901 5210 1038 5264 antistisB
1146 5209 1180 5263 27
1198 5212 1440 5280 pertinerctBWL
1546 5212 1580 5266 28
1597 5216 1684 5268 daret
1792 5213 2002 5282 stamparum
2020 5223 2059 5266 eat

397 5298 467 5362 apud
483 5315 530 5348 nos
545 5299 580 5350 Ob
700 5296 735 5350 32
752 5299 857 5351 cantilla
869 5297 902 5362 B,
919 5300 1020 5350 cautela
1033 5297 1058 5348 V
1174 5296 1208 5350 33
1226 5300 1367 5352 conatosB
1482 5299 1516 5352 34
1533 5302 1766 5354 oomulatusBVL
1886 5300 1921 5353 35
1938 5299 2058 5368 quantas]

398 5391 510 5446 quantus
526 5383 552 5432 B
630 5383 686 5452 per]
705 5386 746 5452 pel
759 5385 805 5436 Be
885 5387 953 5434 soror
969 5382 1014 5432 B‘l
1135 5382 1169 5434 36
1187 5385 1350 5452 susgessitB
1427 5386 1556 5455 dabimus]
1573 5388 1702 5441 damusB
1821 5385 1855 5439 37
1873 5386 1953 5456 hune]
1972 5387 2059 5439 booB

397 5465 432 5518 38
449 5470 561 5520 adfinitis
579 5470 604 5519 Β
671 5469 847 5521 atluersarium
864 5469 889 5519 Β
1004 5468 1041 5520 40
1058 5471 1222 5538 conciperent
1239 5472 1264 5522 B
1334 5474 1462 5526 occultata
1482 5483 1603 5543 ceperant
1620 5493 1674 5542 sup.
1694 5493 1743 5526 scr.
1761 5491 1809 5526 con
1826 5475 1854 5538 V.
1877 5476 1978 5526 occulta
1998 5492 2058 5526 con·

397 5564 519 5621 ceperant
535 5573 591 5622 ιιιρ.
608 5573 658 5607 scr.
675 5555 738 5607 taL
859 5555 892 5607 41
912 5557 990 5608 vados
1007 5557 1108 5622 scripsi,
1125 5557 1199 5608 uadis
1217 5559 1277 5608 libr-i
1364 5559 1447 5627 potes]
1466 5568 1550 5628 potest
1566 5561 1606 5612 Bb
1693 5562 1813 5628 indagine
1831 5559 1948 5627 consilia]
1966 5562 2057 5612 ιιιιιιιια

398 5641 473 5690 trtius
484 5643 549 5692 citae
560 5643 637 5692 verbu
649 5651 716 5704 mut,
733 5659 798 5706 quoe
811 5643 849 5692 Pb
862 5642 992 5700 exlriteotr
1010 5660 1072 5692 nam
1084 5661 1149 5707 qrcoc
1161 5645 1214 5693 illia
1226 5645 1288 5710 ίριίι
1300 5646 1422 5696 adnexuit
1435 5648 1449 5697 b
1463 5643 1613 5712 [exuberare
1632 5649 1804 5714 dignationem
1822 5649 1964 5699 litterarum
1978 5689 1983 5699 .
1995 5689 2000 5698 .
2012 5687 2017 5699 .
2031 5645 2058 5714 .].

396 5729 475 5778 uerba
496 5730 567 5795 epist.
586 5729 640 5779 III
651 5732 683 5778 18
702 5730 754 5793 (nr.
770 5728 965 5792 LXXXVIII)
986 5738 1045 5779 aunt
1115 5731 1218 5781 iuuenis
1237 5749 1293 5797 sup.
1306 5733 1351 5782 lin.
1365 5751 1377 5784 r
1390 5733 1415 5782 Β
