4612 6442
1019 374 1055 428 ll.
1082 373 1129 428 DE
1149 374 1337 430 CODICIBUS
1356 374 1505 430 uuuoul.

987 547 1083 613 codex
1105 547 1155 614 B:
1205 553 1207 558 '
1286 551 1287 554 ’
1540 550 1615 614 idua
1637 552 1680 615 ΙΙ
1698 550 1825 616 elassis:

695 695 726 760 p.
748 673 864 751 201,10
887 669 1047 756 requimnt
1517 672 1597 736 lirant

643 859 646 866 Δ
744 778 835 855 200,1
882 773 1027 861 puritatis
1518 776 1658 841 veritatis

743 881 837 959 2223
882 876 1130 943 consideratione
1518 880 1637 945 ratione

746 986 840 1063 227,8
884 982 1097 1069 plenissimum
1521 984 1645 1071 plenam

745 1090 861 1167 23130
884 1084 1338 1170 (11111111οηί1(π111111111111)
1520 1088 1687 1155 debitionis
1771 1079 1772 1084 ¹

745 1193 861 1270 23034
884 1190 1009 1255 illorum

749 1297 864 1374 24730
887 1291 1007 1357 decoris

748 1402 863 1480 248‚19
885 1409 997 1463 natura

748 1507 841 1586 2083
887 1525 950 1567 non

1520 1215 1627 1258 eonun

1522 1296 1561 1361 de
1583 1297 1723 1384 corporis

1522 1407 1603 1464 terra

1522 1526 1579 1567 nee

820 1610 839 1674 8
884 1629 942 1671 eon
966 1629 1001 1670 ce
1016 1606 1140 1670 natione
1155 1611 1205 1685 (=
1223 1604 1470 1685 ooueiunatioue)
1522 1605 1802 1693 condempnatione

821 1714 862 1776 22
885 1709 978 1775 fidem

746 1817 861 1895 273,13
883 1812 1064 1900 peregrinus

748 1921 864 1999 27434
885 1918 1028 2005 plurimis

746 2026 862 2104 28238
885 2022 1013 2087 servitio

748 2131 861 2206 28331
887 2125 1014 2192 Liberio

1522 1709 1668 1775 fiduciam

1523 1812 1649 1878 divinus

1523 1918 1665 2004 pluribus

1524 2021 1627 2086 officio

1524 2125 1620 2190 Floro

750 2235 865 2310 29230
888 2232 969 2296 coris
990 2229 1087 2294 dones
1106 2253 1139 2294 se
1162 2235 1211 2313 (=
1230 2226 1378 2314 Corydon
1394 2234 1472 2307 esse)
1525 2215 1660 2294 donasse
1682 2230 1764 2295 euris

749 2339 863 2414 30135
888 2334 1054 2420 adsurgere
1524 2335 1670 2420 occupari

750 2440 865 2516 32238
887 2437 949 2502 nisi
1523 2437 1550 2501 si
1573 2459 1635 2502 non

437 2615 483 2678 At
497 2613 561 2678 iam
575 2611 707 2690 sullicit;
729 2610 802 2675 licet
816 2611 899 2675 euim
915 2634 977 2676 uno
993 2611 1043 2675 vel
1059 2611 1156 2675 altero
1172 2610 1241 2674 loco
1257 2608 1373 2693 ambigi
1396 2609 1509 2695 possit,
1533 2618 1636 2674 utrum
1651 2611 1799 2678 lectiones
1815 2613 1969 2680 secundae
1984 2615 2093 2680 elassis

435 2720 555 2785 librarii
586 2741 641 2805 per
669 2718 893 2804 neglegentiam
922 2718 1155 2786 immutaverint
1185 2739 1224 2781 111
1248 2726 1423 2806 propterea,
1451 2716 1536 2802 quod
1559 2717 1644 2781 vit-iis
1667 2716 1825 2804 arehetqpi
1849 2720 1947 2783 coacti
1970 2718 2094 2803 ingenio

437 2846 495 2889 suo
517 2822 621 2910 potius
644 2845 738 2908 qnam
766 2822 864 2886 oculis
894 2820 1104 2900 confidebant,
1132 2830 1254 2885 constat
1277 2820 1425 2907 plurimus
1457 2828 1539 2883 certo
1563 2819 1694 2884 consilio
1717 2819 1814 2885 lactas
1837 2832 1868 2885 et
1889 2823 2004 2886 multas
2027 2845 2095 2886 esse

438 2951 523 2993 mera
543 2927 733 3013 glossemata
747 2934 779 2990 et
794 2927 994 2990 coniecturae.
1028 2948 1135 2990 omnes
1159 2935 1260 2990 autem
1284 2933 1355 2988 sunt
1378 2934 1440 2989 tam
1464 2924 1646 3009 singulares
1668 2933 1703 2988 ut
1725 2924 1856 3006 codices,
1879 2927 1993 3012 quibus
2015 2929 2095 2992 tales

438 3030 587 3096 lectiones
610 3051 790 3094 communes
813 3039 894 3109 suut,
916 3029 1054 3094 eiusdem
1077 3051 1145 3094 esse
1160 3029 1297 3094 familiae
1318 3038 1349 3092 et
1372 3029 1411 3093 ab
1434 3027 1542 3092 eodem
1566 3029 1734 3116 exemplari
1758 3030 1892 3117 pendere
1906 3031 2097 3097 confidenter

437 3135 500 3199 diei
531 3135 641 3221 possit.
692 3133 805 3219 quodsi
834 3143 1016 3219 argumenta
1042 3135 1199 3198 cumulare
1228 3156 1338 3220 pergo,
1372 3154 1433 3196 uon
1464 3130 1497 3195 id
1527 3131 1603 3196 mihi
1633 3134 1829 3218 propositum
1857 3146 1916 3215 est,
1949 3145 1985 3202 ut
2015 3136 2095 3202 duas

440 3237 583 3303 codicum
607 3238 722 3304 classes
745 3237 964 3303 discemeudas
992 3260 1060 3302 esse
1087 3235 1305 3325 persuadeam,
1334 3235 1388 3300 sed
1417 3243 1452 3299 ut
1479 3236 1688 3320 intellegatur,
1717 3260 1778 3322 qua
1801 3237 1943 3304 libertate
1971 3240 2012 3320 is,
2041 3243 2095 3328 qui

441 3345 644 3432 archetppum
666 3343 821 3410 sectandae
843 3345 952 3409 classis
975 3345 1175 3431 conseripsit,
1198 3344 1229 3407 iu
1253 3343 1356 3408 verbis
1380 3340 1536 3406 mutandis
1560 3363 1636 3404 usus
1660 3342 1708 3406 sit.

636 3519 732 3582 codex
754 3518 804 3582 B:
1169 3539 1242 3581 veru
1264 3515 1368 3580 lectio:
1671 3513 1745 3577 111111
1767 3514 1811 3577 ΙΙ
1828 3513 1955 3608 classis:

439 3665 469 3727 p.
507 3643 575 3720 7,11
600 3638 1009 3725 nonputantemditusloea
1034 3661 1096 3702 uon
1119 3646 1229 3724 putant
1252 3635 1391 3701 emditos
1413 3635 1482 3699 loeo
1527 3655 1589 3697 uon
1612 3642 1721 3719 patent
1742 3634 1871 3700 cruditis
1895 3637 1964 3701 locu

484 3747 556 3824 303
601 3743 731 3808 extimat
748 3743 833 3808 nasei
853 3766 946 3830 posse
962 3743 1009 3808 of·
1034 3742 1177 3806 aestimat
1199 3763 1228 3805 11.
1252 3764 1282 3827 p.
1304 3763 1331 3804 o.
1527 3735 1686 3801 existimat
1707 3737 1791 3823 quod
1814 3741 1900 3804 nasei
1923 3741 2025 3826 possit
2051 3744 2098 3807 of-

635 3845 754 3912 fensum
1571 3839 1659 3904 fensa

484 3952 554 4030 63,1
601 3951 742 4015 onerabit
1035 3949 1176 4013 oneravit
1526 3944 1676 4008 onerabat

484 4055 663 4132 0430111111
700 4054 866 4119 involvunt
899 4053 1009 4118 nebule
1035 4052 1260 4118 (11.1111111111
1525 4069 1588 4110 uon
1619 4047 1752 4112 involuit
1779 4049 1893 4117 nebula
1921 4052 2098 4139 praedicato

638 4156 852 4243 praedicantes
896 4157 975 4220 lueis
1034 4181 1065 4243 p.
1087 4157 1107 4220 1.
1130 4179 1157 4220 u.
1569 4151 1647 4215 lueis
1671 4160 1812 4216 auctores

639 4269 795 4326 auctorem

465 4367 577 4443 reale
600 4373 748 4429 restatute
763 4363 989 4430 mendatissimi
1037 4372 1134 4429 restat
1155 4374 1190 4429 ut
1212 4361 1454 4427 enreudatissimi
1530 4367 1625 4424 restat
1647 4368 1750 4424 autern
1773 4359 2017 4428 emendatissimi

462 4470 556 4545 206,4
601 4469 677 4533 stilli
1037 4469 1099 4532 stili
1530 4462 1638 4527 stellae

463 4574 556 4651 211,8
601 4571 627 4636 si
639 4570 944 4636 eaelumlancearum
954 4571 1011 4635 im·
1037 4594 1061 4635 s.
1083 4594 1109 4635 o.
1133 4572 1152 4636 l.
1176 4571 1194 4636 i.
1217 4571 1378 4650 obtexerit,
1530 4589 1554 4630 s.
1578 4588 1604 4630 c.
1625 4565 1645 4629 1.
1668 4565 1687 4630 1.
1710 4566 1877 4646 obtereret,

640 4675 871 4754 berobtexeret,
884 4674 936 4760 qui
949 4674 1012 4738 for·
1037 4698 1066 4762 q.
1088 4675 1109 4739 f.
1130 4684 1152 4739 t.
1176 4675 1288 4752 iecerit,
1529 4695 1558 4756 q.
1580 4670 1602 4734 f.
1624 4680 1645 4734 t.
1669 4669 1789 4750 iaceret,

639 4779 701 4843 tius
710 4777 806 4843 telum
817 4778 935 4858 iaceret,
947 4801 1008 4843 non
1036 4801 1065 4842 n.
1086 4779 1196 4843 latebit
1530 4797 1559 4837 u.
1581 4772 1689 4838 lateret

641 4882 756 4947 latebet

465 4986 580 5066 237,14
604 5007 698 5071 rogus
1036 5007 1128 5072 rogos
1340 4975 1344 4988 '
1531 5003 1639 5068 rogum

463 5091 557 5168 2704
602 5089 788 5175 contingerit
844 5087 1011 5154 l'erritur...
1037 5089 1225 5174 contingeret
1307 5087 1436 5150 ferretur
1458 5133 1504 5149 ...
1530 5084 1689 5171 confinget
1705 5135 1751 5152 ...
1767 5085 1862 5151 fertur
1881 5090 2100 5176 ..multipli-

640 5193 895 5280 multiplicaretur
1084 5192 1341 5278 multiplicaretur
1574 5199 1662 5253 catur

463 5298 579 5375 30736
602 5295 748 5362 delitetur
1038 5295 1219 5361 debilitetur
1531 5292 1700 5358 delectetur

464 5403 557 5480 3088
602 5399 777 5488 possidensi
800 5398 945 5464 dentibus
1037 5399 1271 5486 possidentibus
1532 5396 1695 5485 possidens
1718 5396 1898 5464 videntibus

358 5635 373 5654 x
443 5557 535 5637 Quae
558 5558 585 5623 si
607 5558 677 5646 quis
702 5557 782 5623 inter
805 5577 837 5620 se
860 5556 1095 5643 comparaverit,
1118 5564 1301 5642 cognoscet,
1329 5562 1446 5642 quanta
1473 5553 1671 5643 simplicitate
1699 5563 1729 5619 et
1755 5562 1789 5619 ut
1817 5555 1861 5622 ita
1887 5556 1990 5624 dicam
2012 5558 2102 5624 inno·

442 5665 543 5730 centia
573 5664 671 5730 codex
700 5663 916 5734 Bmxellensis
951 5662 1098 5729 lectiones
1127 5663 1313 5750 depravatas
1343 5659 1587 5742 conservaverit,
1620 5671 1737 5748 quauta
1764 5661 1894 5730 audacia
1928 5672 1959 5728 et
1986 5664 2102 5730 astutia
