4566 6532
442 393 504 454 276
544 388 749 442 ccccxxxvi
768 386 891 456 (aelst.
910 389 935 446 Β,
955 387 1006 448 lot,
1025 385 1244 441 ettcuxxxvll
1263 383 1386 452 (EPIST.
1404 386 1430 450 8,
1450 387 1501 452 11),
1520 383 1754 440 cccuxxxvffl
1773 384 1893 452 (CARM.
1913 385 1935 447 1,
1953 385 1989 448 l).

442 562 544 627 faciat
566 561 626 626 tibi
649 560 800 626 Christus
824 568 936 624 noster
958 580 1017 624 nec
1040 558 1223 626 custoditae
1247 559 1447 644 integritatis
1470 558 1612 623 fructum
1635 558 1744 644 perire
1768 579 1829 623 nec
1853 577 1987 622 munera
2009 577 2098 643 nup·

417 666 572 758 tiaram.
618 665 666 729 sic
689 664 860 748 virginitas
882 663 986 749 prosit
1009 662 1051 726 ad
1074 663 1237 744 subolem,
1265 669 1302 726 ut
1324 663 1468 728 castitati
1491 668 1567 726 tuae
1589 661 1775 726 fecunditas
1798 661 1844 726 nil
1867 659 2039 746 decerpat,
2064 665 2102 724 et

441 770 524 834 miro
547 768 803 854 dispensationis
827 787 946 832 arcano
970 788 1029 831 uec
1053 768 1203 845 saeculo,
1235 765 1311 831 dum
1341 773 1435 852 pater
1459 787 1509 847 es,
1538 785 1656 851 pereas
1680 786 1741 831 uec
1763 765 1816 829 dei
1845 765 1985 849 gratiae,
2017 763 2099 828 dum

410 870 592 959 2pudicus.
636 872 748 938 veniat
772 876 942 956 superte,
973 871 1060 955 quod
1083 871 1177 935 Isaac
1208 870 1327 935 iuniori
1354 870 1422 934 filio
1444 870 1499 956 pie
1521 869 1673 934 inductus
1697 869 1832 955 optarit.
1876 869 1939 933 illis
1962 868 2099 933 domum

443 996 555 1040 socrus
585 975 741 1062 auspiciis
772 995 856 1040 uxor
884 976 1042 1051 introeat,
1074 975 1189 1060 quibus
1212 972 1253 1038 ad
1277 973 1401 1038 Tobiae
1430 973 1615 1060 penetralia
1641 993 1742 1038 nurus
1770 973 1918 1039 accessit.
1963 974 2007 1037 sit
2035 971 2100 1036 tibi
2169 997 2181 1032 s

440 1078 609 1164 perfectae
640 1099 739 1143 causa
767 1078 953 1143 dilectionis
985 1079 1018 1142 in
1049 1079 1204 1163 coniuge,
1237 1079 1269 1141 in
1298 1084 1332 1142 te
1360 1078 1532 1161 virginitas
1562 1076 1735 1145 custodita.
1781 1078 1885 1142 solam
1914 1077 2005 1143 illam
2034 1076 2100 1140 tibi

385 1253 387 1256 ,
441 1181 632 1268 deputatam
656 1181 795 1262 noveris,
820 1183 872 1246 cui
895 1188 927 1245 te
952 1183 1043 1268 quasi
1066 1203 1132 1246 non
1157 1203 1250 1247 esses
1272 1202 1315 1244 ex
1338 1181 1451 1245 mundi
1473 1181 1569 1246 faece
1593 1182 1743 1248 servasti.
1782 1202 1860 1246 ecce
1883 1182 1959 1266 quia
1982 1180 2100 1245 venire

410 1289 505 1351 3non
529 1287 631 1373 potui,
655 1286 803 1351 oratione
821 1307 884 1351 non
900 1286 1026 1351 desum.
1061 1286 1193 1350 domine
1216 1287 1270 1366 mi,
1295 1289 1404 1372 spero',
1427 1291 1464 1349 ut
1484 1286 1609 1351 honore
1633 1285 1840 1352 salutationis
1856 1292 1994 1371 accepto
2011 1305 2101 1370 quae

318 1418 320 1422 ’
442 1411 536 1454 amc
560 1390 685 1454 directa
708 1397 783 1454 sunt
805 1389 980 1475 dignanter
1001 1391 1153 1476 accipias.

992 1680 1277 1750 ccouxxxvll
1299 1682 1409 1767 (uersu.
1426 1686 1456 1763 8,
1475 1683 1540 1766 11).
2278 1777 2281 1784 Ι

1018 1859 1241 1935 ARATORI
1269 1859 1477 1934 ENNODIV
1479 1861 1517 1935 S.
2157 1895 2183 1933 ιο

413 2003 427 2063 ¹
542 1989 663 2085 Miror
686 2041 744 2085 cur
766 2019 965 2085 devenustes
990 2021 1077 2108 turpi
1102 2020 1234 2086 silentio
1250 2020 1292 2084 ad
1307 2020 1492 2084 Romanum
1510 2020 1660 2085 decorem
1677 2019 1770 2106 politi
1793 2019 1825 2085 iu
1848 2026 1882 2084 te
1906 2019 1995 2085 bona
2019 2041 2100 2084 con-

442 2122 545 2208 loquii
568 2127 602 2186 et
625 2130 755 2188 coactas
777 2124 880 2188 multo
911 2123 1030 2188 sudore
1054 2123 1184 2188 divitias
1208 2125 1337 2209 fugiens
1361 2122 1638 2211 dispensationem
1660 2125 1885 2190 taciturnitate
1909 2145 2100 2189 consumas.

442 2224 598 2312 quidquid
622 2226 728 2312 dignis
753 2229 919 2293 conlatum
941 2228 1055 2306 fuerit,
1080 2226 1211 2292 durnin
1234 2249 1296 2292 usu
1320 2233 1381 2307 est,
1405 2235 1499 2293 ornat
1521 2232 1705 2293 auctorem:
1729 2227 1934 2315 ingeniorum
1959 2229 2101 2314 elegan-

442 2329 519 2393 tiam
542 2329 597 2415 qui
627 2330 791 2395 concludit
819 2336 988 2397 extenuat.
1033 2351 1118 2395 unus
1151 2351 1242 2395 error
1273 2337 1324 2394 est
1355 2329 1485 2416 prodire
1518 2332 1730 2396 rusticantem
1761 2339 1797 2398 et
1826 2331 1959 2419 dignum
1989 2332 2102 2397 laudis

411 2433 567 2498 2honore
598 2433 795 2500 delitiscere.
841 2435 998 2520 numquid
1021 2457 1085 2500 non
1107 2434 1253 2500 habuisti
1276 2435 1377 2521 digna
1399 2443 1602 2502 memoratu?
1648 2443 1704 2502 aut
1733 2456 1796 2520 ego
1824 2436 1883 2501 tibi
1906 2437 1995 2501 visus
2025 2457 2101 2501 sum
2157 2466 2181 2504 rs

442 2556 508 2600 non
536 2536 692 2602 colendus
721 2538 874 2624 eloquio?
921 2538 982 2603 fuit
1011 2539 1186 2623 aliquando
1216 2541 1370 2620 materia,
1402 2561 1486 2625 quae
1518 2541 1564 2604 sic
1595 2540 1738 2604 omnium
1767 2539 1886 2625 linguis
1916 2546 1950 2605 et
1965 2539 2101 2605 'litteris

442 2639 639 2705 celebranda
664 2641 725 2706 sit?
757 2641 886 2728 quando
910 2641 951 2706 ad
975 2643 1155 2728 nuptialem
1179 2644 1326 2730 copulam
1351 2644 1529 2730 perductus
1553 2644 1648 2709 homo
1669 2651 1731 2724 est,
1755 2645 1902 2709 cuicum
1919 2665 2041 2727 magna
2058 2644 2104 2707 sit

442 2743 500 2807 lux
522 2744 681 2808 natalium
704 2745 906 2812 abundantia
929 2748 1137 2828 facultatum,
1168 2748 1340 2833 disciplina
1370 2757 1404 2814 et
1433 2749 1537 2834 pudor
1559 2756 1733 2836 utrumque
1756 2748 2010 2833 transgreditur,
2043 2749 2102 2834 qui

442 2847 524 2911 vitia
554 2849 659 2912 cernis
695 2849 850 2915 abiurans
885 2873 944 2938 pro
976 2850 1201 2932 blandimento
1233 2853 1319 2938 turpi
1352 2852 1542 2937 respuebat,
1579 2852 1735 2938 quidquid
1765 2853 1858 2937 leges
1886 2851 2011 2918 dedere
2040 2874 2104 2940 pro

443 2950 599 3032 remedio,
624 2957 657 3015 et
679 2955 796 3019 nolens
820 2955 943 3019 uxoriis
967 2976 1086 3040 corpus
1111 2954 1269 3042 deputare
1294 2956 1436 3020 servitiis
1460 2956 1587 3041 putavit
1609 2977 1644 3020 sc
1667 2955 1835 3035 addicere,
1867 2957 1893 3021 ai
1918 2955 2103 3042 quidquam
2158 2988 2184 3026 so

413 3053 566 3119 3mundo
589 3055 785 3140 inpenderet
807 3057 945 3123 liberem
969 3060 1174 3124 castitatem?
1208 3049 1289 3124 haec
1313 3060 1376 3123 etsi
1400 3080 1465 3123 non
1489 3058 1608 3145 diligis,
1631 3059 1733 3125 debes
1756 3068 1867 3125 temen
1891 3080 1950 3147 pro
1973 3060 2105 3146 ingenii

442 3159 490 3223 tui
515 3161 734 3225 ostentatione
757 3161 903 3227 laudare.
940 3183 1115 3248 possumus
1139 3167 1172 3226 te
1197 3162 1331 3227 credere
1354 3162 1476 3227 bonum
1499 3163 1580 3245 fleri,
1605 3163 1632 3227 si
1655 3163 1826 3230 audiamus
1848 3185 1934 3250 quas
1957 3163 2106 3230 honesta

443 3270 520 3327 sunt
543 3262 800 3350 praedicantem.
846 3285 932 3330 nunc
957 3266 1098 3330 salutem
1122 3266 1337 3352 largissimam
1366 3265 1479 3330 dicens
1509 3274 1546 3330 ut
1574 3267 1738 3332 rescribas
1766 3268 1940 3348 admoneo,
1973 3275 2008 3332 et
2036 3290 2105 3334 non

441 3387 493 3432 me
517 3367 557 3430 de
582 3368 722 3455 epistola
744 3390 819 3434 mea
842 3372 1008 3448 aestimes,
1032 3390 1140 3456 quam,
1164 3369 1244 3435 deus
1269 3372 1363 3434 tostis
1386 3378 1445 3450 est,
1469 3371 1546 3435 dum
1563 3371 1604 3436 de
1622 3371 1758 3437 basilica
1773 3392 1967 3450 remearem,
1991 3379 2105 3436 trans-

441 3472 594 3536 cursione
617 3471 751 3537 dictavi.
2160 3505 2188 3554 22

1001 3676 1306 3746 cccuxxxvnl
1330 3679 1436 3766 (amu.
1455 3680 1544 3765 1,4).

803 3855 1169 3931 EPITHALAMIVM
1197 3858 1378 3933 DICTVM
1406 3845 1599 3932 MAXIMO
1622 3858 1666 3932 V.
1695 3860 1732 3933 S.

1132 4025 1403 4094 PRAEFATIO.

807 4145 921 4212 Annus
944 4148 1013 4212 sole
1036 4169 1120 4213 novo
1145 4155 1277 4214 teneras
1301 4148 1377 4213 dum
1400 4149 1519 4213 format
1541 4149 1670 4230 aristas,

855 4250 981 4315 Natura
1003 4252 1036 4315 in
1060 4253 1211 4317 thalamis
1234 4253 1313 4318 orbe
1338 4259 1469 4339 tepente
1493 4251 1597 4332 sedet,

714 4357 715 4362 ’
808 4353 959 4440 Pingitur
981 4361 1015 4420 et
1038 4357 1128 4421 vario
1150 4356 1290 4422 mundus
1313 4355 1500 4422 discrimine
1524 4357 1651 4436 florum,

855 4457 930 4523 Vna
953 4459 1014 4524 soli
1036 4460 1156 4526 facies:
1179 4461 1297 4546 gratia,
1320 4461 1437 4536 cultus,
1461 4481 1560 4527 amor.

738 4576 749 4613 ⁵
807 4561 937 4628 Arbuta
959 4564 1051 4628 vitali
1075 4565 1266 4630 coalescunt
1288 4563 1354 4629 uda
1376 4586 1508 4651 vapore,

853 4666 981 4752 Lignea
1005 4675 1175 4734 concretus
1198 4671 1324 4735 semina
1347 4691 1444 4736 sucus
1467 4671 1535 4735 alit.
1586 4659 1592 4668 ⁸

546 4889 559 4941 1
579 4891 672 4944 cristus
687 4889 715 4941 Β
767 4890 863 4962 noster]
882 4887 925 4946 nit
943 4893 964 4962 (t
975 4896 1004 4946 ia
1016 4896 1062 4961 ta)
1073 4891 1102 4946 Β
1153 4896 1313 4963 integritates
1327 4895 1357 4961 V,
1373 4897 1533 4964 integritates
1545 4897 1577 4961 L,
1595 4898 1768 4965 iutegritatem
1782 4895 1828 4949 ΟΡ
1913 4896 1930 4950 2
1948 4900 2068 4952 sobolem
2085 4899 2111 4950 V

440 4977 505 5028 nihil
524 4975 603 5029 Sara.
735 4976 752 5030 3
769 4979 952 5047 dipensationis
968 4978 996 5032 Β
1088 4981 1200 5033 archano
1215 4981 1240 5031 V
1365 4981 1381 5033 4
1399 4983 1452 5034 isac
1465 4981 1521 5033 BV
1643 4982 1660 5034 5
1678 4985 1711 5035 ad
1729 5001 1776 5035 om.
1790 4981 1818 5035 Β
1906 4987 2065 5052 paonitralia
2080 4985 2109 5038 Β

440 5061 457 5114 6
474 5065 603 5132 perfectae
621 5080 694 5117 cassa
708 5062 743 5130 Β,
761 5083 842 5119 causa
861 5069 988 5134 perfectae
1001 5069 1075 5119 ceteri
1127 5069 1174 5120 tibi
1191 5069 1338 5135 deputatam
1351 5067 1388 5133 Β,
1405 5069 1552 5136 deputatam
1570 5071 1617 5122 tibi
1628 5071 1704 5122 ceteri
1791 5067 1807 5119 ‘l
1826 5072 1890 5122 easis
1903 5071 1929 5120 B
2017 5071 2035 5124 8
2055 5071 2103 5141 mi]

439 5152 503 5203 mihi
515 5150 593 5203 BVL
697 5151 714 5205 9
731 5154 828 5207 directa
845 5162 907 5206 sunt
923 5171 979 5221 asp.
997 5156 1043 5206 lin.
1060 5155 1085 5204 V

544 5254 777 5325 [ccccxxxvn]
813 5257 847 5311 10
864 5259 997 5311 Enuodius
1009 5261 1139 5313 Aratorib
1250 5257 1282 5311 11
1300 5261 1422 5328 colloquii
1439 5261 1464 5311 V
1567 5257 1859 5328 12up0nau0n0m13
1977 5258 2011 5312 13
2029 5266 2105 5330 quic·

439 5344 501 5409 quid
518 5343 543 5393 V
608 5353 699 5398 ornata
711 5342 739 5395 Β
807 5347 955 5413 eligentium
968 5343 996 5397 Β
1097 5345 1131 5399 14
1148 5364 1206 5400 eror
1217 5344 1245 5398 Β
1353 5347 1385 5400 15
1401 5348 1568 5400 ᾶοΙίοιὶωοη
1587 5345 1665 5412 (arca
1677 5345 1703 5413 e)
1716 5343 1744 5397 Β
1852 5343 1884 5397 16
1902 5347 2017 5414 elloquio
2036 5352 2106 5402 cora.

440 5428 536 5482 Horret
641 5430 674 5484 18
691 5433 865 5500 trangreditur
876 5432 918 5485 Β1
1024 5433 1057 5485 19
1074 5436 1197 5501 quicquid
1213 5433 1238 5483 V
1297 5435 1362 5503 legia
1380 5437 1471 5489 dedero
1484 5433 1512 5486 Β
1611 5431 1646 5485 20
1664 5435 1752 5486 uxoris
1767 5433 1825 5484 OPb
1891 5435 2035 5502 quidquam
2045 5463 2058 5488 ο
2072 5435 2108 5502 Β,

439 5517 577 5583 quiequam
593 5517 618 5567 V
716 5516 749 5570 21
769 5520 841 5572 debis
854 5517 882 5569 Β
982 5517 1017 5572 22
1035 5522 1138 5574 credere
1155 5521 1207 5572 teb
1311 5519 1346 5571 24
1363 5522 1424 5572 durn
1442 5521 1473 5572 de
1491 5522 1522 5573 de
1539 5522 1647 5574 basilica
1659 5521 1684 5571 Β

544 5618 788 5688 [CCCLXXXVlll]
818 5622 1011 5689 epithalamium
1023 5621 1057 5686 Β,
1074 5622 1288 5690 epitalamiumV
1371 5623 1425 5675 ab
1443 5623 1582 5677 talamiaB
1632 5642 1692 5693 orpe
1702 5622 1743 5674 13¹
1795 5623 1860 5675 aedit
1873 5625 1942 5688 libri,
1960 5643 2008 5676 em.
2023 5625 2107 5678 Sirra.

440 5725 463 5760 v.
483 5705 500 5757 ὃ
518 5709 647 5760 coelicum
663 5727 719 5774 cup.
732 5710 777 5760 lia.
791 5727 803 5759 s
816 5707 844 5758 B
945 5725 970 5758 v.
989 5706 1006 5758 6
1023 5708 1109 5775 lignea
1127 5711 1227 5776 scripsi,
1245 5711 1321 5776 ignea
1340 5710 1401 5760 libri
