4612 6442
794 399 829 454 Il.
857 399 903 454 DE
921 399 1109 457 CODICIBUS
1128 402 1277 458 ENNODI.
1790 410 1864 466 XLV

205 573 382 660 taphiorum
410 574 523 660 triplex
552 574 667 639 forma:
701 581 838 640 attamen
872 596 935 640 una
968 583 1071 663 potest
1097 598 1166 643 esse
1194 601 1277 644 vera.
1327 602 1399 645 narn
1428 582 1455 646 si
1482 583 1552 669 quis
1581 580 1696 649 dixerit
1721 585 1753 648 iu
1780 582 1866 649 codi-

206 681 295 743 cibus
318 679 514 746 Euuodiauis
537 703 605 744 oum
628 679 776 745 traditam
798 702 866 744 esse
887 680 1034 762 somtarn,
1062 706 1124 769 qua
1150 685 1252 771 primo
1279 685 1438 772 epitaphia
1460 689 1670 776 composuerit
1690 688 1865 767 Euuodius,

206 793 315 869 postca
342 783 418 848 haec
440 784 480 848 ab
511 784 580 870 ipso
604 783 767 848 immutata
789 793 821 847 et
843 783 1007 849 emendata
1028 785 1200 872 lapidibus,
1229 787 1311 852 unde
1338 792 1504 876 sumpserit
1529 793 1685 872 Alciatus,
1707 792 1866 878 insculpta

205 911 288 966 esse,
316 888 342 952 is
365 911 402 952 ea
424 911 456 952 re
479 888 642 966 refutatur,
671 887 755 974 quod
777 889 886 953 relatio
914 890 945 952 in
973 889 1061 954 libris
1084 891 1281 958 Ennodiauis
1310 903 1433 960 servata
1461 904 1621 982 tanhrpere
1650 904 1802 982 praestat,
1830 905 1865 960 ut

205 993 330 1077 ingenio
359 991 486 1056 Euuodi
516 992 605 1056 unice
636 992 839 1057 accomodata
866 993 916 1057 sit
971 993 1048 1080 quid
1075 995 1189 1080 igitur?
1238 998 1385 1062 mentitus
1419 1006 1468 1062 est
1501 998 1644 1064 Alciatus
1674 998 1864 1064 contendeus

205 1098 265 1160 sibi
288 1097 450 1160 etiamtum
472 1105 597 1182 praesto
619 1097 716 1161 lirisse
743 1097 902 1183 epitaphia
928 1098 1080 1185 quaedam
1107 1095 1138 1164 iu
1166 1099 1324 1187 lapidibus
1353 1102 1472 1167 incisa?
1516 1112 1609 1188 negat
1637 1103 1863 1184 Mommsenus,

204 1211 235 1265 et
258 1223 349 1287 quem
373 1200 425 1264 ille
449 1199 541 1264 iudex
565 1201 773 1287 peritissimus
796 1224 858 1265 uon
882 1199 1058 1282 damnarit,
1080 1204 1147 1290 ipse
1170 1203 1317 1270 damnare
1340 1227 1461 1286 vereor,
1483 1206 1664 1292 praesertim
1687 1229 1758 1270 cum
1781 1206 1862 1270 idem

204 1328 242 1368 ex
276 1306 325 1370 his
358 1306 511 1390 augustiis
542 1305 660 1370 exitum
694 1305 873 1391 patefecerit
907 1304 984 1371 haec
1019 1307 1174 1373 dissereus
1206 1309 1235 1388 d.
1259 1333 1284 1374 c.
1312 1334 1343 1396 p.
1369 1314 1457 1392 aab:
1491 1311 1554 1391 ,ubi
1586 1310 1729 1374 Alciatus
1763 1309 1864 1394 legere

204 1410 325 1496 nequit,
356 1431 448 1495 saepe
471 1407 609 1489 divinat,
638 1408 743 1473 hiatus
767 1418 869 1474 autem
893 1433 954 1474 nou
985 1421 1048 1475 tam
1072 1413 1176 1499 explet
1203 1414 1379 1478 coniectura
1401 1437 1493 1499 quam
1517 1413 1597 1478 celat
1618 1422 1650 1478 ct
1671 1414 1776 1500 aliqua
1798 1423 1864 1478 arte

203 1513 386 1578 abscondit‘.
431 1501 565 1578 ceterruu
588 1513 628 1577 ab
651 1513 778 1578 Alciato
800 1523 831 1577 et
853 1513 1005 1594 Foutuna,
1028 1538 1106 1601 quos
1129 1517 1197 1580 siue
1219 1518 1400 1582 marmoreis
1423 1518 1491 1584 sive
1513 1517 1755 1582 membranaceis
1777 1517 1864 1581 testi-

204 1619 316 1682 mouiis
340 1640 413 1682 usos
436 1639 474 1681 ex
497 1616 637 1681 sontibus
653 1616 877 1682 turbidissimis
901 1641 957 1682 sun
977 1619 1119 1683 hausisse
1141 1643 1232 1684 nemo
1255 1621 1388 1705 negabit,
1411 1621 1450 1686 ad
1467 1621 1604 1686 carmina
1618 1619 1744 1686 Eunodi
1760 1643 1863 1685 emcn-

203 1720 307 1786 danda
330 1721 379 1786 vel
402 1719 444 1785 ad
466 1719 610 1785 codicum
632 1721 848 1786 anctoritatem
865 1721 1098 1808 ponderandam
1122 1724 1198 1788 nihil
1222 1724 1415 1811 suppeditari
1445 1748 1515 1789 eum
1538 1747 1576 1788 ex
1598 1724 1721 1789 Harteli
1743 1723 1801 1788 hac
1823 1724 1863 1788 de

202 1849 235 1889 re
257 1825 468 1912 disputatione
496 1824 578 1904 (edit.
595 1823 719 1888 Euuod.
743 1848 773 1912 p.
789 1825 1117 1908 XXIV—XXVII)
1140 1836 1205 1892 tum
1229 1851 1268 1891 ex
1285 1829 1380 1893 variis
1404 1828 1598 1908 lectionibus,
1620 1850 1698 1914 quas
1721 1851 1778 1892 suo
1793 1827 1862 1894 loco

202 1953 239 1993 ex
264 1929 389 1994 Alciato
411 1938 440 1992 et
463 1929 609 1993 Fontauu
632 1927 861 2008 adnotavimus,
885 1930 988 2015 quivis
1011 1931 1070 1995 sibi
1094 1930 1301 2018 persuadebit.

306 2067 424 2132 Contra
445 2091 482 2132 ea
496 2067 679 2152 neglegendi
702 2092 765 2132 uou
788 2079 861 2132 suut
883 2069 954 2134 libri
973 2070 1087 2135 Isidori
1103 2071 1288 2136 Mercatoris
1310 2071 1393 2136 illius
1415 2072 1543 2152 falsarii,
1565 2072 1618 2158 qui
1639 2070 1680 2135 ad
1695 2068 1861 2135 decretales

204 2171 365 2258 tingendas
389 2195 511 2236 summo
535 2171 640 2236 studio
656 2173 781 2237 Eunodi
805 2177 900 2261 opera
922 2175 1113 2262 compilavit.
1147 2199 1218 2240 nam
1242 2199 1304 2240 nou
1321 2176 1421 2240 solum
1437 2176 1581 2263 plurimis
1597 2175 1675 2239 locis
1692 2175 1861 2239 sententias

202 2276 407 2341 Euuodiauas
430 2285 462 2340 et
483 2299 535 2340 eas
558 2299 651 2362 saepe
673 2277 872 2362 longissimas
897 2279 1035 2358 inseruit,
1058 2303 1188 2366 quarum
1213 2279 1363 2365 originem
1387 2280 1537 2366 singulari
1560 2278 1697 2365 quadam
1719 2277 1862 2342 doctrina

201 2382 261 2447 iam
284 2380 392 2447 David
414 2380 598 2444 Blondellus
623 2380 917 2460 (Pseudo-Isidorus
940 2392 972 2447 et
993 2383 1165 2447 Turriauus
1190 2384 1374 2470 vapulantes
1398 2383 1545 2449 Genevae
1569 2385 1662 2462 1628)
1690 2381 1861 2466 indagavit,

200 2485 255 2550 sed
282 2486 375 2550 etiam
407 2485 486 2549 inter
512 2483 692 2570 Symmachi
720 2507 820 2571 papae
848 2484 970 2551 decreta
1001 2486 1061 2551 tria
1087 2487 1238 2575 opuscula
1270 2487 1448 2566 (XLVIII,
1477 2486 1671 2566 CLXXIV,
1701 2484 1860 2564 CCXIV)

199 2599 265 2654 tota
287 2589 411 2676 recepit.
448 2610 637 2674 quamquam
653 2589 735 2651 euiru
758 2587 797 2652 de
813 2588 921 2654 fraude
943 2588 1037 2653 hodie
1060 2600 1191 2670 (aorrstat,
1213 2601 1315 2655 tamen
1333 2590 1485 2677 quidquid
1508 2615 1546 2655 ex
1563 2589 1689 2654 Eunodi
1713 2589 1859 2675 operibus

199 2695 229 2758 iu
246 2693 314 2758 illas
333 2692 511 2769 decretales,
534 2691 650 2778 quippe
666 2715 744 2777 quae
767 2693 849 2756 circa
864 2716 890 2756 a.
912 2695 974 2759 850
990 2694 1148 2758 confectae
1164 2695 1212 2760 vel
1230 2695 1376 2758 collectae
1392 2694 1469 2773 siut,
1491 2693 1635 2772 defluxit,
1657 2691 1697 2758 nd
1721 2691 1858 2756 codicem

197 2797 322 2862 saeculo
345 2795 397 2860 IX
426 2797 550 2860 ineunte
573 2796 622 2861 vel
645 2797 733 2883 prius
756 2797 908 2883 scriptum
931 2797 1140 2862 revocandum
1163 2822 1231 2862 esse
1254 2799 1285 2863 iu
1316 2807 1462 2885 promptu
1492 2807 1546 2862 est.
1596 2797 1651 2862 sed
1681 2797 1780 2861 codex
1808 2796 1859 2862 ille

199 2899 335 2980 Ennodi,
358 2899 411 2986 qui
429 2898 695 2964 Pseudo-Isidoro
718 2899 757 2964 ad
781 2923 891 2965 ruauus
910 2902 979 2981 fuit,
1001 2903 1074 2966 licet
1095 2903 1290 2966 Bruxelleusi
1314 2903 1407 2967 fiterit
1429 2911 1529 2967 aetate
1552 2911 1606 2966 aut
1620 2925 1678 2988 par
1692 2909 1745 2965 aut
1767 2923 1860 2987 supe·

199 3007 270 3084 rior,
292 3027 331 3069 ne
353 3004 419 3068 eius
436 3001 561 3089 quidem
577 3003 763 3067 lectionibus
780 3001 880 3068 codici
895 3005 1092 3070 Bruxellcusi
1114 3007 1237 3092 egregio
1252 3007 1387 3092 palmam
1405 3014 1599 3093 praereptam
1616 3027 1684 3069 esse
1699 3005 1860 3091 exemplis

198 3134 277 3196 quae
300 3131 394 3196 supra
417 3113 457 3194 (p.
473 3107 555 3186 XII)
578 3106 775 3192 collegimus,
804 3110 1031 3196 comprobatur.
1083 3112 1177 3176 immo
1200 3110 1353 3198 quidquid
1376 3135 1414 3176 cx
1443 3107 1591 3174 Euuodio
1623 3109 1655 3172 iu
1690 3107 1857 3173 decretales

198 3213 391 3279 Isidoriauas
414 3212 545 3276 inlatum
569 3221 624 3289 est,
647 3210 738 3274 fluxit
760 3234 798 3275 ex
821 3212 988 3299 archetypo
1012 3212 1172 3279 deterioris
1195 3215 1320 3293 classis,
1349 3215 1436 3279 euius
1461 3222 1556 3299 caput
1582 3234 1665 3275 nuuc
1687 3221 1735 3275 est
1751 3210 1858 3293 Vati-

198 3341 294 3384 canus
317 3320 422 3398 3803).
467 3338 528 3379 una
550 3337 624 3398 erga
654 3315 788 3395 utilitas,
817 3339 910 3402 qumu
942 3341 980 3381 ex
1003 3317 1119 3383 Isidori
1150 3318 1237 3382 libris
1268 3317 1307 3382 ad
1331 3318 1411 3382 hauc
1440 3315 1650 3402 quaestionem
1680 3324 1858 3379 convertere

198 3423 374 3510 possumus,
389 3420 465 3485 hacc
480 3416 637 3503 estquod,
653 3419 800 3504 quoniam
816 3418 983 3486 decretales
999 3421 1193 3486 Isidoriauae
1209 3430 1280 3486 aute
1297 3420 1436 3485 codicem
1448 3418 1484 3485 V
1500 3420 1633 3506 scriptae
1648 3426 1730 3497 srrut,
1752 3440 1857 3482 eanuu

197 3527 314 3592 auxilio
336 3524 495 3611 exemplar
518 3521 643 3586 atterius
672 3521 814 3586 codicum
837 3525 973 3589 familiae
1001 3527 1159 3612 antiquius
1175 3527 1369 3612 aliquatenus
1393 3525 1539 3610 cognosci
1562 3532 1674 3610 potest.
1711 3532 1759 3587 est
1775 3522 1856 3587 euim

198 3636 229 3698 in
252 3641 398 3720 promptu
421 3651 474 3692 eos
498 3627 596 3705 locos,
624 3626 677 3690 ubi
701 3626 801 3691 codex
823 3629 851 3692 Β
873 3638 903 3692 et
927 3629 997 3694 libri
1020 3630 1189 3695 'Isidoriaui
1213 3631 1293 3694 iuter
1315 3652 1348 3694 se
1376 3629 1603 3694 consentientes
1631 3625 1817 3690 dissentiant
1838 3649 1854 3690 a

197 3737 302 3802 codiee
325 3735 370 3814 V,
393 3757 411 3798 a
438 3731 564 3796 librario
588 3729 774 3795 lectionibus
798 3730 957 3820 archetypi
979 3735 1165 3821 contemptis
1194 3758 1252 3798 suo
1279 3733 1429 3798 arbitratu
1457 3733 1488 3796 iu
1512 3731 1547 3798 V
1569 3753 1638 3795 esse
1660 3730 1855 3794 immutatos:

196 3869 226 3930 p.
241 3845 321 3919 adl
352 3838 422 3903 libri
454 3833 632 3900 Ennodiani
666 3837 815 3921 praebent
843 3837 1031 3917 loquacitate
1057 3847 1178 3924 praeter
1206 3839 1250 3917 B,
1278 3838 1308 3902 iu
1339 3861 1401 3923 quo
1431 3845 1466 3900 ut
1492 3836 1524 3898 in
1552 3835 1640 3900 libris
1670 3832 1855 3898 Isidorianis

128 3981 131 3986 1
196 3944 383 4032 quibusdam
412 3942 523 4026 legitur
550 3940 728 4004 colocitute:
762 3963 841 4026 qnae
876 3964 1022 4026 perversa
1053 3943 1206 4028 scriptura
1236 3943 1329 4006 etiam
1358 3942 1388 4005 iu
1418 3939 1452 4004 V
1481 3939 1582 4026 prima
1610 3961 1703 4003 mauu
1733 3945 1855 4024 recepta

195 4059 268 4114 erat.
291 4089 331 4096 —=
356 4072 385 4134 p.
402 4048 484 4125 5⁷‚3
507 4044 654 4108 exhibent
664 4053 709 4170 Net
729 4044 757 4107 B
785 4052 815 4107 et
837 4044 908 4108 libri
931 4044 1047 4109 Isidori
1070 4057 1166 4110 recte:
1194 4046 1397 4126 rrrrtuiscstcm
1426 4067 1496 4108 aaut
1525 4063 1651 4106 rrrrurcrc
1679 4064 1853 4119 crannum,

651 4132 662 4169 Ι

201 4171 231 4237 V
253 4169 391 4256 praebet:
420 4167 622 4247 rrtuuilistuot
644 4187 716 4230 cum
745 4187 870 4229 oronam
897 4188 1063 4230 censeo-um
1091 4178 1182 4252 atque
1213 4165 1284 4229 iude
1307 4166 1397 4228 ceteri
1427 4162 1555 4228 Enuodi
1587 4161 1722 4227 codices:
1752 4165 1853 4226 permi-

194 4277 306 4356 frstaut
328 4273 365 4336 ia
386 4294 457 4335 otiu
479 4291 604 4334 tacuero
627 4291 801 4334 recntsrunm.

297 4464 485 4552 Perquisitis
509 4465 603 4549 igitur
625 4463 727 4541 libris,
755 4462 868 4548 quibus
896 4460 1022 4525 Euuodi
1050 4483 1143 4547 opera
1166 4483 1264 4547 usque
1287 4460 1326 4525 ad
1350 4461 1430 4526 hanc
1459 4469 1590 4524 aetatem
1620 4468 1745 4524 serrata
1771 4467 1854 4538 suut,

197 4571 408 4658 quaestionem
439 4568 478 4633 dc
508 4569 675 4654 archetypo
703 4590 799 4654 supra
827 4567 1019 4654 propositam
1047 4574 1230 4652 repetamus.
1274 4565 1436 4651 explorato
1467 4573 1568 4628 autem
1596 4585 1704 4627 omnes
1727 4561 1854 4626 Euuodi

198 4675 318 4740 codices
342 4675 374 4738 in
397 4671 476 4737 dnus
499 4682 603 4759 partes
627 4670 860 4735 distribuendus
883 4693 964 4750 esse,
993 4692 1123 4756 quarum
1147 4669 1242 4733 altera
1266 4691 1328 4732 uuo
1351 4668 1484 4732 efficitur
1506 4665 1612 4731 codiee
1635 4665 1676 4746 B,
1695 4665 1793 4730 altera
1808 4665 1853 4744 V,

196 4789 364 4843 ceteronrm
388 4777 526 4841 omnium
550 4776 666 4862 capite,
695 4775 727 4838 id
749 4775 949 4862 potissimum
979 4772 1202 4860 exquirendum
1225 4782 1287 4851 est,
1316 4796 1377 4858 quo
1406 4770 1649 4858 propinquitatis
1672 4769 1798 4835 vinculo
1820 4769 1852 4833 hi

194 4883 263 4947 libri
287 4905 357 4946 cnm
381 4881 551 4966 archetypo
574 4881 730 4944 coniuncti
754 4879 825 4943 siut.
877 4887 970 4964 atque
996 4901 1035 4941 ex
1057 4878 1116 4956 eis,
1144 4899 1224 4962 quae
1247 4875 1341 4940 modo
1363 4875 1402 4939 de
1430 4874 1636 4940 decretalibus
1666 4872 1852 4938 Isidorianis

193 4986 406 5073 exposuimus,
429 4993 558 5072 apparet
579 4982 883 5050 Pseudo-Isidonrm
906 4983 967 5046 iam
992 4981 1073 5046 circa
1096 5003 1212 5045 aunum
1228 4984 1291 5048 850
1314 4980 1482 5066 exemplari
1507 5002 1577 5042 eum
1601 4976 1708 5042 codice
1730 4976 1775 5058 V,
1798 4977 1851 5063 qui

192 5100 319 5154 exeunte
342 5089 467 5154 demum
491 5111 574 5153 nono
597 5088 722 5153 saeculo
738 5089 872 5174 scriptus
896 5096 952 5165 est,
975 5086 1130 5151 artissime
1153 5094 1285 5170 cognato
1308 5107 1400 5148 usum
1415 5105 1497 5147 esse:
1520 5105 1594 5168 ergo
1617 5080 1714 5146 codex
1730 5080 1766 5147 V
1789 5103 1851 5145 nou

193 5218 229 5258 ex
254 5196 323 5282 ipso
346 5194 503 5258 communi
527 5193 666 5257 omnium
689 5192 840 5256 librorum
863 5191 1031 5276 archetypo
1054 5189 1228 5276 descriptus
1257 5211 1325 5252 esse
1347 5196 1459 5274 potest.
1503 5185 1542 5250 de
1569 5184 1676 5250 codice
1697 5185 1726 5248 B
1749 5193 1852 5249 autem

192 5301 266 5366 haec
282 5297 479 5364 observanda
502 5307 588 5362 suut:
612 5296 705 5362 huius
721 5296 793 5361 libri
811 5296 886 5360 folia
905 5298 1083 5374 162—107,
1106 5295 1220 5381 quibus
1242 5291 1368 5357 Ennodi
1393 5314 1487 5378 opera
1509 5291 1540 5354 iu
1563 5290 1672 5354 ceteris
1692 5286 1852 5354 codicibus

192 5404 306 5469 omissa
336 5401 763 5486 (CCCXLI—CCCLXII)
796 5400 1007 5480 continentur,
1037 5399 1191 5484 integrum
1221 5397 1295 5461 olim
1325 5394 1493 5460 effecerunt
1524 5394 1771 5481 quatemiouem;
1805 5393 1850 5456 sic

190 5508 271 5574 cuim
294 5508 374 5574 iuter
396 5529 430 5572 se
452 5506 672 5572 cohaerebant:
