4596 6450
453 391 513 452 146
899 385 995 440 cnvu
1014 386 1137 454 (uersu
1156 386 1181 450 4,
1198 387 1244 454 ao
1264 417 1295 425 -
1315 385 1398 441 cmx
1418 385 1541 452 (uersu.
1559 387 1584 450 4,
1602 387 1656 454 aa).

420 560 487 624 211
521 565 667 622 coactam
702 559 894 622 necessariis
929 559 1102 645 epistulam
1137 560 1284 624 torminis
1322 561 1512 644 garrulitate
1547 560 1718 644 polliceor!
1772 559 1867 623 deum
1902 581 2040 645 quaeso,
2074 569 2111 624 ut

453 663 611 727 anxietati
645 684 738 727 meae
774 662 815 727 de
850 664 1022 728 manifesto
1058 664 1283 748 prosperitatis
1317 670 1446 728 vestrae
1482 669 1650 727 succurrat
1685 662 1817 726 iudicio.
1870 663 1925 728 ille
1960 663 2112 727 admittat

452 765 601 829 lacrimas
628 787 734 840 meas,
767 766 820 830 cui
847 767 959 830 clausa
986 787 1044 830 ora
1070 766 1269 842 fabulantur,
1300 770 1351 832 cui
1373 769 1414 832 ad
1442 769 1571 856 plenam
1600 769 1798 852 legationem
1823 768 1941 832 suflicit
1965 791 2009 833 cx
2031 790 2109 832 cou-

297 863 438 970 Ῑὸῑξρᾎξζῗῑ·
453 870 631 955 punctione
656 869 802 934 defluens
827 871 931 935 imber
953 871 1132 934 oculorum.
1179 892 1239 955 ego
1263 872 1494 936 labefactatam
1519 891 1584 935 non
1607 872 1712 934 solum
1743 871 1887 956 quictem
1914 891 2021 936 meam
2052 870 2110 934 sed

424 973 490 1037 3et
513 973 653 1037 salutem
677 973 881 1037 inimicorum
905 973 1083 1038 valitudine
1108 981 1141 1038 ct
1164 997 1329 1039 rumorum
1354 976 1506 1062 procellis
1535 996 1690 1059 agnosco.
1735 981 1851 1059 potens
1879 981 1931 1039 est
1957 973 2111 1038 divinitas
2174 997 2185 1031 s

298 1071 621 1141 1811111118111111111111
646 1077 851 1162 tempestatis
874 1077 999 1140 incerta
1022 1076 1107 1141 bono
1131 1079 1317 1143 serenitatis
1341 1099 1504 1144 amovere.
1543 1100 1612 1157 vos,
1637 1079 1664 1142 si
1680 1077 1799 1142 dedeo
1824 1098 1961 1156 mereor,
1986 1078 2110 1140 salvete

307 1124 342 1166 ad.
359 1123 438 1165 Silvas.

453 1184 487 1242 et
510 1180 633 1244 amanti
656 1180 689 1244 in
712 1179 805 1244 vobis
829 1180 1073 1262 conscientiam,
1103 1201 1166 1245 non
1193 1180 1402 1246 Ravennates
1429 1181 1596 1262 excubias,
1625 1181 1821 1247 tabellarum
1850 1181 2111 1267 promulgatione

453 1281 625 1348 consulite.

1081 1488 1229 1557 CLVIII
1253 1491 1361 1574 (amsa.
1379 1496 1409 1570 4,
1427 1491 1492 1576 25).

1074 1684 1310 1758 ENNODIVS
1337 1684 1501 1760 BASSO.

427 1854 439 1912 ¹
579 1833 622 1926 Si
652 1870 746 1927 vetus
775 1863 958 1946 diligentia,
992 1884 1075 1948 quae
1106 1862 1340 1947 aparentibus
1369 1864 1450 1926 meis
1485 1884 1564 1947 erga
1594 1862 1842 1948 amplitudinem
1871 1869 1959 1926 tuam
1990 1863 2115 1926 fructus
2178 1889 2182 1914 ι

428 2031 429 2036 ,
457 1967 576 2030 uberes
599 1965 640 2030 de
664 1967 789 2051 gratiae
813 1987 920 2030 messe
946 1966 1118 2040 condebat,
1143 1967 1229 2029 eirca
1253 1987 1426 2051 personam
1452 1987 1558 2029 meam
1576 1987 1634 2051 pro
1651 1964 1725 2029 fidei
1743 1965 1900 2028 memoria
1918 1973 2116 2045 servaretur,

458 2075 655 2133 monstraret
675 2069 860 2152 frequentia
876 2068 1058 2132 litterarum
1075 2075 1108 2132 ot
1124 2069 1320 2153 insepultam
1340 2070 1509 2132 caritatem
1527 2070 1621 2132 testis
1639 2069 1781 2153 pectoris
1799 2090 1906 2132 sermo
1923 2069 2115 2134 recluderet.

458 2177 492 2234 at
515 2191 600 2234 nunc
624 2171 761 2234 oblitum
783 2171 848 2234 mei
872 2177 904 2235 te
927 2171 1033 2236 sentio
1050 2192 1112 2235 neo
1128 2172 1269 2257 aliquam
1287 2171 1429 2236 melioris
1448 2173 1569 2236 saeculi
1587 2173 1728 2236 retinere
1746 2171 1963 2252 concordiam
1988 2173 2116 2258 quando

426 2272 548 2336 2nulla
571 2293 653 2356 quae
677 2272 926 2337 sollicitudinem
950 2281 1038 2338 tuam
1062 2275 1229 2358 resignent
1253 2276 1375 2360 scripta
1398 2274 1590 2359 diriguntur.
1630 2273 1687 2338 sed
1704 2296 1766 2358 ego
1784 2274 1939 2339 desiderii
1954 2276 2116 2361 inpatien-

458 2376 538 2440 tiam
562 2375 603 2440 ad
619 2375 722 2441 verba
745 2377 901 2456 converti,
926 2378 981 2462 qui
1006 2377 1073 2442 scio
1097 2384 1175 2442 tuuc
1192 2378 1355 2442 novellam
1372 2380 1549 2442 amicitiam
1567 2379 1688 2443 habere
1707 2377 1925 2458 dulcediuem‚
1949 2379 1977 2443 si
1993 2401 2118 2443 annosa
2180 2423 2184 2430 -

458 2485 616 2559 servetur,
651 2487 684 2544 et
706 2479 786 2544 illud
811 2483 943 2545 esseio
967 2482 1141 2546 affectione
1170 2481 1297 2567 purius,
1329 2481 1414 2568 qnod
1442 2483 1545 2546 nostri
1570 2483 1799 2547 examinavere
1823 2483 1981 2563 maiores,
2011 2483 2118 2548 sciens

458 2583 534 2666 quia
568 2583 595 2645 si
628 2581 809 2648 Oamellum
844 2590 953 2648 mente
988 2586 1127 2666 retines,
1162 2586 1348 2650 Ennodium
1381 2608 1446 2650 non
1481 2587 1621 2650 omittes.
1672 2606 1737 2669 qua
1770 2584 1811 2650 de
1841 2607 1876 2650 re
1912 2586 2118 2650 salutationis

458 2707 594 2752 munera
623 2688 793 2772 epistolari
822 2710 900 2752 cura
931 2692 1121 2776 persolvens
1155 2712 1281 2776 precor,
1318 2698 1354 2754 ut
1380 2691 1525 2754 baiolum
1559 2690 1781 2775 praesentium
1816 2689 1971 2753 clericum
1999 2711 2119 2757 meum.

460 2810 556 2875 quem
579 2788 621 2853 ad
642 2789 766 2855 Gallias
791 2797 824 2856 et
849 2813 927 2857 suae
951 2794 1102 2858 utilitatis
1126 2801 1160 2858 et
1183 2815 1277 2859 meae
1301 2795 1453 2858 iussionis
1477 2815 1575 2858 causa
1598 2792 1760 2879 perduxit,
1785 2799 1973 2878 susceptum
1998 2793 2119 2858 habore

429 2891 616 2977 3dignaria.
655 2915 719 2978 quo
744 2902 910 2960 remeante
935 2917 1092 2983 prospera
1113 2905 1222 2962 vestra
1246 2899 1423 2983 scriptione
1448 2898 1587 2983 signate,
1611 2903 1647 2961 ut
1671 2898 1697 2960 si
1722 2896 1798 2981 quid
1821 2897 1854 2960 in
1878 2918 1988 2960 amore
2012 2897 2121 2961 damni
2171 2923 2179 2953 ’-

459 2997 540 3062 fecit
562 2996 693 3078 oblivio,
718 2998 900 3084 epistolaris
924 3000 1110 3065 sollicitudo
1136 3002 1299 3066 restituat.

1104 3292 1214 3361 calx
1237 3292 1347 3378 (uersi.
1367 3299 1396 3374 4,
1415 3293 1480 3379 26).

980 3490 1216 3564 ENNODIVS
1243 3488 1481 3562 EVGENETI
1505 3489 1548 3562 V.
1577 3490 1603 3560 l.

435 3648 448 3708 ¹
581 3637 752 3731 Faustum
781 3666 871 3730 caelo
903 3687 998 3730 omen
1026 3663 1204 3729 adveniens
1236 3663 1382 3748 auspicia
1411 3668 1521 3726 vestra
1556 3661 1749 3726 conroboret
1777 3665 1811 3726 ct
1837 3662 1987 3726 tirocinia
2022 3685 2123 3727 canae

465 3771 633 3856 dignitatis
657 3770 725 3834 suis
749 3771 897 3834 muniant
921 3768 1029 3834 diviua
1052 3769 1206 3833 consiliis.
1251 3789 1311 3854 per
1333 3788 1389 3831 vos
1414 3788 1575 3852 supernus
1599 3767 1692 3829 favor
1714 3771 1808 3850 regat
1835 3764 2001 3831 dominum
2024 3767 2123 3831 liber-

464 3874 556 3956 tatis,
588 3879 625 3937 ut
649 3895 691 3938 ex
719 3875 862 3962 pectoris
886 3874 986 3939 vestri
1017 3875 1108 3938 fonte
1132 3872 1173 3936 ad
1198 3893 1294 3937 aures
1317 3872 1473 3956 principis
1501 3869 1637 3948 defluat,
1667 3869 1752 3952 quod
1779 3869 1812 3932 iu
1837 3869 1929 3935 vobis
1958 3870 2124 3936 aetherius
2174 3895 2194 3932 a

434 3977 571 4043 timber
600 3976 763 4041 infuderit.
809 3998 885 4041 ecoe
919 3998 1004 4062 quae
1035 3975 1134 4041 debui
1157 3981 1234 4038 vota
1265 3973 1458 4039 rudimentis
1487 3973 1709 4038 licetcoaotis
1734 3973 1894 4037 inertum
1919 3975 2126 4038 sermonibus

469 4081 630 4147 enarravi.
677 4102 735 4145 vos
764 4086 961 4146 mementote
992 4081 1143 4167 promissi
1175 4079 1293 4142 amoris
1322 4085 1355 4142 et
1385 4076 1543 4156 foederis,
1571 4082 1608 4138 ut
1636 4076 1706 4140 sinc
1734 4076 1924 4141 mutationis
1954 4075 2125 4162 dispendio

467 4185 615 4251 debiturn
649 4184 727 4248 mihi
762 4192 937 4269 quaestura
972 4183 1140 4248 dissolvat.
1193 4189 1302 4247 tenete
1340 4182 1425 4245 circa
1458 4202 1511 4245 mc
1546 4180 1689 4243 animum
1725 4179 1922 4255 decessoris;
1958 4179 2127 4266 dignitatis

435 4288 599 4352 3vestrae
622 4286 816 4372 pollicitatio
840 4307 905 4350 non
929 4285 1099 4369 frangatur
1121 4286 1246 4350 variata
1269 4284 1430 4370 personis.
1476 4283 1598 4346 domini
1622 4284 1702 4362 mei,
1732 4285 1856 4349 salvete
1880 4306 1939 4371 pro
1963 4284 2127 4350 desiderio

468 4389 625 4475 supplicis
656 4394 690 4453 et
718 4389 752 4453 in
782 4409 901 4473 magna
931 4387 1164 4452 beneficiorum
1198 4388 1459 4474 promulgatione
1492 4387 1649 4472 suscipite
1685 4409 1784 4474 parca
1817 4388 2003 4474 conloquia.
2054 4389 2126 4452 talis

467 4493 554 4560 enim
587 4500 638 4558 est
670 4514 748 4557 usus
783 4492 926 4557 felicium
957 4497 990 4556 et
1019 4499 1135 4556 natura
1167 4491 1354 4564 meliorum,
1389 4495 1426 4554 ut
1457 4491 1589 4575 linguae
1625 4492 1736 4576 copias
1770 4491 1868 4556 rebus
1897 4499 1930 4556 et
1958 4492 2126 4577 praestitis

467 4596 678 4662 antecellant.

570 4855 587 4910 4
605 4855 717 4910 inberB
821 4856 838 4909 a
856 4857 956 4910 saloma
969 4854 995 4906 B
1099 4851 1388 4918 sanctarenae

572 4957 698 5028 [CLVIII]
735 4959 769 5012 13
788 4959 825 5028 at]
845 4961 878 5012 ad
891 4960 916 5011 Β
1012 4957 1128 5011 suaeouli
1140 4955 1166 5006 Β
1171 4953 1181 4990 ¹
1315 4952 1348 5006 14
1366 4957 1462 5008 scribta
1473 4955 1499 5006 Β
1634 4955 1666 5008 15
1684 4958 1759 5008 abere
1771 4956 1797 5007 B
1804 4955 1814 4992 ¹
1906 4959 2093 5010 dulcitudinsm
2106 4959 2129 5008 B

468 5046 501 5100 16
519 5049 603 5100 scions
621 5073 653 5084 -
673 5046 926 5113 1111111111ῃί.Βῖ
1062 5042 1094 5094 18
1111 5042 1226 5093 baiolum
1240 5041 1278 5106 B,
1299 5043 1415 5095 baiulum
1434 5042 1509 5094 ceteri
1644 5040 1677 5093 19
1701 5044 1819 5094 utilitatis
1836 5042 1915 5108 BT2,
1939 5046 2038 5096 utilitas
2056 5045 2130 5096 ceteri

467 5134 502 5186 20
519 5135 657 5188 scribtiono
671 5134 696 5183 B
766 5134 869 5201 dampni
885 5133 909 5183 V
1009 5131 1041 5182 21
1061 5131 1179 5183 restituat
1197 5130 1255 5180 finit
1266 5129 1291 5179 Β

574 5235 676 5305 [CLIII]
711 5236 746 5289 22
765 5238 880 5304 eugeniti
892 5237 917 5287 Β
1031 5234 1064 5287 23
1083 5238 1230 5288 corroboret
1245 5236 1270 5286 V
1382 5235 1416 5298 24
1434 5233 1604 5288 1111111111Β1
1716 5232 1750 5284 25
1768 5241 1797 5285 ut
1808 5233 1846 5296 B,
1867 5241 1892 5284 et
1910 5233 1986 5284 ceteri
2064 5235 2130 5300 priu-

468 5327 541 5393 cipiia
557 5325 603 5376 Vn
678 5322 819 5391 aotharius]
838 5331 957 5376 aeternus
971 5324 1048 5376 Siros.
1164 5321 1198 5374 26
1216 5323 1289 5376 inber
1301 5323 1327 5374 B
1440 5321 1476 5373 29
1492 5339 1600 5390 persona
1618 5338 1693 5387 prop.
1706 5319 1803 5371 Hortel
1914 5318 1950 5370 30
1967 5320 2096 5387 colloquia
2113 5319 2134 5369 V

468 5409 500 5466 31
520 5414 610 5484 cupias
621 5412 648 5464 B
751 5408 786 5464 32
804 5411 958 5468 macellum
975 5411 1032 5464 linit
1044 5408 1069 5461 Β
