4538 6436
897 396 1000 450 XXXV
1020 396 1142 462 (EPIS'l'.
1161 397 1185 458 2,
1204 397 1241 464 2),
1260 397 1378 451 XXXVI
1395 395 1518 465 (EPlS'l'.
1536 397 1561 458 2,
1579 398 1617 464 3).

1062 686 1198 756 XXXV
1223 687 1331 775 (uersu.
1355 691 1385 769 2,
1409 689 1454 775 2).

984 883 1222 959 ENNODIVS
1250 883 1521 960 SPECIOSAE.

364 1129 368 1138 ,
399 1052 412 1112 ¹
453 1079 456 1082 ·
550 1033 734 1130 Silentium
757 1085 865 1131 meum
889 1064 981 1130 dolor
1003 1063 1116 1148 exigit,
1140 1063 1195 1149 qui
1218 1084 1336 1149 passus
1360 1069 1411 1127 est
1432 1083 1593 1145 crescere,
1617 1062 1695 1129 dum
1717 1061 1758 1129 de
1782 1062 1927 1129 vindicta
1950 1064 2083 1151 cogitat,

428 1167 602 1256 dispendia
625 1168 781 1236 caritatis.
826 1168 902 1255 quid
927 1169 1012 1234 enim
1035 1169 1108 1234 fieri
1131 1169 1247 1255 potuit,
1276 1169 1339 1233 nisi
1362 1175 1399 1232 nt
1427 1167 1567 1234 tacendo
1595 1169 1701 1235 vicem
1724 1169 1932 1234 restituerem
1956 1169 2083 1235 litteras

313 1353 315 1358 Ι
427 1272 615 1359 deneganti,
638 1281 675 1338 ut
697 1279 905 1360 contemptus
929 1273 1018 1337 circa
1040 1293 1103 1357 me,
1126 1273 1181 1357 qui
1204 1294 1263 1358 per
1286 1273 1520 1338 abstinentiam
1541 1271 1722 1339 venerandi
1744 1273 1905 1339 sermonis
1929 1273 2082 1354 innotuit,

428 1377 505 1442 dum
528 1378 677 1444 subduco
710 1378 889 1463 conloquia,
920 1378 992 1463 pari
1023 1398 1177 1443 mucrone
1207 1377 1380 1442 feriretur?
1418 1376 1509 1442 dicas
1532 1377 1684 1456 forsitan,
1711 1376 1888 1442 vindictam
1917 1377 2083 1442 inimicam
2149 1433 2154 1444 .

428 1501 503 1546 esse
527 1482 707 1569 proposito.
753 1481 811 1547 sed
842 1463 951 1546 omnia
981 1487 1090 1546 errata
1117 1481 1163 1545 ita
1192 1487 1333 1568 conputo
1363 1481 1455 1566 quasi
1484 1481 1567 1566 legis
1595 1481 1799 1565 obsequium,
1828 1481 1862 1546 in
1885 1480 2001 1567 quibus
2024 1502 2084 1546 vos

397 1595 506 1657 2esse
531 1585 693 1670 contingit
716 1591 879 1650 auctores.
924 1584 1140 1670 quisquamne
1164 1585 1294 1671 culpam
1316 1591 1412 1670 putet
1434 1585 1543 1650 facere
1567 1584 1653 1670 quod
1675 1583 1794 1663 fecisti,
1818 1589 1852 1649 et
1872 1584 2085 1670 plectendum

428 1687 548 1753 iudicio
579 1689 689 1754 divino
721 1693 865 1768 censeat,
897 1688 984 1772 quod
1007 1710 1027 1752 a
1048 1694 1082 1752 te
1110 1688 1313 1773 processisse
1341 1692 1541 1775 cognoscat?
1580 1708 1686 1772 aequo
1714 1707 1793 1773 ergo
1821 1687 1928 1752 animo
1960 1689 2085 1753 sustine

429 1792 516 1878 quod
539 1790 679 1877 deliqui:
703 1792 778 1857 dum
801 1793 836 1857 in
859 1813 899 1858 ea
922 1813 957 1856 re
980 1790 1163 1877 praecedis,
1186 1791 1242 1856 lux
1267 1792 1439 1873 ecclesiae,
1463 1791 1536 1877 ipsa
1558 1790 1701 1856 voluisti.
1739 1811 1802 1876 ego
1819 1811 1914 1856 servo
1931 1791 2085 1874 animum,

429 1915 525 1980 quem
547 1895 694 1981 promisi,
725 1897 816 1962 utin
839 1895 1014 1976 universis,
1043 1894 1070 1960 si
1093 1916 1234 1977 mereor,
1264 1896 1446 1962 aemulator
1473 1894 1632 1971 existam;
1664 1895 1755 1960 cuius
1785 1893 1835 1960 rei
1865 1893 1973 1978 fidem,
2006 1894 2084 1960 dum
2113 1943 2121 1948 -

399 1998 615 2072 3tacentibus
652 1999 747 2065 vobis
785 2005 880 2065 taceo
915 2006 949 2064 et
989 1998 1076 2085 quod
1111 1998 1319 2084 loquentibus
1352 2000 1477 2085 loquor,
1517 1996 1655 2064 ostendi.
1708 1996 1750 2063 ad
1784 1997 1971 2086 scriptionis
2008 2019 2086 2086 ergo

431 2101 583 2186 officium,
606 2109 778 2191 postquam
802 2103 912 2168 iussus
935 2123 1018 2182 sum,
1042 2124 1094 2168 me
1116 2102 1245 2184 reduxi,
1276 2104 1333 2188 qui
1360 2102 1521 2168 hactonus
1552 2103 1640 2168 intra
1664 2101 1886 2168 verecundum
1914 2104 2086 2189 penetrale

430 2225 514 2290 quae
538 2227 603 2271 non
627 2208 823 2273 amabantur
845 2206 948 2272 uerba
971 2207 1127 2290 continui,
1159 2207 1259 2272 simili
1287 2207 1321 2271 in
1349 2206 1478 2294 paginis
1508 2206 1672 2293 pariturus
1700 2205 1869 2291 obsequio.
1914 2207 2016 2288 salve,
2043 2207 2088 2271 mi

430 2308 569 2393 domina,
591 2310 699 2379 bonae
726 2309 884 2400 splendor
906 2311 977 2376 siue
1000 2310 1087 2376 nube
1106 2311 1338 2389 conscientiae,
1363 2316 1396 2376 et
1417 2310 1458 2375 ad
1475 2310 1664 2396 exemplum
1680 2316 1813 2376 sanctae
1831 2311 2088 2375 conversationis

430 2414 463 2479 in
485 2415 618 2501 longum
650 2414 832 2503 producere
861 2421 895 2483 et
921 2415 995 2496 mei,
1025 2415 1053 2480 si
1079 2437 1219 2498 mereor,
1248 2416 1436 2482 meminisse
1467 2414 1614 2501 dignare,
1648 2414 1820 2500 epistulari
1846 2413 1928 2480 dans
1954 2415 2086 2479 veniam
2151 2447 2162 2484 ι

365 2595 366 2598 ¹
428 2518 592 2602 brevitati,
616 2541 715 2606 quam
738 2520 772 2585 in
794 2526 969 2606 angustum
993 2521 1114 2585 artavit
1135 2520 1303 2587 festinatio
1326 2518 1502 2606 portitoris.

1053 2844 1211 2914 xxm
1234 2847 1344 2934 (ssrsr.
1367 2849 1397 2930 2,
1422 2849 1464 2930 3).

991 3043 1229 3118 ENNODIVS
1257 3041 1529 3120 SPECIOSAE.

402 3209 415 3267 ¹
543 3185 688 3298 Quanto
711 3219 937 3304 deprimuntur
958 3226 1153 3306 peccatores
1177 3238 1309 3283 suorum
1332 3218 1423 3283 fasce
1447 3218 1617 3300 factorum,
1640 3218 1759 3305 quibus
1779 3218 1821 3284 ab
1844 3216 1948 3284 oculis
1964 3215 2090 3284 tollitur

431 3319 588 3407 quidquid
618 3323 763 3404 offertur,
794 3331 828 3389 et
850 3345 891 3390 ne
915 3327 946 3390 in
978 3324 1177 3390 oblivionem
1207 3322 1370 3388 desideria
1398 3323 1577 3405 mittantur,
1613 3323 1755 3388 vicinum
1786 3323 1823 3387 fit
1853 3343 1914 3387 neo
1943 3321 2089 3409 contingi

430 3423 508 3490 licet
532 3446 627 3490 omne
651 3427 737 3512 quod
761 3428 909 3514 cupiunt!
944 3426 986 3494 ad
1009 3426 1219 3492 'ficinensem
1249 3427 1366 3491 urbem
1390 3427 1532 3491 votivam
1562 3447 1771 3513 susceperam
1800 3427 2032 3492 necessitatem
2056 3432 2090 3492 et

430 3529 560 3594 molesti
582 3530 708 3596 itineris
731 3533 887 3598 universa
910 3533 1115 3611 transieram,
1147 3531 1341 3596 existimans
1366 3530 1427 3595 hoo
1451 3529 1656 3596 sacerdotem
1682 3529 1816 3596 credere
1847 3530 1915 3595 suis
1942 3530 2089 3617 imperiis

430 3631 574 3719 inpendi,
598 3632 685 3719 quod
708 3655 781 3701 meo
805 3635 968 3701 militabat
991 3635 1134 3716 affectui,
1158 3655 1231 3700 cum
1255 3635 1363 3700 subito
1394 3637 1481 3700 circa
1507 3641 1613 3700 metas
1643 3640 1792 3701 votorum
1823 3655 1948 3700 summo
1975 3634 2089 3700 labore

399 3737 552 3824 2petitus
574 3738 639 3802 iarn
662 3737 703 3804 de
728 3760 807 3804 area
828 3740 955 3804 fructus
979 3740 1102 3824 cffugit.
1147 3759 1206 3826 pro
1228 3738 1330 3822 dolor,
1359 3739 1414 3825 qui
1442 3759 1495 3803 me
1522 3737 1563 3804 de
1591 3738 1761 3824 epistolari
1790 3738 1933 3825 alloquio
1957 3735 1998 3802 ad
2021 3744 2089 3802 tra-

431 3841 583 3926 goediam
606 3847 720 3906 uocas!
751 3864 861 3909 muros
884 3842 1095 3910 venerandae
1118 3849 1194 3929 post
1216 3842 1383 3927 religionis
1406 3842 1480 3906 loca
1502 3848 1637 3929 propter
1659 3849 1693 3908 te
1718 3843 1860 3908 civitatis
1883 3862 2090 3928 aspexeram,

429 3945 494 4010 iam
517 3947 602 4031 grati
625 3947 782 4033 parabam
798 3949 900 4014 verba
923 3947 1088 4034 conloquii
1105 3967 1277 4012 —vereor
1299 3946 1407 4012 dicere
1431 3944 1517 4033 quod
1541 3947 1709 4028 remansit,
1733 3966 1774 4011 ne
1798 3944 1961 4032 loquendo
1985 3965 2087 4032 cogar
2139 3969 2145 3986 ·

431 4047 539 4114 denuo
574 4051 738 4116 sustinere
771 4057 950 4118 transacta.
1002 4052 1174 4116 inlustrem
1204 4051 1309 4115 virum
1337 4049 1457 4131 Erdui,
1490 4071 1588 4136 quem
1619 4072 1671 4116 mc
1702 4057 1753 4131 tu,
1787 4050 1949 4115 ecclesiae
1978 4047 2090 4129 decus,

398 4153 619 4222 3desiderare
653 4154 790 4237 feceras,
828 4156 1012 4242 inprouisus
1045 4155 1148 4219 oculis
1184 4175 1279 4220 casus
1313 4154 1462 4239 ingessit.
1514 4154 1559 4220 ibi
1597 4154 1733 4220 comites
1767 4154 1832 4219 mci
1866 4152 1977 4219 videre
2013 4152 2090 4239 quid

431 4263 588 4343 peterem,
612 4258 659 4322 ibi
681 4259 781 4323 animi
804 4261 869 4324 mai
893 4265 1005 4324 aestus
1028 4258 1180 4340 innotuit,
1213 4280 1311 4345 quem
1334 4266 1410 4324 ante
1439 4259 1499 4324 sub
1529 4258 1720 4344 praedictae
1750 4256 1945 4324 claudebam
1973 4257 2092 4323 umbra

431 4380 604 4446 personae.
649 4362 773 4427 nescivi
804 4363 971 4428 occultare
1005 4384 1066 4449 per
1096 4363 1241 4428 caritatis
1277 4369 1441 4428 tormenta
1473 4361 1562 4449 quod
1593 4362 1683 4428 volui
1713 4383 1774 4428 nec
1809 4361 1892 4427 fucis
1926 4362 2089 4448 aliquibus

431 4464 577 4530 colorare
616 4466 862 4534 conscientiam.
906 4474 1109 4533 maerentem
1148 4489 1200 4532 me
1235 4466 1276 4531 ad
1311 4465 1442 4532 domurn
1475 4466 1617 4547 reduxit,
1652 4465 1707 4553 qui
1739 4467 1928 4553 prolixioris
1963 4466 2089 4531 itineris

397 4575 547 4633 dcausas
570 4567 697 4633 incidit.
742 4568 946 4656 fatigationis
969 4591 1081 4653 meae,
1109 4570 1226 4652 fateor,
1257 4570 1441 4658 conpendia
1463 4592 1528 4636 non
1551 4571 1667 4638 amavi.
1714 4591 1791 4635 occe
1815 4570 2092 4636 contestationem

428 4670 622 4756 diligentiae
645 4693 740 4738 meae
764 4680 797 4738 et
818 4675 939 4739 mentis
964 4674 1104 4738 adsensi.
1150 4680 1293 4738 vestrum
1318 4681 1377 4756 est,
1406 4675 1433 4739 si
1462 4696 1540 4739 vera
1568 4673 1716 4755 dixerim,
1745 4694 1802 4739 vos
1831 4675 2091 4759 interrogasset

427 4774 573 4839 animum
612 4795 722 4840 meum
759 4777 942 4854 affectionis
974 4784 1104 4842 vostrae
1137 4780 1367 4844 aestimatione
1403 4800 1614 4865 cognoscere.
1660 4778 1790 4844 domina
1824 4779 1878 4861 mi,
1915 4779 2023 4844 saluto
2058 4784 2091 4842 et

425 4877 599 4966 deprecor,
622 4887 659 4944 ut
682 4880 788 4946 libens
811 4902 870 4966 per
893 4883 1117 4969 praesentium
1140 4885 1333 4968 portitorem
1356 4881 1563 4971 suggerenda
1585 4904 1775 4970 cognoscas.

534 5190 654 5260 [XXXV]
698 5191 819 5263 2oxsgit
835 5195 926 5247 molita
1051 5193 1195 5250 Tencteris
1208 5193 1236 5247 Β
1358 5193 1563 5264 ilcognoscatur
1576 5189 1635 5246 OPr
1758 5191 1823 5247 flea
1840 5195 1867 5245 in
1887 5195 1941 5246 reb
2028 5190 2091 5260 ogo]

427 5297 489 5348 ergo
506 5279 599 5331 Vtut
680 5280 712 5331 11
730 5282 829 5334 ostendi
848 5282 948 5349 serapti,
965 5283 1076 5335 ostendit
1088 5283 1149 5334 libri
1237 5280 1270 5334 12
1289 5278 1385 5348 iussus]
1404 5281 1556 5334 rrisustb
1644 5278 1676 5332 16
1694 5282 1721 5333 in
1733 5298 1782 5334 orn.
1799 5280 1845 5330 Vl.
1896 5284 2033 5346 angustam
2046 5273 2092 5328 13¹

535 5381 667 5451 [XXXVI]
706 5383 739 5437 18
756 5387 939 5454 depromuntur
952 5383 980 5436 Β
1042 5384 1187 5440 tolleturB
1284 5384 1317 5439 19
1335 5385 1500 5453 quicquidV
1591 5381 1750 5452 contigiBl
1845 5381 1881 5436 20
1897 5377 2094 5450 suscipcramB

429 5466 461 5520 21
481 5471 597 5522 uniuersi
614 5468 744 5524 muru
819 5469 978 5539 existimans]
998 5474 1135 5526 assumam
1152 5474 1242 5525 malim
1259 5489 1316 5524 mcor
1335 5471 1414 5524 Siren.
1490 5473 1650 5525 sacerdotum
1662 5468 1711 5522 Βιι
1828 5467 1863 5521 22
1880 5467 1957 5537 cuca]
1976 5469 2094 5522 coenat

427 5552 463 5606 23
481 5555 647 5624 tragoediam]
667 5560 819 5625 trequidium
838 5556 866 5610 Β
984 5557 1018 5611 26
1036 5561 1107 5611 ardui
1126 5561 1236 5624 codices,
1255 5560 1349 5611 Erduic
1369 5558 1447 5610 Sinara.
1527 5569 1572 5611 lua
1589 5560 1711 5612 ecclcsiae
1730 5556 1757 5608 Β
1879 5555 1912 5607 28
1932 5558 1980 5608 mei
1998 5574 2046 5606 cnr.
2068 5552 2096 5604 Β

427 5639 463 5691 30
481 5644 630 5709 prolerrioris
645 5641 672 5694 Β
776 5643 807 5695 31
828 5646 952 5712 conpedia
966 5643 1015 5696 Bss
1126 5645 1159 5695 33
1179 5644 1222 5710 nri]
1242 5646 1302 5696 milri
1316 5645 1341 5694 Β
1347 5644 1440 5695 ῘΉἾ
1451 5644 1475 5695 1¹
