4596 6450
418 406 477 468 168
974 398 1084 454 ccvnr
1103 397 1205 464 (orer.
1225 399 1267 460 aa,
1287 395 1397 451 onan.
1414 397 1440 458 a
1458 396 1511 462 oo).

415 576 478 642 nisi
501 574 542 639 ad
566 596 636 640 eam
661 574 831 652 redissem,
855 572 1004 636 amisisse
1028 593 1091 636 non
1115 571 1278 636 crederer.
1319 569 1446 634 inflexit
1462 576 1582 633 statum
1600 590 1707 633 meum
1724 569 1875 634 abiurata
1892 568 2072 632 calamitas.

415 678 547 743 stationi
576 679 706 765 propior
736 677 798 741 fuit
825 675 980 759 liquentis
1008 696 1099 740 error
1126 674 1296 752 elementi,
1328 678 1456 758 portum
1487 674 1519 737 in
1544 671 1680 757 genitali
1703 673 1772 736 solo
1795 670 1943 757 perdidi,
1975 692 2072 755 quem

416 803 514 867 saepe
542 781 575 844 in
599 781 684 846 vasti
712 779 851 866 gurgitis
879 778 1003 842 sinibus
1035 777 1205 865 adquisivi.
1253 778 1388 842 haccine
1420 783 1471 842 est
1494 777 1609 842 domus
1634 782 1759 862 optata,
1790 775 1884 839 cuius
1908 773 2071 839 desiderio

416 885 632 970 periculorum
657 882 906 971 promittebatur
929 883 1062 962 oblivio,
1087 903 1160 946 eum
1185 905 1242 968 spe
1267 882 1435 966 sequentis
1458 880 1570 966 gaudii
1589 899 1747 966 praesens
1763 879 1925 944 malorum
1942 884 2071 965 poterat

384 989 518 1054 dforma
540 988 680 1053 nesciri?
727 987 877 1072 cuiquam
900 982 941 1050 de
965 985 1168 1050 miseriarum
1197 983 1344 1049 terminis
1368 989 1443 1048 sunt
1466 990 1543 1048 nata
1565 982 1724 1071 principia
1746 989 1803 1048 aut
1826 982 1867 1048 ds
1891 983 2071 1068 perfunctis
2138 1033 2141 1042 .

414 1092 542 1157 casibus
575 1092 683 1156 evenit
719 1089 911 1156 exordium?
962 1085 1137 1173 aliquando
1170 1093 1283 1173 optata
1319 1087 1456 1172 contigit
1492 1108 1556 1152 non
1593 1087 1716 1151 amari?
1767 1093 1824 1151 aut
1861 1086 2004 1152 adcessit
2038 1094 2074 1152 ut

414 1195 578 1260 hominem
602 1193 750 1259 laederet
773 1192 851 1278 fuga
873 1191 1090 1256 discriminis?
1129 1212 1180 1255 me
1203 1191 1295 1255 novis
1318 1212 1449 1276 semper
1471 1191 1614 1277 pessima
1636 1191 1755 1256 ictibus
1775 1190 1907 1255 fortuna
1923 1193 2073 1277 perculit,

414 1299 506 1364 cuius
529 1299 555 1362 si
578 1299 612 1362 in
635 1296 781 1361 deterius
797 1295 904 1380 vergit
920 1295 1068 1374 mutatio,
1093 1295 1276 1379 simplicem
1293 1293 1432 1358 nocendi
1449 1301 1558 1359 servet
1574 1294 1728 1379 speciem,
1750 1316 1792 1359 ne
1810 1293 2073 1360 successionibus

382 1401 596 1467 binsolescat.
642 1420 795 1478 uxorem,
818 1399 978 1462 malorum
1001 1398 1154 1479 comites,
1178 1397 1278 1462 habui
1301 1397 1341 1462 ad
1366 1397 1556 1483 pudicitiam
1579 1405 1714 1463 naturae
1737 1399 1811 1464 luce
1835 1400 2072 1479 transmissam,

416 1508 468 1572 cui
500 1503 656 1592 splendor
685 1502 814 1568 oriundi
841 1507 989 1568 creverat
1017 1501 1188 1582 institutis,
1219 1509 1255 1565 ut
1283 1503 1414 1587 gemino
1444 1502 1580 1567 defensa
1608 1503 1855 1588 propugnaculo
1883 1502 2094 1568 nullatenus

416 1609 597 1674 facinorum
621 1607 812 1673 crederetur
833 1605 952 1670 ictibus
977 1604 1147 1669 subiacere
1171 1625 1231 1669 nec
1255 1603 1336 1669 dura
1360 1599 1570 1671 castimoniae
1594 1607 1807 1671 obscenitatis
1832 1607 2072 1673 evisceratione

383 1712 553 1777 bmollire.
601 1710 658 1775 illa
687 1731 862 1796 numquam
893 1708 1017 1772 fulvum
1048 1708 1172 1773 metalli
1203 1708 1364 1793 quaesivit
1396 1715 1545 1772 ornatum
1580 1731 1641 1775 nec
1677 1711 1894 1795 pretiosorum
1931 1710 2072 1777 candore

413 1815 559 1902 lapidum
582 1816 690 1879 nivem
714 1813 858 1899 corporis
881 1813 1009 1876 imitata
1032 1820 1100 1887 est;
1130 1833 1195 1876 non
1218 1812 1286 1876 ulla
1308 1812 1423 1877 habuit
1445 1813 1574 1879 decoris
1602 1813 1807 1894 adiumenta,
1835 1813 1911 1878 dum
1937 1815 2073 1900 placuit.

414 1919 507 1984 scivit
530 1917 710 2003 coniugalis
734 1916 805 1981 iura
829 1915 1025 1980 sacramenti
1048 1914 1165 1979 fucatis
1189 1914 1303 1978 studiis
1327 1937 1391 1981 non
1415 1917 1519 1982 iuvari
1540 1940 1602 1983 nec
1626 1917 1805 2004 obligatum
1829 1919 1976 1984 tenuisse
1994 1941 2071 1984 oon-

414 2023 533 2106 iugem,
557 2020 687 2107 quando
710 2020 809 2084 alium
832 2026 962 2104 praeter
985 2039 1070 2096 eum,
1095 2017 1149 2103 qui
1174 2018 1345 2083 descendit
1367 2041 1387 2083 a
1411 2021 1562 2102 moribus,
1593 2021 1753 2107 quaesivit
1775 2029 1878 2109 nupta
1900 2021 2071 2107 fulgorem.
2141 2065 2145 2074 ι

415 2125 535 2190 mansit
560 2125 651 2198 illam
674 2123 917 2189 educandorum
941 2123 1114 2210 pignorum
1138 2122 1278 2187 servitus
1303 2122 1422 2200 libera,
1451 2122 1528 2188 dum
1551 2126 1652 2190 talem
1676 2147 1712 2190 se
1736 2125 1904 2212 praebuit,
1933 2146 2016 2211 quae
2040 2134 2075 2192 et

385 2227 596 2293 'ldesiderari
618 2228 776 2293 meruerit
799 2233 831 2292 ct
856 2228 960 2290 virum
982 2246 1158 2310 numquam
1182 2226 1304 2310 putarit
1327 2225 1510 2293 absentem.
1555 2227 1612 2292 illa
1634 2249 1748 2293 sexum
1772 2229 1891 2294 mentis
1920 2229 2074 2294 firmitate

415 2331 605 2410 duraverat,
636 2328 713 2394 dum
740 2331 773 2394 in
801 2352 841 2395 ea
869 2329 1039 2395 muliebris
1070 2327 1224 2392 inbecilla
1252 2327 1378 2392 consilii
1406 2328 1446 2394 de
1470 2329 1555 2394 virili
1583 2339 1741 2416 ceperant
1771 2333 1965 2398 auctoritate
1995 2335 2073 2398 sub-

416 2436 580 2500 stantiam.
618 2434 683 2498 iam
707 2433 852 2521 lapsibus
876 2433 999 2498 ordinis
1024 2433 1073 2496 sui
1097 2430 1246 2495 doctrina
1269 2430 1454 2496 medicante
1479 2435 1684 2519 repugnabat
1707 2443 1741 2501 et
1764 2437 1926 2501 translata
1944 2438 1978 2502 in
1994 2458 2073 2501 usus

416 2542 537 2606 alteros
567 2539 761 2605 feminarum
789 2539 918 2604 ridebat
947 2559 1114 2604 excessus.
1160 2535 1191 2600 in
1222 2557 1363 2617 summa,
1393 2537 1467 2601 talis
1498 2539 1608 2624 periit,
1637 2539 1751 2623 quales
1775 2541 1883 2604 solent
1904 2562 1924 2605 a
1946 2541 2073 2605 maritis
2129 2585 2139 2596 -

415 2644 566 2710 lacrimas
594 2643 771 2730 inpetrare.
817 2643 948 2721 Oircco,
980 2649 1017 2706 ut
1040 2642 1146 2720 aiunt,
1176 2641 1293 2725 poculo
1316 2662 1335 2705 a
1359 2662 1395 2706 se
1419 2643 1578 2706 translata
1601 2650 1653 2707 cst
1675 2649 1709 2708 et
1732 2644 1765 2708 in
1790 2650 1901 2708 votum
1925 2645 2076 2731 migravit

384 2744 567 2815 8adulteri.
604 2746 662 2811 sed
685 2746 762 2833 quid
786 2767 922 2832 agamus
945 2747 1031 2811 inter
1054 2745 1152 2809 anxia
1169 2751 1202 2809 et
1218 2745 1343 2809 incerta
1359 2744 1579 2830 deprehensi?
1618 2748 1754 2833 recipiat
1770 2769 1830 2813 nos
1846 2769 1904 2834 pro
1921 2748 2075 2813 remediis

417 2873 520 2918 exosa
543 2850 709 2936 navigatio
732 2855 765 2914 et
780 2850 923 2914 lassatae
940 2849 1134 2914 rudentibus
1152 2869 1266 2912 manus
1284 2853 1424 2934 stuppea
1441 2871 1551 2914 rursus
1568 2851 1675 2916 vincla
1691 2851 1899 2918 meditentur.
1939 2852 2076 2918 haereat

417 2955 517 3020 clavis
541 2955 687 3030 dextera,
710 2960 747 3018 ut
768 2954 915 3020 frenatae
939 2955 1057 3040 puppis
1074 2975 1133 3039 per
1148 2952 1409 3036 gubernaculum
1424 2953 1495 3016 iura
1510 2954 1706 3019 moderetur.
1744 2956 1894 3041 depictus
1912 2955 2075 3022 sideribus

418 3058 489 3124 axis
518 3055 672 3123 reddatur
700 3059 856 3143 aspectui.
907 3057 1128 3142 dispositionis
1159 3063 1290 3120 nostrae
1320 3056 1437 3120 itinera
1469 3059 1611 3122 noctium
1641 3058 1823 3145 dirigantur
1851 3060 1988 3125 indiciis.
2034 3063 2075 3126 sit
2130 3075 2148 3114 2·

418 3164 575 3229 solacium
598 3162 775 3226 luminibus
798 3163 896 3242 meis,
929 3162 956 3225 si
979 3160 1142 3246 profanati
1167 3181 1232 3223 non
1256 3157 1404 3223 videatur
1427 3165 1516 3226 terra
1539 3163 1693 3247 coniugii.
1737 3163 1902 3248 fugiamus
1925 3165 2076 3250 patriam,
2114 3184 2116 3186 ·

417 3268 450 3331 in
475 3288 539 3353 qua
561 3267 628 3330 talc
652 3265 804 3330 effectum
828 3270 878 3328 est
900 3263 1142 3327 matrimonium
1172 3271 1336 3344 nostrum,
1366 3263 1451 3348 quod
1476 3272 1509 3328 et
1532 3267 1680 3331 amisisse
1705 3266 1827 3352 pudeat
1850 3289 1910 3332 nec
1933 3267 2077 3333 haveant

418 3377 495 3435 vota
518 3370 677 3456 recipere.

1123 3573 1230 3659 (unna.
1254 3576 1284 3652 2,
1308 3573 1375 3660 90).

783 3729 916 3815 Imperii
941 3736 1060 3809 custos,
1083 3730 1190 3794 vocali
1213 3729 1332 3816 pollice
1357 3730 1473 3795 cordas

783 3833 848 3898 Per
871 3854 1026 3898 numeros
1049 3833 1195 3897 animans
1218 3833 1278 3896 tibi
1301 3833 1356 3896 fila
1380 3834 1550 3919 loquentia
1575 3856 1706 3901 carmen

784 3935 988 4000 Verberibus
1010 3936 1138 4020 plectri,
1162 3935 1285 4016 doctor,
1310 3937 1434 4002 servire
1460 3939 1562 4022 coegi.

784 4038 900 4104 Cirrha
922 4046 1038 4125 potens
1061 4038 1208 4120 Phoebe,
1232 4041 1338 4104 laticis
1362 4041 1418 4126 pia
1440 4041 1538 4106 turba
1562 4043 1671 4110 sereni

785 4142 835 4208 Tu
858 4143 938 4207 mihi
956 4149 1093 4230 'semper
1114 4145 1191 4224 eris,
1215 4145 1269 4229 qui
1293 4150 1427 4230 pectora
1453 4146 1566 4210 clausa
1589 4147 1722 4212 remotis

786 4248 909 4312 Inseris
933 4247 1050 4312 officiis
1074 4255 1107 4313 et
1130 4248 1249 4312 dextro
1273 4249 1405 4313 numine
1431 4251 1575 4335 conples.

785 4351 965 4438 Deprecor,
990 4358 1141 4416 exactam
1165 4352 1318 4416 fauturus
1343 4355 1472 4438 suscipe
1496 4375 1619 4424 vocem.

784 4455 933 4520 Extortis
957 4458 1099 4544 pretium
1121 4456 1248 4521 donans
1273 4463 1306 4520 te
1329 4457 1436 4522 iudice
1459 4456 1564 4523 dictis.

523 4715 710 4770 lamissione
842 4716 978 4782 apropior
991 4716 1080 4780 Sirra,
1096 4718 1212 4784 proprior
1228 4717 1326 4769 codices
1459 4715 1605 4770 dhaeein·
1622 4717 1698 4780 (erar.
1711 4718 1735 4780 e)
1752 4717 1778 4768 B
1910 4718 2083 4786 dpromitta-

417 4807 495 4857 batur
513 4842 621 4855 ......
641 4803 767 4855 malorum
785 4804 869 4869 suppl.
890 4803 919 4852 io
941 4820 989 4868 my.
1007 4802 1056 4869 inf.
1069 4799 1112 4852 13²
1249 4802 1265 4852 5
1284 4804 1404 4870 cuiquam
1417 4804 1450 4868 B,
1474 4805 1517 4855 cui
1540 4821 1663 4870 umquam
1682 4805 1757 4856 caari
1894 4803 1912 4856 6
1934 4808 2046 4860 umescit
2063 4807 2087 4857 V

417 4889 434 4942 8
452 4890 567 4942 seruatb
658 4889 768 4956 speciem
787 4906 819 4941 ne
837 4890 864 4939 in
886 4888 999 4939 deterius
1022 4889 1228 4940 successionibus
1253 4890 1290 4953 [in
1308 4891 1420 4942 deterius
1438 4888 1505 4956 cap.)
1523 4890 1550 4954 V,
1573 4891 1683 4957 speeiem
1702 4892 1947 4943 secessionibnsb
2037 4885 2081 4952 nel

417 4979 462 5032 sed
479 4979 520 5030 ccl
536 4984 567 5029 ut
584 4977 679 5028 conato
819 4973 835 5026 9
852 4977 985 5028 insoliscat
996 4975 1022 5026 B
1125 4973 1212 5040 habui]
1230 4978 1290 5028 auci
1303 4976 1328 5027 B
1468 4973 1500 5026 14
1518 4976 1603 5028 iuberi
1615 4975 1659 5026 13⁰
1798 4975 1832 5028 15
1848 4984 1966 5044 praetore
1983 4995 2044 5030 eum
2058 4979 2084 5030 B

417 5064 545 5116 discendit
558 5061 661 5114 BVLO
800 5059 831 5111 lt
848 5061 895 5114 illa
907 5062 986 5114 sim.
1128 5060 1159 5112 l‘f
1177 5071 1303 5116 meruerat
1318 5063 1343 5114 Β
1446 5064 1544 5130 putarit
1561 5063 1653 5128 scripsi
1670 5079 1727 5113 uno
1739 5062 1874 5127 Hortals'o,
1901 5071 2004 5130 putarat
2022 5065 2084 5117 libri

419 5149 451 5204 18
468 5153 495 5203 in
513 5147 553 5216 aa]
572 5150 619 5202 illa
630 5148 710 5201 Sir-m.
773 5157 911 5215 coeperant
921 5148 955 5212 B,
972 5154 1066 5215 coepe?
1081 5149 1109 5212 V,
1127 5157 1267 5215 coeperunt
1279 5149 1311 5215 L,
1328 5157 1453 5217 cspenmt
1465 5149 1559 5214 reliqui
1662 5147 1693 5198 19
1711 5149 1906 5216 repugnauitB
2004 5148 2039 5201 23
2058 5159 2084 5203 st

417 5255 466 5289 om.
480 5235 561 5289 Sirra.
639 5250 733 5286 manus
752 5234 904 5287 rudentibus
920 5233 1039 5287 VLTOP
1114 5237 1222 5288 uincula
1238 5235 1296 5288 Tdb
1417 5234 1451 5286 24
1470 5237 1633 5289 desumant
1647 5234 1766 5287 VLTOP
1843 5253 1906 5303 psr·
1925 5232 2004 5298 (eras.
2017 5237 2037 5302 i)
2051 5237 2085 5302 B,

418 5341 462 5391 per
480 5339 536 5390 arcp.
550 5323 595 5374 lio.
612 5320 638 5372 V
719 5317 754 5371 25
772 5322 870 5374 itsnsra
882 5321 908 5371 B
1000 5318 1034 5371 27
1051 5322 1180 5374 snrississs
1197 5321 1243 5372 Vn
1294 5321 1453 5386 habeantB,
1471 5322 1825 5385 comcommendabat
1916 5320 1951 5372 28
1969 5324 2084 5391 recipere

417 5409 475 5460 finit
486 5409 511 5459 B
615 5405 649 5460 29
668 5407 701 5460 ad
713 5409 867 5460 Deutcrium
885 5407 962 5460 inser.
976 5407 1109 5472 Simnoad,
1126 5409 1170 5475 qui
1187 5408 1233 5460 bos
1250 5426 1338 5460 ceram
1352 5427 1369 5459 a
1382 5409 1492 5462 dietim
1510 5409 1642 5478 mpcriorc
1660 5409 1800 5476 scprcyacit
1897 5405 1929 5459 31
1950 5411 2048 5479 quocgi
2059 5410 2086 5462 B

419 5492 453 5548 32
471 5495 566 5565 chyrra
577 5493 663 5560 BVL,
682 5500 752 5562 tyrra
767 5493 812 5550 ΟΡ
