4566 6532
444 374 514 436 aas
920 367 1049 424 cccxix
1069 367 1193 434 (uersu.
1212 367 1236 430 r,
1255 367 1308 433 14),
1328 366 1442 422 oooxx
1463 365 1566 434 (oron.
1585 365 1638 432 ra).

355 541 425 642 {2¹th·
449 543 604 628 scriptum
639 547 704 621 est,
743 542 936 607 meministi:
979 541 1127 608 ‘laudent
1157 549 1190 607 te
1225 540 1366 628 proximi
1400 538 1470 605 tui’.
1523 560 1600 604 vere
1634 540 1704 604 sola
1736 539 1816 605 mihi
1848 541 1972 606 vellem
2010 559 2119 604 causa

451 647 607 711 existeret
630 643 756 711 Gallias
780 644 970 733 expetendi,
994 654 1029 711 ut
1052 668 1126 714 curn
1149 645 1267 711 domno
1289 665 1364 710 meo
1387 644 1590 730 presbytero,
1622 645 1752 730 utrique
1777 645 1968 710 osculantes
1993 663 2119 708 manus

418 751 484 816 8et
512 751 624 814 oculos
659 757 747 828 tuos,
781 750 913 815 beatam
943 756 976 814 te
1004 752 1037 815 in
1057 751 1183 836 quavis
1214 749 1400 814 adflictione
1432 750 1588 834 temporis
1618 748 1838 816 redderemus.
1889 750 2028 815 domina
2059 751 2119 830 mi,
2146 783 2149 788 ·

451 860 585 940 propter
611 854 697 939 quod
724 855 896 919 mittuntur
924 855 1097 940 epistolae,
1125 874 1261 940 corpore
1289 873 1342 918 me
1370 853 1481 920 valere
1510 853 1697 938 significans
1725 854 1954 942 prosperitatis
1979 859 2120 919 vestrae

451 965 572 1022 statum
613 958 761 1043 requiro,
802 956 983 1044 deprecans
1019 965 1052 1022 et
1086 980 1144 1044 pcv
1180 953 1279 1020 dcum
1318 956 1508 1036 coniurans,
1547 977 1589 1019 ne
1623 977 1776 1042 umquam
1810 957 1888 1022 mihi
1924 959 2120 1023 orationum

382 1067 383 1070 ’
451 1069 634 1127 vestrarum
657 1061 847 1128 adiumenta
870 1061 1051 1146 denegetis.

1108 1368 1253 1438 GOGXX
1277 1371 1371 1457 (nior.
1395 1369 1458 1454 12).

514 1568 674 1641 DICTIO
701 1566 834 1641 DATA
860 1566 1081 1639 ARATORI
1110 1566 1307 1655 QVANDO
1334 1567 1399 1639 AD
1427 1565 1624 1639 LAVDEM
1651 1563 1935 1640 PROVECTVS
1957 1525 2060 1640 'EST

1028 1706 1240 1780 DICTATA
1267 1705 1356 1779 SVB
1383 1701 1538 1779 DIE“*

955 1905 1130 1972 THEMA:
1163 1905 1280 1972 LAVS
1304 1905 1611 1972 Lluuuanavu.

1177 2077 1392 2134 PRAEFATIO.

823 2199 950 2264 Littera
972 2197 1013 2264 de
1037 2201 1170 2287 proprio
1193 2200 1345 2267 laudetur
1366 2198 1539 2286 splendida
1562 2204 1678 2264 censu!

871 2301 1010 2370 Advena
1032 2323 1106 2368 nam
1131 2305 1236 2369 cultus
1259 2304 1305 2369 nil
1328 2303 1441 2369 tribuit
1464 2303 1563 2389 genii.

823 2404 926 2471 Ebria
949 2407 1066 2473 vestito
1088 2409 1162 2493 plus
1185 2407 1296 2473 lucent
1318 2408 1443 2474 vellera
1467 2405 1557 2488 Sere,

870 2510 936 2575 Per
959 2532 994 2576 se
1018 2511 1197 2577 candentes
1222 2513 1307 2577 colla
1329 2510 1447 2577 decent
1468 2509 1604 2598 lapides.

825 2611 898 2677 Non
921 2613 1013 2678 iuvat
1036 2621 1174 2679 externo
1199 2635 1384 2701 conponere
1407 2614 1554 2680 membra
1577 2615 1697 2680 nitore:

872 2720 947 2785 Lux
970 2721 1128 2785 naturalis
1153 2721 1260 2786 sidera
1282 2722 1443 2787 nobilitat.

1189 2910 1389 2964 Nauarum.

431 3034 443 3092 ¹
569 3007 743 3102 Omnibus
766 3036 882 3114 rebus,
906 3058 989 3122 quae
1014 3040 1231 3104 aestimantur
1253 3038 1372 3124 dignae
1395 3037 1596 3124 praeconiis,
1619 3035 1807 3102 exhibenda
1830 3044 1882 3102 est
1906 3059 1966 3123 pro
1991 3038 2125 3103 dicendi

459 3143 614 3207 facultate
639 3140 794 3206 laudatio.
833 3142 875 3206 ab
893 3140 1103 3226 eloquentiae
1120 3143 1196 3206 dote
1213 3143 1417 3208 radiantibus
1434 3140 1602 3207 reddenda
1618 3147 1693 3206 sunt
1710 3141 1826 3206 litteris
1842 3162 1927 3225 quae
1945 3141 2123 3218 debentur,

459 3248 536 3332 quia
558 3247 642 3310 sicut
665 3245 843 3330 gratuitum
867 3265 984 3308 munus
1009 3253 1042 3310 et
1065 3267 1146 3331 opes
1170 3254 1203 3310 et
1226 3248 1370 3311 animum
1393 3246 1516 3310 indicat
1539 3245 1714 3331 largitoris,
1738 3245 1784 3310 ita
1808 3253 1945 3332 accepts
1962 3246 2123 3336 denegari
2174 3277 2183 3308 ·.

459 3350 627 3414 avaritiam
652 3357 685 3414 et
711 3349 938 3435 inpudentiam
968 3357 1093 3412 reserat
1122 3351 1365 3436 supprimentis.
1412 3343 1550 3414 libemus
1581 3349 1762 3414 litterarum
1794 3350 1938 3424 numini,
1970 3349 2059 3434 quod
2084 3349 2124 3414 de

429 3454 604 3538 2‘ipsarum
627 3453 721 3517 fluxit
743 3453 919 3517 altaribus!
959 3453 1139 3539 quantisvis
1169 3455 1253 3518 enim
1278 3455 1416 3518 materia
1440 3453 1504 3518 ista
1527 3453 1629 3538 copiis
1653 3452 1906 3539 praedicationis
1929 3453 2124 3531 honoretur,

460 3556 607 3642 qualibet
636 3556 749 3621 effluat
771 3556 923 3620 ubertate
954 3554 1131 3636 diotomm,
1163 3557 1204 3622 de
1226 3558 1446 3643 possessionis
1470 3579 1548 3621 suae
1572 3557 1722 3642 frugibus
1745 3565 1840 3643 pasta
1864 3557 2015 3636 satiatur,
2047 3559 2125 3643 quia

461 3658 537 3724 dum
561 3659 646 3724 inter
668 3660 811 3740 virecta,
842 3681 926 3744 quae
951 3659 1130 3746 disposuit,
1163 3661 1296 3748 propria
1319 3662 1431 3726 oculos
1455 3659 1655 3727 amoenitate
1679 3661 1836 3748 captivat,
1865 3659 1967 3725 habet
1990 3660 2123 3746 quidem

460 3764 533 3848 ipsa
556 3761 791 3828 iucunditatem
815 3762 856 3828 de
872 3762 1072 3849 graminibus
1089 3765 1167 3843 suis,
1191 3763 1249 3829 sed
1264 3766 1388 3830 maiora
1402 3766 1536 3851 capiunt
1551 3785 1676 3830 messes
1693 3765 1898 3850 ingeniorum
1916 3765 2123 3831 incrementa
2174 3789 2196 3827 :a

461 3887 520 3952 per
548 3865 724 3934 dominam.
770 3867 882 3952 itaque
914 3869 967 3952 qui
995 3869 1091 3933 fenus
1120 3869 1239 3934 litteris
1270 3868 1422 3950 solverit,
1452 3868 1525 3955 plus
1556 3867 1710 3949 ditescat,
1743 3869 1819 3934 dum
1842 3891 1901 3954 per
1924 3871 2123 3936 secretiores

461 3974 589 4059 meatus
615 3971 710 4056 quasi
738 3992 799 4057 per
829 3991 966 4056 magnos
999 3972 1111 4036 alveos
1140 3993 1224 4058 quae
1253 3970 1294 4036 ad
1323 3971 1397 4036 illas
1421 3970 1547 4036 directa
1570 3979 1646 4036 sunt
1669 3973 1792 4037 fluenta
1815 3963 2031 4050 reducuntur3
2063 3995 2124 4038 neo

356 4075 360 4080 ’
461 4079 547 4165 quod
569 4100 629 4164 per
651 4086 762 4165 guttas
786 4079 945 4159 emiseris,
972 4079 1060 4164 (non)
1086 4081 1181 4144 aliter
1204 4101 1302 4164 quam
1325 4080 1352 4142 si
1374 4077 1553 4143 relabentis
1578 4075 1663 4141 Ionii
1686 4077 1737 4150 ius
1762 4076 1896 4156 habeas,
1923 4077 2124 4162 possidebis.

433 4177 536 4267 liquis
560 4183 699 4270 peritiae
723 4182 907 4269 depositum
932 4191 1044 4268 neget,
1067 4184 1128 4247 nisi
1151 4183 1205 4269 qui
1229 4182 1392 4246 desiderat
1416 4181 1584 4246 mendicus
1609 4180 1705 4260 effici,
1729 4178 1806 4243 dum
1822 4186 1990 4244 reservat?
2017 4182 2125 4246 istius

464 4286 511 4349 rei
541 4286 683 4366 fructus,
715 4286 801 4373 quod
831 4287 946 4350 mirum
977 4287 1065 4351 dictu
1095 4294 1160 4365 est,
1195 4287 1228 4350 in
1255 4285 1487 4350 abundantiam
1517 4284 1647 4350 refusus
1671 4289 1859 4360 exaestuat,
1891 4281 1969 4346 dum
1993 4286 2124 4350 ieiunos

463 4390 565 4454 faciat
588 4389 793 4455 incubantes.
840 4409 918 4474 ergo
942 4398 1015 4474 post
1038 4411 1134 4476 opem
1159 4389 1354 4462 caelestem,
1379 4397 1452 4475 post
1475 4390 1608 4474 superni
1632 4389 1753 4452 favoris
1777 4388 1951 4470 auxilium,
1976 4391 2126 4456 ministra

464 4494 582 4578 quibus
609 4494 726 4572 utaris,
756 4513 808 4556 ars
834 4492 1033 4570 venerande,
1064 4493 1264 4579 praeconiis,
1292 4498 1325 4556 et
1348 4492 1546 4557 inventionis
1569 4500 1645 4556 tuae
1669 4490 1754 4557 bono
1779 4491 1819 4556 dc
1842 4491 1907 4566 his,
1938 4514 2025 4578 quae
2050 4477 2127 4560 ate

434 4596 586 4661 dicerint
613 4595 751 4676 directo,
782 4596 965 4681 gratulare:
1000 4603 1075 4660 ate
1105 4601 1177 4659 orta
1205 4596 1238 4660 in
1267 4616 1329 4660 usu
1358 4596 1464 4660 laudis
1488 4596 1705 4680 amplectere!
1751 4585 1811 4658 nos
1842 4596 1921 4659 nihil
1956 4609 2069 4663 manet
2094 4601 2125 4665 in

467 4700 529 4764 hac
558 4707 651 4786 parte
681 4699 768 4785 quod
791 4698 926 4785 dignum
951 4701 994 4763 sit
1016 4701 1141 4765 ultione
1167 4701 1218 4764 vet
1242 4700 1397 4785 praemio.
1443 4699 1532 4763 fideli
1556 4699 1622 4762 oris
1646 4699 1749 4762 nostri
1772 4698 1931 4763 famulatu
1957 4702 1985 4764 si
2009 4723 2125 4788 porum

467 4803 500 4866 in
524 4803 707 4869 elevatione
731 4804 921 4868 meritorum
946 4808 1073 4866 tuomm
1098 4804 1314 4887 suggerimus,
1338 4803 1399 4868 hoc
1422 4801 1550 4867 dedisti.
1597 4823 1656 4867 nos
1680 4800 1796 4878 horum
1820 4803 1965 4868 amnium
1989 4805 2122 4873 fistulae
2188 4823 2198 4859 ³

465 4926 576 4971 sumus
599 4907 856 4991 necquicquam
879 4903 920 4970 de
944 4905 1047 4991 copiis
1071 4906 1236 4970 commissi
1259 4906 1394 4991 liquoris
1418 4905 1589 4971 ebibimus.
1627 4911 1662 4970 tu
1685 4911 1721 4970 ut
1744 4927 1803 4994 per
1825 4927 1884 4970 nos
1907 4909 2035 4973 meritis
2060 4911 2127 4974 tuis

471 5039 881 5047 mnu-dmm...

570 5130 583 5183 l
603 5133 727 5186 scribtum
738 5132 764 5184 Β
855 5131 980 5186 uellimB
1107 5129 1124 5182 3
1141 5131 1279 5184 afflictione
1295 5130 1319 5180 V
1405 5133 1441 5183 mi
1460 5132 1555 5195 Seleu,
1571 5132 1634 5184 mihi
1646 5131 1756 5198 Bvuv,
1773 5151 1830 5186 meu
1845 5133 1868 5184 0
1993 5134 2012 5185 5
2030 5145 2128 5189 statum

456 5218 492 5268 in
505 5218 541 5270 lit.
554 5218 580 5268 B
649 5215 683 5283 et]
702 5218 747 5270 aad
759 5217 805 5268 Be
821 5225 849 5267 at
866 5217 965 5268 aidane
1035 5232 1132 5283 uquam
1145 5215 1170 5265 Β
1279 5267 1280 5270 ,

570 5318 703 5388 [CCCXX]
731 5319 749 5370 8
765 5321 858 5372 dictata
870 5319 903 5384 B,
925 5322 993 5372 dicta
1009 5319 1079 5371 Vno
1170 5318 1318 5384 distiti&
1339 5321 1371 5386 cs.
1390 5337 1419 5386 p.
1431 5323 1489 5385 202,
1508 5325 1535 5372 15
1667 5320 1700 5373 12
1717 5323 1807 5376 tribuit
1825 5323 1925 5390 scopet,
1950 5325 2051 5378 tribuet
2070 5329 2132 5380 libri

467 5403 501 5458 14
522 5424 567 5474 per
589 5425 617 5458 sa
640 5408 778 5459 candentes
800 5408 891 5473 scripsi
914 5406 958 5475 (cs.
980 5405 1115 5458 (2¹00le
1128 5405 1166 5471 1),
1184 5406 1283 5472 persica
1300 5408 1438 5458 candentes
1457 5408 1531 5466 librt-
1554 5409 1585 5459 de
1603 5424 1679 5459 seara
1697 5410 1730 5475 cf.
1745 5427 1773 5476 p.
1787 5413 1846 5472 214,
1865 5415 1897 5462 10
2014 5411 2048 5463 15
2068 5414 2132 5483 uon]

466 5491 503 5544 nil
520 5491 599 5544 Sirra.
730 5491 763 5544 18
783 5494 876 5560 dignae
892 5493 999 5559 scripsi,
1025 5493 1103 5560 digna
1126 5492 1197 5554 libri,
1219 5509 1267 5543 om.
1286 5491 1378 5544 Sim..
1492 5493 1523 5545 21
1543 5491 1666 5560 libemus]
1688 5494 1782 5546 ibimus
1798 5495 1823 5546 Β
1954 5495 2134 5568 aucupius

466 5575 501 5628 25
518 5579 700 5632 iocunditatem
713 5577 770 5629 BV
858 5575 892 5629 26
910 5579 1012 5630 ditiscot
1024 5577 1056 5641 B,
1074 5578 1203 5629 ditescitb
1262 5607 1263 5610 =
1298 5576 1332 5630 28
1350 5596 1401 5630 uon
1416 5578 1449 5642 B,
1467 5597 1515 5630 orn.
1529 5581 1604 5633 ceteri
1698 5577 1732 5630 29
1750 5581 1857 5646 negitB
1952 5581 1988 5635 30
2006 5586 2095 5640 dictur
2109 5589 2135 5640 B

467 5663 568 5716 ieiunus
581 5664 606 5714 Β
709 5661 744 5715 32
763 5663 829 5715 bono
845 5663 886 5712 V‘²
990 5662 1025 5713 35
1042 5664 1146 5716 dedistis
1160 5663 1186 5714 B
1255 5665 1362 5716 testulae
1378 5664 1403 5716 Β
1507 5665 1541 5716 36
1559 5667 1641 5735 aupiis
1654 5664 1680 5715 B
1749 5665 1834 5718 licoris
1852 5669 1986 5720 ababimus
1999 5669 2027 5720 Β
