4596 6450
820 396 983 450 CLXXVIII
1002 395 1125 462 (EPIST.
1144 398 1169 460 5,
1187 397 1215 462 b)
1234 425 1267 436 -
1286 395 1428 450 CLXXXb
1447 393 1570 462 [CARM.
1587 394 1612 456 2,
1631 394 1685 460 bt).

1021 683 1240 752 CLXXVIII
1263 687 1373 774 (sersr.
1391 631 1484 772 ab).

1040 862 1279 938 ENNODIVS
1307 861 1467 939 AVITO.

396 1021 408 1081 ¹
546 1011 679 1106 Vellem
712 1038 847 1126 produci
882 1059 1028 1114 eausam,
1062 1041 1089 1103 si
1119 1042 1320 1126 propositum
1355 1061 1419 1105 non
1451 1060 1638 1124 gravarem,
1672 1059 1733 1126 per
1764 1058 1861 1124 quam
1897 1039 2081 1123 frequentia

424 1147 565 1212 amantis
603 1146 725 1231 scripta
759 1144 935 1230 promerui.
991 1143 1067 1208 dum
1103 1146 1189 1208 enim
1231 1146 1418 1230 negotiosas
1459 1145 1597 1229 paginas
1634 1143 1822 1223 destinatis,
1864 1142 2079 1207 ministerium

424 1249 591 1337 praebetis
622 1248 764 1313 affectui.
810 1248 868 1313 sed
900 1247 986 1334 apud
1018 1247 1198 1333 prudentes
1226 1255 1260 1314 et
1290 1249 1471 1313 animorum
1506 1249 1654 1312 conscios
1683 1246 1848 1311 sufficiunt
1875 1268 1974 1333 parca
2001 1268 2079 1311 con-

425 1353 544 1437 loquia.
593 1351 738 1416 urbanus
767 1351 800 1414 in
832 1350 1101 1436 promissionibus
1134 1373 1208 1416 esse
1236 1373 1300 1416 uon
1331 1353 1424 1438 sapio
1455 1373 1517 1418 nec
1549 1352 1611 1432 eis,
1646 1351 1764 1436 quibus
1792 1352 1933 1415 animem
1963 1350 2080 1432 debeo,
2146 1371 2157 1404 τ»

394 1455 535 1520 2fucata
550 1455 657 1519 fronte
674 1454 825 1520 blandiri.
863 1477 922 1518 vos
940 1461 1066 1518 tantum
1083 1453 1207 1539 coeptis
1231 1455 1371 1518 insistite
1395 1461 1429 1518 et
1451 1452 1614 1518 mandatis
1637 1453 1837 1518 caelestibus
1861 1454 2081 1539 obsequentes

426 1560 546 1624 malum
571 1558 744 1636 hominem,
767 1579 864 1642 quem
885 1557 1002 1630 dicitis,
1026 1579 1045 1620 a
1061 1556 1232 1621 desideriis
1248 1556 1429 1621 deducatis.
1466 1579 1518 1621 me
1535 1557 1687 1620 convenit
1702 1557 1777 1642 plus
1792 1558 1891 1622 rebus
1907 1557 2081 1621 ostendere

425 1682 520 1748 quam
553 1682 703 1726 sermone
734 1663 899 1747 polliceri,
936 1663 1011 1744 quia
1040 1660 1126 1745 quod
1158 1662 1281 1734 tribuo,
1314 1660 1375 1724 hoc
1405 1660 1483 1725 mihi
1512 1661 1639 1725 restitui
1667 1661 1896 1724 incunctanter
1929 1645 2082 1746 expecto,

425 1765 555 1829 domiue
579 1767 633 1844 mi,
657 1766 887 1829 salutationem
910 1765 1133 1851 plenissimam
1158 1764 1270 1830 dicens
1293 1785 1384 1849 rogo,
1408 1770 1443 1828 ut
1463 1763 1601 1828 domnae
1618 1762 1775 1827 Heliseae
1797 1763 1959 1826 communi
1984 1763 2079 1826 matri

425 1890 485 1954 pro
508 1890 561 1932 me
584 1870 707 1953 gratias
730 1890 822 1954 agas,
846 1888 930 1953 quae
954 1867 1088 1952 dignata
1111 1874 1160 1931 est
1183 1869 1302 1935 litteris
1326 1869 1393 1932 suis
1418 1868 1549 1933 vincula
1572 1868 1789 1953 proximitatis
1812 1867 1998 1933 ostendere.
2135 1889 2159 1928 ιο

1037 2174 1217 2244 CLXXIX
1240 2176 1346 2264 (canu.
1363 2182 1392 2243 2.
1409 2177 1477 2264 51).

795 2333 913 2398 Omnia
936 2333 1125 2421 Memphitis
1148 2336 1331 2400 retinentur
1353 2335 1487 2399 saecula
1508 2336 1624 2400 textis:

796 2437 939 2502 Servivit
962 2460 1137 2524 numquam
1161 2438 1359 2503 Laurentius
1382 2443 1459 2504 ante
1483 2438 1616 2515 Neroni,

793 2540 866 2606 Neo
889 2540 997 2606 timuit
1020 2542 1144 2606 validas
1169 2543 1246 2606 vicit
1268 2543 1322 2626 qui
1347 2564 1482 2630 corpore
1506 2543 1664 2608 flammas.

1045 2830 1203 2900 CLXXX
1227 2832 1332 2920 (canu.
1351 2837 1381 2915 2,
1398 2833 1466 2920 52).

781 3011 1069 3086 sarcasmus
1098 3014 1159 3086 ns
1186 2955 1446 3087 unvnunao
1474 3012 1734 3086 annosus.

796 3181 857 3245 Vir
878 3181 972 3258 facie,
996 3180 1114 3246 mulier
1136 3189 1242 3264 gestu,
1267 3181 1324 3246 sed
1348 3202 1441 3246 crure
1465 3180 1551 3267 qnod
1576 3179 1682 3258 ambo,

795 3284 907 3368 Iurgia
930 3289 1068 3348 naturae
1092 3285 1181 3347 nullo
1205 3283 1390 3349 discrimine
1414 3286 1555 3360 solvens,

795 3388 839 3452 Es
863 3389 968 3473 lepus,
992 3394 1025 3450 et
1048 3387 1129 3451 tanti
1153 3387 1326 3451 conculcas
1350 3388 1434 3451 colla
1458 3389 1576 3452 leonis!

1036 3679 1219 3747 unxxx⁸
1244 3680 1350 3766 (casu.
1368 3683 1398 3762 2,
1415 3681 1481 3768 53).

1160 3859 1352 3934 ALITER.

795 4026 903 4112 Exige
927 4026 1103 4092 mendaces
1128 4028 1322 4113 populorum
1345 4028 1503 4093 uxorcula
1525 4028 1657 4108 barbas,

843 4129 894 4194 Ne
919 4132 1067 4195 minuant
1090 4137 1261 4215 quaestum
1287 4132 1433 4197 mascula
1457 4131 1548 4195 labra
1571 4138 1673 4196 tuum.

1035 4419 1219 4489 CLXXXb
1244 4425 1351 4509 (osan.
1368 4429 1397 4506 2,
1414 4428 1480 4512 54).

1165 4602 1354 4678 ALITER.

796 4769 938 4857 Respice
963 4777 1150 4858 portentum
1173 4774 1337 4860 permixto
1359 4774 1430 4838 iure
1454 4779 1611 4856 creatum,

798 4874 987 4940 Communis
1011 4877 1152 4959 generis,
1177 4878 1280 4941 satius
1304 4877 1361 4942 sed
1385 4876 1511 4959 dicitur,
1536 4878 1650 4942 omnis.

539 5151 717 5222 [CLXXVIII]
754 5151 772 5204 3
789 5153 884 5205 scribta
896 5151 922 5203 B
1013 5153 1146 5205 distenatis
1169 5151 1206 5218 (ts
1222 5154 1251 5204 in
1269 5151 1355 5220 lit.)B
1480 5152 1498 5206 4
1514 5155 1626 5222 probetis
1641 5153 1670 5216 V,
1692 5155 1805 5222 probiter
1816 5154 1843 5206 B
1932 5156 2053 5208 conscius
2066 5155 2092 5207 B

430 5242 558 5310 colloquia
574 5241 599 5292 V
700 5240 717 5292 5
734 5241 848 5294 urbanus
860 5239 885 5289 B
987 5237 1001 5289 7
1021 5241 1098 5292 rebus
1115 5257 1164 5291 om.
1180 5240 1213 5304 B,
1231 5241 1286 5292 reb
1385 5239 1401 5291 9
1419 5242 1466 5306 mi]
1485 5241 1549 5292 mihi
1559 5239 1637 5292 BVL
1696 5241 1813 5293 dominae
1825 5241 1850 5291 B
1956 5241 1990 5294 10
2006 5253 2092 5295 osten·

431 5330 491 5380 dcro
508 5329 566 5380 finit
578 5326 603 5377 Β

537 5427 689 5496 [CLXXIX]
726 5428 917 5496 inscriptionem
941 5429 1055 5480 codicum
1078 5412 1235 5496 epigramma
1255 5431 1287 5481 de
1309 5431 1426 5483 adultero
1446 5439 1472 5483 st
1495 5430 1571 5482 molle
1592 5446 1648 5481 acm
1670 5430 1774 5482 Sanoua
1796 5433 1833 5481 art
1854 5449 1957 5482 cannen
1984 5449 2093 5497 aequem

431 5515 579 5581 transposui
649 5514 806 5567 memfitisB
989 5521 991 5524 '

536 5614 677 5685 [CLXXX]
713 5618 788 5670 aliter
804 5619 882 5669 imcr.
901 5617 999 5668 codices
1106 5635 1130 5670 v.
1151 5615 1164 5668 1
1184 5616 1268 5685 crure]
1287 5620 1364 5672 clune
1375 5621 1441 5686 fort.

536 5718 697 5789 [CLXXXb]
735 5739 759 5772 v.
777 5720 795 5772 2
812 5723 900 5788 setius,
918 5721 940 5770 si
959 5721 1051 5773 dicitur
1070 5721 1162 5790 Haupt
1181 5741 1221 5791 op.
1242 5723 1294 5773 111
1310 5728 1357 5774 421
