4596 6450
155 1037 166 1072 ,Β

141 2071 167 2110 rt

141 3085 168 3124 2⁰

142 3603 168 3644 25

684 397 1409 494 cexmrmmsr.s‚1s),ccxnu1(nrcn.1s).
1815 429 1869 491 ιιι

222 598 282 667 sed
301 620 431 686 semper
453 598 495 664 ds
512 575 799 686 supernapietate
822 598 996 684 postulavi,
1020 595 1237 684 magnitudini
1261 601 1336 661 tuae
1361 596 1518 682 splendor
1540 596 1694 663 adcessit.
1728 599 1875 665 redditus

221 709 273 768 est
295 701 409 787 generi
433 708 467 767 et
489 702 633 768 moribus
657 703 722 768 tuis
745 717 849 790 apex,
877 722 937 787 per
966 723 1064 787 quem
1087 701 1309 766 conscientiae
1334 699 1440 765 fidelis
1472 701 1505 764 in
1528 701 1634 765 lucem
1658 701 1788 788 prodire
1812 725 1874 768 non

220 805 374 870 formidet
400 805 583 890 integritas.
629 805 710 870 deus
738 804 839 887 bone,
868 803 995 869 indulta
1024 804 1168 884 custodi,
1196 825 1281 890 auge
1311 804 1518 868 successibus
1548 805 1634 891 quod
1662 806 1796 888 dedisti,
1824 809 1907 872 iaci

219 911 305 975 cirea
328 929 457 974 servum
480 915 573 974 tuum
595 910 734 996 primum
763 929 836 974 esse
866 907 1002 992 gradum
1026 908 1081 994 qui
1106 905 1249 973 summus
1273 913 1334 973 est.
1380 908 1547 994 praecipio
1573 930 1631 994 spe
1655 909 1766 974 futura
1789 932 1872 996 quae
1925 959 1991 1000 md.

219 1014 388 1100 deprecor.
432 1013 587 1078 nesciunt
608 1014 642 1077 in
666 1012 791 1077 foribus
815 1013 964 1093 haerere,
988 1033 1073 1096 quae
1098 1013 1189 1077 eaelo
1213 1017 1345 1076 auctore
1370 1011 1565 1078 tribuuntur.
1610 1034 1741 1100 semper
1764 991 2031 1116 inere-¹323,‡¹,⁸f¹

220 1117 339 1182 mentis
362 1116 403 1181 ad
428 1118 559 1182 culmen
582 1116 780 1197 ascenditur,
804 1117 860 1181 ubi
885 1135 1046 1202 supernus
1069 1116 1162 1180 favor
1183 1121 1331 1202 praestat
1354 1114 1535 1180 exordium.
1575 1116 1647 1202 quis
1671 1117 1733 1182 hoe
1757 1119 1790 1182 in
1812 1120 1909 1182 vits3

218 1221 385 1287 hominum
400 1222 453 1286 vel
470 1241 591 1301 eorum,
614 1221 670 1306 qui
686 1220 970 1284 conversationem
994 1238 1086 1284 suam
1110 1219 1199 1282 nulla
1215 1217 1403 1282 custodiunt
1426 1218 1512 1282 nube
1530 1219 1734 1301 sordentem,
1758 1221 1872 1286 adces-

219 1328 303 1391 sisse
326 1325 390 1391 sibi
416 1323 468 1390 die
492 1343 558 1390 una
574 1325 766 1410 gratuletur,
790 1331 822 1388 te
846 1321 1007 1387 honorum
1023 1321 1169 1408 auspicia
1192 1322 1376 1406 ingressum
1400 1328 1435 1386 et
1458 1320 1552 1386 dulce
1577 1344 1686 1387 meum
1704 1324 1876 1389 Senarium

219 1428 260 1494 ab
284 1429 407 1493 ultimis
430 1433 590 1493 terrarum
606 1428 755 1516 partibus
772 1427 982 1492 restitutum?
1013 1427 1121 1492 brevis
1145 1425 1300 1490 horarum
1325 1445 1440 1490 cursus
1465 1425 1621 1507 interfuit,
1645 1433 1681 1491 ut
1705 1433 1738 1491 et
1760 1434 1796 1491 tu
1818 1449 1873 1514 pa-

220 1533 300 1597 latio
323 1537 420 1597 natus
444 1537 478 1597 et
500 1531 557 1597 ille
580 1533 623 1598 sit
645 1530 803 1597 redditus.
848 1529 1043 1594 inveritate
1068 1528 1140 1593 dieo
1173 1527 1269 1593 etde
1294 1528 1348 1593 dei
1371 1527 1599 1594 misericordia
1631 1530 1712 1594 mihi
1741 1551 1876 1596 securus

222 1634 383 1722 spondeo,
415 1634 585 1721 fragilitati
612 1655 706 1701 meae
729 1633 893 1721 praesidia
916 1632 1008 1698 eaelo
1030 1632 1234 1718 obsequente
1258 1631 1405 1698 concedi.
1451 1631 1635 1718 spondetur
1659 1633 1756 1714 mihi,
1789 1635 1875 1719 quod

220 1740 312 1806 vobis
342 1747 393 1806 est
418 1740 622 1826 praestitum.
667 1739 799 1804 domine
831 1738 890 1818 mi,
921 1736 1126 1802 salutationis
1156 1737 1313 1823 obsequia
1341 1736 1524 1822 suscipiens
1554 1759 1649 1822 rogo,
1680 1743 1716 1802 ut
1743 1738 1770 1802 si
1798 1738 1928 1825 quide

218 1844 321 1909 amori
354 1864 427 1908 meo
458 1842 595 1924 tribuis,
624 1842 776 1908 domnum
806 1842 935 1907 animae
965 1861 1057 1906 meae
1088 1841 1276 1920 Senarinm,
1306 1847 1343 1904 ut
1365 1839 1451 1924 apud
1481 1862 1533 1905 me
1561 1847 1706 1920 maneat,
1736 1862 1875 1906 exorare

217 1946 361 2033 pleniter
401 1966 466 2011 non
507 1944 650 2012 omittas.
705 1944 793 2032 quod
832 1945 896 2010 nisi
931 1943 1129 2025 obtinueris,
1166 1943 1304 2008 multum
1342 1943 1420 2008 mihi
1459 1942 1500 2008 de
1536 1942 1711 2009 hilaritatis
1746 1945 1875 2009 cumulo

219 2048 423 2136 decerpsisti.

858 2299 1035 2371 00me
1059 2301 1155 2389 (orer.
1173 2300 1238 2386 18).

605 2499 654 2574 IN
681 2497 950 2575 TYRANNVM
978 2498 1060 2588 QVI
1088 2497 1287 2571 PRAEMJI
1314 2495 1498 2571 NOMINE

397 2637 695 2714 PARRIOEDAE
723 2637 952 2712 STATVAM
980 2636 1127 2711 INTER
1154 2636 1298 2710 VIROS
1327 2635 1515 2710 FORTES
1543 2636 1697 2713 DEDIT.

788 2775 921 2849 DATA
947 2773 1170 2848 ARATORI
1197 2775 1241 2848 V.
1269 2773 1310 2848 C.

329 2919 515 3034 Quamvis,
544 2953 687 3032 iudices,
711 2953 853 3019 virorum
876 2954 1006 3019 fortium
1030 2953 1158 3037 efligies
1174 2974 1327 3018 mansuro
1343 2954 1533 3038 perenniter
1555 2975 1631 3018 aere
1649 2959 1822 3018 serventur
1845 2959 1905 3018 etl

219 3075 280 3142 per
301 3056 384 3122 haee
408 3058 583 3123 simulacra
605 3058 756 3124 nesciant
779 3057 904 3123 obitum
928 3058 981 3124 vel
1012 3057 1149 3143 sepulti,
1179 3059 1326 3142 quamvis
1358 3058 1390 3122 in
1418 3059 1649 3124 aeternitatem
1678 3059 1797 3143 migret
1819 3080 1878 3144 per

218 3156 277 3224 has
305 3165 395 3226 artes
426 3161 535 3246 imago
564 3161 748 3226 mortalium
778 3166 813 3227 et
843 3165 1017 3246 angustam
1045 3161 1208 3226 humanae
1243 3167 1380 3227 naturae
1415 3162 1523 3247 legem
1556 3163 1666 3227 vincat
1699 3160 1875 3226 industria:

219 3269 332 3328 tamen
357 3263 487 3330 virtutis
509 3266 651 3352 pretium
679 3285 739 3330 neo
766 3263 929 3352 parricida
956 3265 1131 3350 aliqnando
1154 3265 1273 3328 meruit
1296 3286 1357 3329 nee
1380 3270 1538 3348 tyrannus
1563 3266 1714 3330 exsolvit.
1745 3264 1909 3351 quando2

218 3387 336 3432 munus
366 3368 589 3434 innocentium
624 3375 681 3434 aut
707 3370 889 3435 sceleratus
925 3367 1036 3434 elicuit
1068 3373 1125 3431 aut
1156 3388 1334 3453 oppressor
1366 3367 1528 3432 libertatis
1564 3369 1724 3454 ingessit?
1758 3375 1876 3449 statua,

218 3471 397 3536 venerandi
424 3472 619 3559 praesules,
648 3472 776 3538 sudoris
807 3473 932 3538 fruetus
961 3478 1027 3550 est,
1055 3471 1175 3538 iudicio
1207 3471 1373 3536 reddenda
1401 3472 1581 3557 purissimi,
1611 3478 1647 3537 ut
1678 3473 1711 3536 in
1739 3479 1876 3558 utroque
1897 3489 1949 3530 bid·
1964 3488 1979 3530 1·
1994 3499 2014 3529 c-

220 3594 385 3661 congruus
409 3575 497 3642 nitor
518 3597 580 3642 nee
602 3577 835 3664 suscipientem
858 3577 1064 3656 devenustet,
1089 3575 1117 3640 si
1140 3575 1273 3661 indigno
1296 3581 1429 3640 auctore
1446 3577 1642 3661 provenerit,
1666 3598 1726 3642 nee
1750 3577 1776 3640 si
1800 3598 1877 3642 eon-

195 3679 346 3744 ·feratur
367 3680 538 3762 inmerito,
571 3681 714 3746 maculet
735 3681 941 3767 largientem.
989 3680 1015 3743 si
1040 3679 1144 3745 libera
1176 3678 1334 3744 adversus
1358 3685 1531 3764 tyrannum
1555 3701 1622 3744 vox
1645 3685 1696 3746 est
1719 3680 1797 3745 vitia
1820 3680 1877 3745 de-

221 3784 383 3862 testantis,
407 3783 539 3848 silicet
563 3784 623 3849 sub
647 3790 755 3850 tutore
780 3785 950 3849 eriminum
974 3783 1089 3868 eulpae
1112 3783 1254 3868 urgueri,
1279 3782 1385 3846 dicam
1410 3782 1497 3867 quod
1521 3783 1637 3848 sentio.
1682 3784 1768 3848 inter
1795 3782 1909 3849 duos3

221 3888 365 3953 nefarios
388 3910 442 3954 res
466 3888 606 3955 honesta
629 3889 779 3953 volitavit
809 3894 843 3954 et
873 3894 989 3953 neutro
1014 3886 1139 3950 munita
1161 3885 1342 3971 praesidio,
1373 3905 1436 3951 nec
1464 3907 1485 3950 a
1516 3905 1580 3973 quo
1603 3886 1797 3972 procederet
1818 3909 1879 3952 neo

222 3990 262 4056 ad
287 4013 384 4078 quem
408 3992 578 4074 deflueret,
603 3991 834 4077 cognoscebat.
881 4012 934 4056 res
957 3988 1081 4055 dudum
1101 3987 1238 4054 decreta
1260 3989 1399 4054 fortibus
1423 3995 1457 4054 et
1480 3991 1648 4076 sanguinis
1671 3991 1880 4077 conparanda

222 4095 402 4181 suffragiis,
433 4095 474 4162 ad
504 4117 640 4182 quorum
669 4095 856 4182 pervenerit
884 4095 955 4158 iura
982 4093 1149 4179 respicite:
1182 4098 1218 4155 ut
1246 4113 1318 4156 cam
1350 4092 1473 4157 tribuat
1496 4101 1672 4179 usurpator
1695 4095 1824 4180 imperii
1847 4101 1879 4159 et

221 4199 362 4285 accipiat
384 4200 487 4287 patris
511 4199 684 4265 extinctor.
731 4219 794 4285 quo
815 4213 868 4261 me
891 4203 1033 4276 vertam,
1061 4196 1182 4260 neseio.
1225 4196 1312 4260 inter
1334 4197 1490 4260 virtutum
1515 4205 1658 4278 tuarum,
1690 4198 1910 4264 venerandct

221 4303 384 4390 princeps,
413 4303 640 4392 deprehensus
664 4301 804 4388 abrupta
826 4301 949 4380 neseio,
974 4307 1081 4364 utrum
1105 4319 1255 4364 accusem
1280 4299 1364 4384 quod
1389 4305 1546 4385 tyrannus
1570 4321 1616 4382 es,
1645 4322 1687 4364 an
1711 4301 1797 4388 quod
1819 4300 1878 4365 ho-

221 4428 318 4472 noras
340 4408 486 4494 praemio
509 4403 698 4492 parricidas.
737 4407 865 4490 utrique
889 4404 979 4489 digni
1002 4402 1152 4468 crucibus
1176 4408 1210 4467 et
1232 4402 1272 4467 de
1289 4404 1458 4488 praesenti
1474 4405 1542 4468 vita
1565 4405 1679 4470 culleis
1703 4403 1879 4490 effugandi,

223 4515 288 4576 no'n
312 4495 446 4576 creditis
469 4510 632 4590 sufficere,
657 4530 716 4574 vos
733 4509 879 4574 debitum
903 4507 1025 4573 vitasse
1043 4507 1248 4594 supplicium,
1273 4507 1335 4570 nisi
1358 4513 1392 4570 et
1414 4513 1449 4571 tu
1467 4507 1553 4592 quod
1577 4529 1639 4573 non
1663 4509 1740 4574 licet
1756 4509 1880 4573 tribuas

223 4623 256 4681 et
286 4597 341 4680 ille
369 4614 456 4701 quod
485 4635 551 4679 non
574 4621 718 4679 meretur
740 4614 922 4700 acceperit!
969 4614 1033 4676 iam
1058 4609 1180 4675 dudum
1209 4632 1228 4674 a
1251 4618 1283 4675 te
1308 4611 1371 4675 ista
1394 4632 1451 4697 per
1474 4611 1645 4676 audaciam
1668 4616 1911 4698 praesumpta5

223 4723 312 4797 sunt,
344 4738 418 4783 eum
445 4739 556 4784 arcem
583 4718 727 4783 iustitiae
758 4716 949 4804 profligator
975 4715 1120 4797 intrasti,
1153 4714 1203 4778 his
1233 4713 1275 4778 ad
1309 4713 1512 4779 dominatum
1543 4723 1676 4780 evectus
1705 4717 1878 4802 suffragiis,

464 4895 634 4902 ——-

327 5029 341 5081 1
360 5032 486 5098 postolaui
497 5031 524 5082 B
586 5031 694 5083 accessit
709 5029 737 5085 V.
833 5027 928 5095 2apix
941 5027 966 5078 Β
1069 5025 1087 5078 3
1104 5029 1171 5080 bons
1190 5026 1215 5090 (o
1227 5045 1282 5094 sup.
1296 5025 1324 5094 a)
1337 5027 1362 5078 Β
1466 5031 1483 5082 6
1500 5032 1597 5084 culmin
1610 5030 1655 5081 Βίι
1718 5045 1843 5098 supernos
1854 5030 1880 5080 B

223 5113 238 5167 i
255 5118 393 5170 meamus
408 5118 433 5168 V
548 5116 567 5170 8
585 5118 730 5185 gratuletur
746 5114 820 5179 TOP,
837 5116 999 5182 gratulentur
1012 5113 1089 5165 BVL
1209 5113 1227 5165 9
1244 5122 1274 5167 tu
1291 5132 1341 5166 om.
1353 5114 1379 5165 Β
1502 5113 1536 5166 10
1552 5113 1642 5182 natus]
1661 5117 1735 5168 datus
1755 5115 1881 5168 Densbort

220 5204 253 5256 da
271 5221 318 5256 orn.
334 5203 392 5256 01²⁶
455 5205 498 5256 dei
514 5219 563 5254 orn.
575 5202 601 5254 Β
704 5199 736 5252 11
754 5201 889 5270 sponditur
902 5201 927 5252 B
1032 5197 1065 5252 12
1083 5199 1127 5266 mi]
1145 5202 1208 5254 mibi
1220 5200 1246 5252 B
1252 5200 1297 5251 VL
1402 5198 1435 5252 13
1453 5203 1551 5254 tribuas
1562 5201 1588 5251 Β
1650 5203 1781 5254 ἁοιιιίιιιιιιι
1799 5200 1880 5254 Tele

223 5287 256 5340 14
272 5290 375 5342 cornulo
387 5289 413 5340 Β
518 5287 551 5340 lb
569 5289 716 5356 decerpsisti
733 5289 790 5340 finit
801 5286 828 5337 Β

326 5391 476 5460 [coxam]
512 5390 545 5443 1‘l
567 5372 661 5456 sordV,
683 5394 761 5444 tortor
775 5391 800 5442 L
937 5389 969 5442 18
985 5389 1026 5443 vio.
1042 5391 1120 5455 VLT,
1143 5408 1191 5442 oro.
1204 5389 1230 5440 B
1365 5387 1396 5440 19
1419 5391 1511 5442 indicis
1526 5390 1552 5441 Β
1684 5389 1716 5441 21
1737 5399 1842 5444 ιαιιῐοι
1855 5392 1880 5442 Β

221 5477 256 5530 ‘23
272 5481 439 5532 innocentum
453 5479 512 5530 (JPb
608 5476 644 5529 ab
661 5485 750 5530 autore
763 5477 796 5542 B,
813 5479 911 5530 auctori
925 5477 1003 5529 Siren.
1099 5475 1133 5528 27
1151 5478 1173 5528 si
1185 5474 1254 5543 ucat]
1268 5476 1366 5528 scillcet
1377 5477 1403 5527 B
1463 5479 1550 5545 urgeri
1566 5477 1591 5525 V
1680 5475 1715 5528 28
1733 5477 1880 5530 nefariusB

221 5567 369 5634 procederet
387 5567 411 5630 b,
437 5565 580 5633 procederit
597 5561 727 5628 BVLTI,
752 5565 903 5632 processerit
924 5562 1014 5616 Y²0P
1147 5562 1182 5616 29
1208 5565 1331 5616 deflueret
1348 5565 1375 5628 b,
1401 5565 1519 5617 defluorit
1535 5561 1660 5628 BVJffl,
1686 5565 1821 5618 defluxerit
1842 5563 1881 5614 ΤΒ

221 5649 256 5704 30
274 5659 414 5720 usurpatur
426 5651 451 5703 Β
573 5649 608 5703 83
624 5653 757 5720 affligendi
775 5652 794 5715 (i
806 5652 963 5720 perlongum
978 5651 1008 5701 ta
1026 5648 1075 5716 tu.)
1089 5649 1115 5700 B
1229 5647 1265 5702 34
1281 5651 1379 5703 tribuas
1397 5647 1431 5717 st]
1450 5651 1588 5703 tribuassst
1599 5648 1640 5700 3¹
1755 5647 1789 5702 35
1807 5651 1880 5702 mari·

221 5744 264 5796 tur
276 5735 302 5794 Β
308 5734 319 5774 ¹
398 5736 555 5810 acciperitB
