4538 6436
930 392 964 444 m
983 391 1106 460 (uersu.
1125 393 1149 456 s,
1170 391 1222 458 14),
1242 390 1290 444 nu
1310 390 1433 459 (uersu.
1451 393 1477 462 a,
1496 394 1549 461 15).

1084 683 1133 750 1ιΙ
1157 685 1266 771 (rerer.
1284 689 1313 766 2,
1334 684 1397 768 14).

1112 882 1371 956 AFRIS.

385 1045 398 1105 ¹
527 1035 680 1128 Lucrum
708 1060 846 1126 forsitan
874 1067 1005 1146 putaret
1033 1060 1199 1140 inimicus,
1232 1061 1259 1123 si
1288 1061 1374 1124 inter
1405 1058 1565 1146 pericula,
1600 1078 1684 1143 quae
1713 1055 1910 1124 Christianis
1940 1059 2069 1140 indixit,

413 1166 617 1234 credentium
645 1165 772 1231 animos
805 1163 993 1250 subegisset
1021 1169 1055 1228 et
1082 1186 1140 1250 pcr
1170 1163 1302 1230 diversa
1331 1163 1453 1228 domini
1482 1183 1582 1247 grege
1613 1161 1763 1248 disperso
1791 1184 1856 1229 non
1880 1173 2071 1249 superesset

413 1272 465 1337 vel
496 1271 582 1336 inter
610 1290 751 1356 paucos,
786 1289 806 1333 a
835 1268 951 1354 quibus
979 1268 1085 1355 possit
1113 1267 1177 1332 fide
1209 1273 1444 1354 perseverante
1476 1265 1608 1330 calcari.
1661 1271 1777 1350 regnat
1808 1267 1916 1333 adhuc
1947 1269 2005 1335 ille
2037 1271 2070 1335 in

413 1379 684 1452 nurnero'vcstro,
708 1373 763 1458 qui
781 1372 842 1436 sibi
859 1393 924 1436 non
940 1378 1008 1436 tarn
1025 1373 1058 1435 in
1074 1371 1281 1436 multitudine
1303 1392 1401 1457 quam
1424 1371 1457 1434 in
1481 1369 1656 1435 devotione
1680 1371 1873 1455 conplacuit.
1912 1375 2068 1460 scriptum

258 1479 312 1587 1⁸³3}-
326 1479 502 1586 gog-enim
526 1485 575 1544 est
604 1477 713 1542 datam
740 1484 874 1541 satanae
904 1482 1118 1564 potestatem,
1149 1484 1187 1540 ut
1216 1495 1327 1540 servos
1351 1473 1473 1538 Christi
1502 1474 1676 1554 cribraret,
1706 1480 1743 1538 ut
1774 1477 1860 1561 quod
1890 1477 1931 1542 de
1961 1479 2070 1544 tritico

313 1565 318 1574 ⁸
382 1582 554 1648 2inveuiri
571 1587 694 1668 posset,
718 1581 845 1646 horreis
862 1580 1064 1665 iungeretur,
1088 1579 1174 1665 quod
1190 1579 1231 1644 de
1248 1579 1363 1666 paleis,
1385 1578 1426 1643 ad
1442 1579 1564 1664 ignium
1582 1579 1738 1644 alimenta
1753 1581 1918 1648 transiret.
1954 1582 2071 1649 advos

258 1705 399 1757 nucinas.
415 1686 603 1774 specialiter
625 1683 748 1749 dictum
772 1691 837 1750 est:
870 1683 982 1748 ‘nolite
1007 1684 1134 1764 timere,
1158 1684 1297 1770 pusillus
1320 1704 1417 1768 grex:
1441 1682 1625 1767 conplacuit
1648 1683 1732 1768 patri
1748 1691 1858 1750 vestro
1881 1684 1960 1752 dare
1977 1688 2071 1753 vobis

413 1787 571 1876 regnum’.
617 1788 707 1853 venit
730 1787 895 1853 intervos
919 1786 1048 1871 gladius
1071 1786 1280 1872 perfidorum,
1304 1788 1358 1873 qui
1381 1786 1525 1852 marcida
1548 1788 1710 1854 eeclesiae
1733 1789 1881 1854 membra
1903 1801 2072 1859 resecaret

376 1891 384 1896 ”
414 1902 448 1960 et
475 1895 518 1960 ad
546 1893 725 1960 caelestem
755 1891 892 1978 gloriam
921 1912 1002 1955 sana
1036 1890 1243 1976 perduceret.
1295 1912 1375 1977 quos
1404 1890 1526 1956 habeat
1549 1889 1700 1956 Christus
1729 1892 1867 1972 milites,
1904 1903 2071 1961 certarnen

382 1996 572 2072 testandit3
612 1997 667 2083 qui
696 1995 896 2081 triumphum
927 2000 1124 2075 mereantur,
1158 2016 1217 2080 per
1251 1994 1339 2059 bella
1373 1996 1591 2079 cognoscitur.
1646 1996 1748 2061 nolite
1782 2003 1943 2080 metuere,
1984 2001 2073 2086 quod

413 2102 610 2189 pontificalis
638 2099 774 2165 avobis
804 2099 906 2185 apicis
936 2098 1055 2164 infulas
1085 2099 1303 2164 abstulerunt.
1349 2097 1517 2162 vobiscum
1544 2106 1596 2164 est
1623 2101 1775 2165 sacerdos
1798 2100 1853 2166 ille
1877 2103 1930 2167 vel
1952 2103 2072 2186 hostia,

414 2206 468 2291 qui
496 2226 561 2269 non
592 2211 659 2269 tam
689 2203 869 2268 honoribus
898 2201 1069 2267 consuevit
1096 2200 1241 2286 gaudere
1266 2222 1363 2287 quam
1386 2202 1562 2267 mentibus.
1608 2203 1731 2269 maiora
1754 2211 1830 2269 sunt
1853 2206 2072 2273 confessionis

413 2309 560 2397 praemia
582 2329 679 2394 quam
703 2308 892 2372 nominatae
915 2328 1053 2371 munera
1075 2305 1255 2390 dignitatis.
1300 2305 1341 2370 ad
1364 2307 1434 2416 Q
1456 2306 1648 2392 plerumque
1679 2308 1778 2372 etiam
1806 2309 1942 2376 minoris
1965 2312 2072 2376 meriti

413 2433 572 2499 personas
600 2412 693 2476 favor
723 2411 885 2475 humanus
912 2409 1062 2489 adducit,
1093 2410 1163 2492 ista
1189 2410 1252 2474 nisi
1281 2411 1388 2494 gratia
1411 2431 1553 2497 superna
1576 2432 1640 2475 non
1663 2411 1786 2478 tribuit.
1829 2413 1902 2498 ipse
1925 2416 2014 2480 enim
2037 2417 2071 2481 in

413 2518 505 2582 vobis
536 2523 569 2582 et
598 2516 756 2603 pugnavit
786 2522 819 2581 et
848 2515 942 2594 vicit,
976 2536 1073 2600 quem
1101 2514 1182 2580 fides
1213 2522 1357 2580 meretur
1385 2521 1418 2580 et
1445 2515 1530 2580 inter
1559 2513 1724 2579 hominum
1751 2521 1915 2582 tormenta
1945 2520 2073 2584 sociari.

383 2621 551 2709 tprolixis
575 2641 641 2686 non
663 2625 715 2685 est
731 2640 812 2705 opus
828 2618 990 2684 fervorem
1007 2619 1041 2682 in
1057 2619 1152 2683 vobis
1169 2620 1346 2684 caelestem
1363 2619 1509 2684 animare
1526 2618 1716 2704 conloquiis.
1753 2619 1856 2685 habet
1871 2620 2074 2691 incrementa

414 2746 474 2790 sua
489 2724 620 2790 divinae
636 2723 766 2789 virtutis
783 2721 980 2790 incendium.
1019 2743 1080 2788 nee
1097 2743 1179 2809 opus
1196 2729 1247 2788 est
1263 2744 1319 2788 eos
1342 2724 1375 2787 in
1398 2729 1513 2809 tropeo
1536 2723 1602 2788 iarn
1624 2723 1749 2809 positos
1772 2722 1887 2790 adtolli
1909 2727 2073 2810 laudibus,

412 2829 467 2916 qui
492 2829 560 2894 sine
584 2826 746 2892 monitore
769 2827 927 2892 vicerunt.
974 2833 1090 2912 gravat
1113 2827 1346 2892 conscientiam
1371 2825 1567 2908 Christiani,
1591 2826 1746 2913 quidquid
1770 2828 1922 2896 adferunt
1943 2831 2073 2898 blandi-

412 2940 525 2999 menta
541 2931 720 3019 praeconii.
759 2952 812 2996 res
829 2929 960 3016 quidem
978 2930 1107 2995 virtutis
1125 2936 1184 3011 est,
1208 2952 1304 3018 quam
1321 2930 1457 3011 fecistis,
1480 2928 1538 2995 sed
1562 2931 1678 2996 summi
1701 2933 1840 3017 praemii
1863 2934 2072 3003 restitutione

381 3044 400 3103 5
414 3036 610 3124 superanda.
651 3033 739 3121 quod
762 3041 872 3100 tamen
895 3033 1027 3099 directis
1044 3034 1086 3098 ad
1101 3034 1204 3098 filium
1221 3040 1368 3099 nostrum
1383 3032 1556 3099 diaconum
1571 3033 1690 3098 litteris
1707 3037 1877 3120 sperastis,
1900 3039 2073 3105 beatorum

413 3147 595 3227 martyrum
618 3139 740 3205 Nazari
763 3144 797 3203 et
811 3137 950 3202 Romani
975 3137 1238 3203 benedictionem
1261 3143 1447 3224 poscentes,
1471 3137 1623 3202 fidelibus
1646 3158 1709 3201 non
1725 3160 1894 3224 negamus.
1932 3143 2073 3230 accipite

303 3255 307 3263 ¹
411 3243 601 3309 veneranda
616 3242 799 3329 patrocinia
815 3241 1008 3306 invictorum
1024 3242 1173 3322 militum,
1198 3242 1274 3327 quia
1290 3248 1323 3307 et
1338 3249 1482 3307 vestram
1497 3243 1562 3306 iam
1577 3241 1674 3306 fidem
1691 3242 1725 3306 in
1740 3245 1873 3329 proeliis
1895 3246 2074 3333 imperator

411 3347 563 3432 agnovit:
596 3345 739 3411 feliciter
769 3344 984 3410 confessionis
1012 3365 1148 3410 munera
1176 3351 1411 3410 consummate.
1460 3344 1550 3410 dabit
1579 3345 1676 3425 deus,
1706 3367 1779 3410 cum
1806 3347 1870 3434 ipsi
1898 3350 2072 3436 placuerit,

412 3450 567 3517 reducem
599 3448 749 3515 ecclesiis
777 3449 938 3533 quietem,
969 3454 1006 3511 ut
1034 3468 1229 3527 maerorem,
1266 3468 1362 3532 quem
1392 3447 1511 3514 indixit
1540 3448 1736 3531 adversitas,
1773 3452 1865 3537 pacis
1897 3453 2072 3520 dulcedine

412 3553 612 3620 consoletur.

1072 3789 1143 3856 1ιΠ
1166 3789 1275 3876 (nrrsr.
1291 3795 1321 3873 2,
1341 3791 1406 3878 15).

967 3985 1238 4061 EVPREPIAE
1265 3985 1515 4063 ENNODIVS.

383 4151 397 4211 ¹
527 4133 705 4231 Caelestis
730 4163 975 4251 dispensatione
997 4163 1146 4249 mysterii
1171 4185 1235 4228 uno
1259 4168 1407 4251 tempore
1432 4164 1509 4229 mihi
1533 4166 1665 4244 sororis,
1688 4167 1848 4254 Lupicino
1873 4169 2003 4235 refusus
2020 4176 2072 4236 est

410 4270 524 4334 matris
547 4271 700 4350 affectus,
732 4275 765 4334 et
787 4269 940 4354 geminae
963 4268 1081 4353 copula
1104 4267 1358 4333 necessitudinis
1380 4270 1644 4354 peregrinantem
1673 4274 1821 4358 recipere
1851 4276 1974 4340 meruit
1996 4280 2072 4361 post

409 4373 583 4439 intervalla
615 4374 783 4460 pietatem.
833 4373 981 4438 revixisti
1012 4370 1098 4456 apud
1131 4392 1191 4436 nos
1223 4378 1296 4457 post
1328 4371 1514 4438 dilectionis
1546 4395 1642 4459 quem
1675 4397 1912 4460 procuraveras
1944 4379 2070 4444 obitum

379 4476 571 4545 2benetieio
584 4478 778 4544 litterarum.
812 4475 952 4541 vidimus
969 4495 1113 4539 amorem
1129 4467 1221 4560 quasi
1236 4475 1278 4539 de
1295 4475 1434 4561 quadarn
1449 4478 1617 4563 sepultura
1631 4486 1831 4564 surgentem.
1865 4481 2070 4570 inauspicato

411 4580 507 4646 nobis
529 4581 766 4647 incolumitatis
782 4586 913 4645 vestrae
935 4579 1068 4643 nuntius
1091 4578 1236 4644 adcessit
1258 4579 1382 4658 auditu,
1406 4602 1503 4666 quam
1527 4581 1741 4648 credebamus
1764 4605 1824 4669 per
1847 4592 2071 4674 contemptum

409 4687 513 4751 nostri
527 4686 695 4751 viventem
712 4684 810 4749 busta
827 4684 1011 4770 conplesse.
1048 4681 1209 4746 oredimus
1224 4688 1257 4748 te
1275 4682 1355 4748 dura
1376 4705 1577 4771 perpessam,
1601 4686 1659 4751 sed
1684 4688 1877 4752 confitemur
1899 4689 2071 4775 inrogasse

513 4994 566 5063 [LI]
603 4995 778 5050 leobertatio
796 4996 828 5047 ad
846 4995 1014 5048 consuntiam
1032 4996 1110 5047 inser.
1123 4995 1137 5044 b
1150 5003 1315 5046 statuaras.
1330 4995 1385 5045 BT
1474 4996 1780 5065 4poseeteorri.Hortel
1874 4997 2072 5054 bseribtumB

408 5081 553 5138 fioriboret
569 5081 658 5136 B1V¹
780 5081 900 5151 'iporsst
918 5082 1011 5147 sim,
1035 5083 1114 5151 possit
1132 5082 1229 5132 cadmea
1349 5080 1491 5134 9eclesies
1509 5083 1534 5133 Β
1656 5080 1689 5135 10
1710 5082 1785 5152 quos]
1810 5087 1878 5152 quod
1899 5087 1950 5152 ΟΡ,
1975 5089 2071 5155 quotb

409 5168 442 5221 12
460 5172 618 5238 pontificales
632 5171 657 5222 B
718 5169 841 5238 apicerB
906 5167 1034 5232 insolasB
1143 5165 1174 5218 16
1192 5167 1284 5218 sociari
1296 5185 1343 5218 orn.
1357 5168 1392 5219 Cb
1497 5167 1529 5220 18
1547 5178 1633 5237 tropeo
1646 5170 1679 5234 B,
1696 5173 1802 5239 tropheo
1815 5174 1891 5224 ceteri
1951 5175 2074 5226 attolliV

409 5255 441 5310 19
454 5261 578 5326 quioquid
591 5259 616 5309 V
698 5257 732 5309 21
745 5257 803 5310 dide
812 5255 890 5307 BVL
904 5256 973 5321 (arete
985 5263 1076 5320 etpost
1088 5252 1147 5305 dide
1157 5255 1240 5320 spolio
1252 5255 1340 5306 relicto
1356 5254 1397 5320 10,
1415 5265 1537 5308 uestrum.
1552 5257 1576 5307 b.
1589 5257 1651 5308 diac.
1665 5257 1731 5321 OPe,
1748 5267 1865 5310 nostrum
1878 5261 1908 5312 N.
1923 5262 2072 5313 Eunodium

407 5345 470 5396 diac.
484 5345 618 5397 Borooiuo
723 5343 757 5395 23
775 5353 801 5396 st
818 5344 880 5410 quia
893 5341 970 5395 sian.
1042 5342 1209 5408 quinetiam
1226 5349 1338 5393 uestram
1351 5343 1417 5409 piam
1430 5343 1506 5394 tidem
1519 5342 1618 5394 Borea.
1724 5341 1759 5396 24
1776 5361 1955 5399 consummare
1968 5347 2070 5400 Boron.

407 5428 442 5482 25
464 5430 593 5498 reducem]
618 5433 740 5485 Mueere
759 5431 859 5483 Barea.
948 5427 1048 5479 eclesiis
1063 5427 1089 5478 B
1174 5435 1247 5479 utet
1265 5427 1415 5479 nnBorou.
1502 5429 1594 5480 indixit
1606 5428 1705 5493 BOPb,
1732 5431 1834 5482 induxit
1853 5431 1936 5494 tw,-
1964 5436 1998 5501 es.
2016 5438 2073 5485 a?

406 5513 441 5568 26
458 5519 647 5572 consulaturB

512 5620 582 5690 [1211]
617 5621 651 5674 21
671 5623 803 5674 Ennodius
821 5621 965 5687 Eupropioa
978 5618 1057 5669 Stoa
1168 5615 1202 5666 30
1219 5617 1285 5668 iuter
1302 5619 1370 5669 stalla
1389 5616 1413 5682 (r
1430 5619 1458 5668 irs
1476 5617 1523 5676 liti
1542 5619 1567 5668 Β
1635 5622 1873 5686 procurauemtB⁰
1980 5621 2014 5674 31
2034 5625 2071 5676 in-

406 5717 544 5775 auspseeto
558 5710 582 5759 B
686 5708 720 5760 32
738 5709 846 5760 accessit
863 5706 887 5755 V
987 5704 1022 5755 33
1040 5701 1128 5766 nostri]
1148 5711 1262 5754 nostrum
1276 5703 1354 5754 Siros.
