4538 6436
868 421 953 475 vrrs
973 420 1129 474 serram.
1788 425 1828 486 93

173 601 206 657 et
228 593 362 656 inventa
385 591 559 674 corrigere,
583 612 707 676 pacem,
731 612 827 676 quam
852 599 885 656 et
906 599 942 656 tu
965 592 1085 678 poscis,
1109 613 1233 676 negare
1250 614 1313 657 non
1330 591 1445 658 audeo.
1483 599 1650 679 postremo
1667 593 1695 657 ai
1711 594 1830 660 solitae

173 694 359 762 calliditatis
388 695 510 758 astutia
538 695 636 758 etiam
667 701 699 759 te
730 695 900 777 fefellerit,
932 702 1100 762 certamen
1129 697 1193 760 iam
1216 698 1408 761 vulneratus
1438 694 1599 762 adsumat.
1643 718 1696 762 me
1719 704 1830 773 tamen

173 806 358 884 statumque
381 796 584 882 reipublicae
608 799 673 862 tuis
697 800 863 864 committo
887 808 920 864 ct
943 800 1136 864 commendo
1160 801 1309 892 manibus
1333 806 1367 864 et
1394 801 1547 884 gratiam,
1578 821 1675 886 quam
1704 791 1828 887 suppli-

173 904 260 968 canti
283 908 317 966 et
339 901 473 988 profuso
496 923 557 987 per
579 923 614 966 se
631 902 796 969 Ricemeri
813 923 936 988 negare
952 903 1188 988 disposueram,
1213 924 1273 988 per
1288 909 1320 968 te
1337 902 1459 988 primus
1477 903 1630 970 exhibeo.
1668 903 1830 991 profunda
1843 908 1878 968 71

110 1029 122 1065 a
174 1009 260 1072 enim
284 1005 521 1070 deliberatione
547 1005 738 1091 conpendiis
761 1008 881 1072 nostris
898 1008 929 1071 in
948 1007 1008 1072 hac
1025 1015 1118 1094 parte
1134 1007 1344 1086 consulimus,
1368 1007 1394 1070 si
1411 1006 1445 1070 in
1460 1008 1594 1072 incertis
1610 1008 1829 1093 procellarum

174 1111 339 1176 erroribus
367 1129 483 1174 navem
514 1110 657 1174 erboni
680 1112 908 1196 gubernatoris
932 1110 1135 1176 ordinatione
1159 1111 1337 1176 flectamus.
1382 1110 1455 1196 quis
1478 1111 1566 1175 enim
1589 1111 1648 1174 tibi
1670 1132 1829 1176 excusare

173 1218 361 1302 praesumat
382 1211 577 1278 beneficium
600 1213 792 1299 postulanti,
823 1217 875 1280 cui
899 1220 1089 1301 oportuerat
1111 1213 1187 1280 ante
1211 1237 1326 1302 preces
1350 1212 1492 1280 offcrri‘f'
1538 1215 1620 1279 haec
1643 1216 1829 1302 imperator.

174 1327 207 1385 at
229 1317 429 1384 venerabilis
453 1317 607 1383 sacerdos
631 1316 776 1403 ‘gratias'
799 1320 904 1404 inquit
926 1318 1150 1405 ‘omnipotenti
1174 1318 1316 1396 domino,
1341 1319 1395 1405 qui
1418 1339 1533 1405 paoem
1557 1339 1650 1382 suam
1672 1319 1830 1404 principis

174 1423 272 1487 menti
297 1422 449 1500 inseruit,
472 1442 569 1505 quem
592 1420 632 1485 ad
656 1422 760 1486 instar
783 1423 916 1508 superni
940 1421 1124 1486 dominatus
1149 1421 1305 1486 vicarium
1329 1423 1501 1508 potestatis
1526 1443 1605 1486 suae
1629 1421 1733 1486 voluit
1756 1443 1830 1486 esse

97 1549 122 1586 ιο
174 1523 387 1592 mortalibua’.

281 1629 406 1704 Quibus
428 1629 575 1695 breviter
607 1629 759 1704 narratis,
791 1634 929 1715 accepto
961 1629 1060 1693 ctiam
1089 1649 1148 1715 pro
1178 1627 1370 1694 concordiae
1403 1628 1556 1693 firmitate
1584 1628 1625 1692 ab
1654 1627 1830 1692 Anthemio
1843 1625 1883 1687 72

63 1735 101 1804 'a
115 1755 154 1795 ars
173 1739 391 1811 sacramento,
415 1732 566 1796 discessit
589 1732 749 1797 festinans
776 1733 818 1797 ad
841 1732 1009 1817 Liguriam
1033 1733 1170 1811 reverti,
1201 1732 1353 1817 quoniam
1377 1731 1624 1796 resurrectionis
1648 1730 1829 1795 dominicae

172 1846 301 1924 tempus
324 1837 479 1918 instabat,
503 1857 564 1923 per
586 1835 672 1922 quod
696 1838 871 1900 maceratis
894 1837 1088 1902 ieiuniorum
1113 1856 1211 1901 cruce
1235 1836 1424 1921 corporibus
1448 1857 1546 1900 carne
1562 1835 1680 1920 frigida
1696 1836 1828 1921 spiritus

173 1943 285 2007 hilaris
301 1941 474 2006 recalescit
490 1945 533 2020 et,
558 1939 634 2003 dum
651 1961 670 2002 a
687 1939 896 2027 redemptore
920 1945 1032 2004 nostro
1055 1938 1224 2004 moriendo
1246 1959 1332 2002 mors
1349 1939 1500 2021 vincitur,
1523 1938 1629 2005 fidelis
1653 1940 1724 2025 spei
1747 1939 1829 2003 cibis

109 2070 120 2106 a
173 2046 281 2111 anima
305 2045 484 2129 saginatur.
528 2042 684 2108 vicesimo
708 2065 728 2107 a
751 2065 798 2125 se,
821 2065 895 2107 cum
917 2043 1058 2108 Romam
1081 2064 1234 2127 egressus
1257 2048 1317 2120 est,
1347 2042 1489 2106 futurum
1512 2042 1635 2129 pascha
1657 2042 1729 2106 dies
1751 2047 1882 2128 pro-73

171 2150 332 2214 mittebat.
381 2153 474 2211 tanta
503 2153 613 2212 tamen
642 2147 706 2211 iter
734 2147 904 2212 celeritate
939 2146 1092 2226 confecit,
1130 2152 1167 2211 ut
1196 2153 1311 2231 quarto
1342 2146 1469 2210 decimo
1499 2144 1553 2210 die
1584 2145 1769 2232 inprovisus
1797 2151 1830 2209 et

172 2253 291 2317 famam
321 2251 539 2338 praeveniens
568 2251 717 2316 Ticinum
747 2251 986 2337 ingrederetur,
1019 2251 1190 2316 comitibus
1219 2273 1298 2316 sane
1330 2252 1478 2338 plurimis
1507 2252 1539 2315 in
1568 2253 1621 2316 via
1653 2251 1830 2331 derelictis,

172 2358 247 2443 quia
274 2377 336 2422 nee
364 2356 594 2421 abstinentiam
623 2357 694 2420 eius
728 2357 890 2421 sustinere
914 2362 1068 2442 poterant
1090 2377 1151 2421 neo
1175 2355 1332 2421 laborem.
1378 2376 1456 2420 ecce
1481 2377 1657 2422 concursus
1680 2357 1883 2442 praesto-74

173 2461 309 2526 lantiam
333 2460 417 2524 tanti
432 2459 589 2523 antistitis
605 2458 797 2523 adventum:
822 2459 908 2524 domi
925 2459 1066 2545 positum
1082 2458 1206 2538 videre,
1231 2479 1328 2544 quem
1344 2458 1487 2523 nondum
1503 2458 1642 2523 Romam
1658 2479 1828 2544 egressum

94 2593 100 2604 ·
172 2564 272 2630 fuisse
296 2569 527 2649 cognoverant.
572 2562 680 2627 laetae
704 2563 793 2627 urbis
817 2563 959 2648 tripudia
981 2562 1128 2629 adtonito
1150 2562 1316 2627 Rioemeri
1344 2561 1542 2626 indicantur:
1572 2582 1688 2649 pacem
1710 2561 1828 2626 factam

173 2687 314 2732 consono
331 2687 445 2730 omnes
462 2686 518 2730 ore
535 2665 759 2732 clamitabant.
798 2670 960 2734 exultatio
984 2669 1109 2733 infinita
1131 2669 1369 2755 provinciarum
1394 2675 1437 2748 et,
1460 2667 1544 2732 sicut
1567 2667 1734 2732 hominum
1757 2688 1828 2731 mos

173 2777 222 2834 ost
245 2769 369 2855 gratius
393 2769 516 2833 habere
540 2767 626 2854 quod
654 2768 811 2851 redditur,
842 2771 989 2857 quamsi
1014 2773 1145 2836 omnino
1169 2791 1234 2836 non
1258 2777 1387 2856 pereat,
1416 2770 1541 2836 dulcior
1564 2776 1634 2835 erat
1656 2771 1829 2835 concordia

172 2895 255 2960 quae
278 2878 354 2961 post
376 2873 469 2938 litem
493 2871 712 2937 revocabatur
734 2879 768 2936 et
790 2895 856 2960 pax
880 2896 964 2961 quse
989 2874 1053 2939 iam
1076 2895 1181 2961 paene
1205 2873 1381 2960 desperata
1398 2875 1590 2959 contigerat.
1629 2875 1829 2940 evocabatur
1842 2875 1882 2935 75

71 2975 74 2984 '
172 2976 371 3043 reverendus
401 2973 567 3062 pontifex,
601 2979 637 3038 ut
663 2973 720 3038 diu
748 2981 958 3063 expectatum
981 2975 1285 3042 Mediolanensibus
1315 2983 1540 3063 praesentaret
1572 2984 1751 3064 aspectum.
1796 2984 1830 3041 at

95 3103 119 3142 aa
172 3082 237 3162 ille,
260 3101 302 3145 ne
319 3080 410 3144 velut
431 3077 558 3143 debitas
581 3079 761 3164 gratiarum
783 3080 930 3144 actiones
954 3101 1112 3164 praesens
1129 3079 1295 3146 videretur
1318 3081 1464 3166 exigere,
1489 3081 1692 3146 visitationes
1716 3102 1829 3147 eorum

173 3185 233 3250 sub
257 3185 404 3250 colorata
427 3182 537 3268 specie
561 3181 760 3248 declinabat.

82 3309 154 3358 asso
279 3287 384 3374 Igitur
406 3307 563 3373 processu
587 3287 745 3372 temporis
769 3292 803 3351 et
826 3286 948 3350 laboris
979 3286 1148 3352 cotidianis
1177 3286 1387 3352 successibus
1411 3287 1498 3352 vitae
1523 3287 1555 3350 in
1579 3307 1654 3350 eum
1677 3286 1829 3351 meritum
1842 3286 1883 3346 76

171 3391 408 3478 geminabatur.
455 3395 526 3456 erat
555 3389 604 3453 illi
627 3410 784 3474 germana
813 3396 893 3454 natu
922 3390 1037 3469 minor,
1069 3388 1228 3475 religione
1259 3410 1323 3454 non
1352 3390 1456 3476 inpar,
1487 3389 1659 3454 Honorata
1688 3391 1829 3470 nomine,

172 3496 264 3560 cuius
284 3495 384 3559 vitem
408 3515 469 3580 per
492 3493 622 3577 singula
637 3493 792 3558 virtutum
817 3515 941 3580 genera
963 3494 1096 3579 longum
1121 3498 1173 3559 est
1195 3495 1315 3579 eloqui.
1355 3493 1475 3560 suffieit
1496 3500 1607 3558 tamen
1631 3493 1672 3558 ad
1694 3494 1827 3559 laudum

95 3623 120 3661 so
171 3601 242 3664 eius
265 3599 430 3664 cumulum
452 3596 584 3683 dignam
607 3598 689 3662 tanti
705 3598 765 3661 viri
787 3618 931 3664 sororem
954 3597 1092 3663 dixisse.
1137 3598 1220 3662 hanc
1241 3598 1276 3662 in
1298 3597 1369 3683 ipso
1393 3619 1456 3683 quo
1480 3596 1521 3662 de
1543 3598 1709 3681 legatione
1732 3597 1829 3663 rediit

171 3701 378 3768 consecravit
406 3721 501 3767 anno.
546 3721 643 3784 quam
672 3705 783 3766 tamen
812 3701 1011 3768 inbuendam
1047 3701 1230 3787 disciplinis
1260 3702 1476 3782 caelestibus,
1513 3702 1606 3787 quasi
1639 3708 1754 3768 sancta
1782 3703 1829 3768 illi
1843 3702 1883 3762 77

171 3814 287 3872 natura
312 3825 378 3871 non
411 3803 591 3885 sufficeret,
624 3803 822 3870 Luminosae
851 3805 979 3869 cuidam
1007 3805 1149 3870 feminae
1177 3804 1359 3891 stupendae
1389 3806 1573 3870 sanctitatis
1598 3811 1631 3870 et
1655 3805 1828 3890 singularis

170 3911 316 3996 exempli
348 3908 526 3988 commisit,
563 3907 655 3972 cuius
688 3913 855 3994 oporteret
884 3908 1034 3972 fortassis
1067 3907 1223 3972 natalium
1254 3909 1395 3974 culmina
1423 3910 1544 3994 relegi,
1575 3909 1640 3975 nisi
1669 3909 1830 3994 insignior

172 4015 287 4080 fuisset
309 4013 377 4078 vita
404 4033 499 4098 quam
531 4011 702 4096 sanguine.
746 4011 829 4077 haec
861 4012 949 4077 enim
971 4011 1032 4076 fuit
1054 4012 1143 4093 talis,
1173 4011 1213 4076 de
1236 4032 1300 4095 qua
1323 4033 1358 4076 se
1383 4010 1532 4076 crederet
1554 4011 1678 4077 habere
1702 4018 1735 4076 et
1758 4012 1828 4099 ipse

172 4117 258 4204 quod
279 4117 436 4197 disceret,
466 4115 521 4201 qui
545 4113 758 4179 erudiendam
790 4121 975 4180 consortem
1004 4115 1090 4180 uteri
1128 4109 1361 4180 committebat.
1412 4131 1486 4180 nam
1513 4115 1604 4180 brevi
1633 4113 1719 4202 apud
1747 4115 1829 4179 hano

172 4222 357 4309 depositum
380 4217 535 4284 antistitis
565 4219 683 4304 pignus
715 4218 857 4283 effloruit
880 4224 914 4283 et
937 4217 977 4282 ad
1004 4219 1227 4284 maturitatem
1254 4218 1361 4282 bonae
1392 4218 1494 4303 frugis
1524 4218 1685 4304 plantaria
1713 4224 1830 4282 onusta

171 4325 336 4411 perduxit.
374 4323 502 4388 interea
524 4342 585 4408 per
607 4323 807 4409 propositum
832 4322 895 4387 sibi
920 4323 1037 4388 callem
1053 4322 1139 4387 vitae
1163 4343 1261 4387 eursu
1283 4322 1438 4408 praepeti·
1457 4321 1610 4387 sacerdos
1632 4321 1831 4386 venerabilis
1844 4318 1884 4379 78

171 4428 345 4495 incedebat
368 4427 588 4512 eleemosynis
613 4426 683 4490 sine
708 4426 942 4491 retractatione
966 4446 1101 4511 operam
1124 4425 1216 4506 dans,
1240 4424 1326 4510 quod
1350 4446 1469 4489 munus
1485 4425 1723 4511 accipientibus
1738 4426 1829 4489 vultu

172 4537 205 4596 et
220 4533 328 4597 animo
351 4528 565 4595 blandissimo
590 4528 851 4610 commendabat,
875 4531 921 4595 its
944 4535 979 4594 ut
1002 4530 1195 4615 cuicumque
1219 4530 1380 4593 sermonis
1403 4529 1505 4594 solius
1529 4529 1666 4616 gratiam
1688 4529 1829 4615 praesti-

173 4637 282 4717 tisset,
314 4656 521 4721 nequaquam
552 4655 588 4699 se
614 4633 805 4700 indonatum
836 4641 967 4721 putaret
994 4633 1183 4700 abscedere.
1228 4638 1300 4696 erat
1328 4630 1415 4696 enim
1446 4653 1607 4697 summum
1636 4633 1829 4719 praemium,

173 4740 270 4804 talem
295 4739 402 4804 saltim
426 4736 548 4802 vidisse
572 4737 769 4824 pontificem.
814 4737 985 4802 crescebat
1008 4736 1040 4801 in
1063 4737 1136 4801 dies
1159 4736 1306 4820 singulos
1329 4735 1416 4799 fama
1444 4736 1596 4818 gloriosis
1623 4735 1829 4800 successibus

174 4850 207 4908 et
229 4849 334 4908 totum
357 4863 463 4929 paene
485 4841 642 4908 mundum
665 4841 754 4907 illius
778 4841 1023 4930 praedicatione
1046 4840 1232 4929 conplebat.

275 5189 292 5242 6
310 5186 381 5256 boni]
400 5190 456 5241 ueri
474 5187 554 5241 Sirra
659 5186 677 5238 8
694 5185 730 5256 at]
748 5190 781 5240 ad
793 5187 850 5239 BV
915 5188 1005 5254 inquid
1017 5187 1043 5238 B
1112 5184 1224 5252 domino]
1243 5186 1290 5237 deo
1309 5183 1387 5236 Sim.
1492 5181 1510 5232 ll
1527 5201 1589 5235 ause
1607 5184 1738 5251 potestatis
1751 5181 1829 5234 Sir-rra

174 5273 206 5328 12
223 5278 344 5343 quoniam
356 5275 390 5340 B,
408 5275 459 5342 qrio
474 5275 527 5341 VJ,
549 5277 652 5342 quando
670 5276 692 5326 0
707 5284 729 5326 ct
746 5274 825 5327 sirm.
963 5271 996 5324 13
1014 5273 1145 5325 recalescit
1162 5279 1188 5323 ct
1205 5271 1313 5335 Horat,
1337 5271 1502 5321 recalesceret
1520 5271 1579 5320 libri
1674 5269 1788 5342 uincitur
1805 5277 1830 5320 et

173 5364 253 5414 fidelia
265 5363 340 5414 LTC
356 5361 399 5427 (V
412 5371 438 5413 et
455 5379 511 5429 cup.
530 5363 575 5414 lin.
593 5380 664 5414 marr.
677 5360 703 5423 2)
847 5358 880 5410 lo
897 5358 933 5426 se]
953 5377 995 5411 see
1007 5358 1053 5410 13⁶
1157 5373 1233 5424 pasca
1246 5356 1271 5407 Β
1410 5353 1443 5405 19
1460 5356 1587 5407 antestitis
1597 5355 1623 5405 Β
1727 5373 1830 5406 romane

172 5467 286 5517 menum
300 5448 345 5499 Bss
484 5446 519 5500 20
536 5449 605 5500 orbis
618 5447 643 5498 Β
647 5457 661 5484 ⁰
766 5448 884 5514 trepudia
895 5447 921 5497 Β
1023 5445 1131 5496 attonito
1147 5443 1171 5493 V
1305 5439 1340 5493 23
1357 5439 1524 5508 evocabatur]
1546 5449 1571 5492 et
1594 5441 1734 5492 siccabatur
1751 5439 1831 5491 Sir-m.

171 5533 205 5586 24
222 5533 258 5603 at]
271 5537 303 5587 ad
315 5534 341 5586 B
438 5531 474 5584 25
490 5535 645 5586 uisitationia
660 5533 683 5584 B
777 5533 813 5585 30
831 5532 866 5600 dd
882 5533 1024 5599 elegatione
1040 5529 1103 5581 1'11.
1203 5527 1237 5579 33
1255 5529 1368 5580 culmina
1381 5528 1494 5579 culmina
1506 5526 1547 5577 13¹
1644 5524 1679 5578 34
1696 5527 1775 5577 uitam
1785 5525 1831 5576 Ba

172 5619 205 5672 36
222 5623 323 5674 antistis
335 5621 417 5685 Bvc',
436 5623 522 5672 antiss
532 5622 583 5672 etia
597 5620 620 5670 1.
720 5618 753 5670 37
773 5621 893 5671 sacerdus
906 5619 931 5668 Β
1031 5615 1065 5667 38
1082 5616 1228 5668 elemosinis
1240 5615 1320 5678 Rue,
1337 5614 1501 5680 aelymosinis
1517 5612 1562 5662 VL
1661 5610 1695 5663 39
1713 5614 1797 5664 sullus
1807 5613 1832 5662 Β

172 5705 201 5758 41
223 5709 312 5758 saltem
329 5706 353 5755 Γ
452 5705 486 5758 42
504 5725 586 5774 panse
599 5705 624 5756 B
