4566 6532
812 393 1005 448 onxxxvnl
1024 393 1158 463 (OPUSO.
1177 395 1214 461 5).
1780 397 1840 460 301

184 566 282 632 deum
313 567 354 634 de
383 567 529 634 abitione
558 567 724 653 sospitatis
753 573 786 630 et
814 567 847 630 in
875 567 947 653 ipso
978 566 1123 652 gaudere
1153 565 1193 632 de
1218 565 1336 632 reditu.
1382 567 1522 632 laetatur
1544 587 1630 631 nunc
1653 568 1687 630 in
1710 571 1841 632 auctore

184 677 296 735 nostro
320 672 440 736 mentis
466 672 588 736 sanitas
605 676 781 757 procurata
798 670 1021 756 languoribus.
1057 670 1114 736 ubi
1130 677 1180 735 est
1197 670 1355 758 superbia
1371 669 1544 736 diuturnae
1561 671 1677 736 salutis
1694 671 1844 756 quaesita
1879 669 1898 732 3

185 773 350 838 ludibrio?
395 775 453 840 ubi
484 775 708 861 supercilium,
742 796 801 860 per
831 773 917 860 quod
947 774 1092 839 divinum
1121 794 1239 838 munus
1270 773 1429 840 credebas
1461 795 1536 839 esse
1565 795 1634 839 rem
1656 774 1844 861 propriam?

186 885 324 965 repente
356 878 503 944 deseruit
531 885 564 943 te
597 879 783 944 constantia
813 879 939 944 roboris
969 879 1030 959 tui,
1062 885 1095 944 et
1122 877 1338 963 aegritudinis
1368 879 1517 944 subiecta
1539 877 1738 965 ponderibus
1762 878 1845 944 elisa

122 1027 127 1038 .
188 981 319 1046 cervice
347 982 489 1062 iacuisti,
516 987 690 1067 postquam
719 981 803 1066 fugit
831 983 1034 1068 prosperitas
1063 989 1136 1056 tua,
1168 1002 1275 1045 seram
1305 981 1463 1047 meditata
1490 983 1723 1069 penitentiam,
1756 979 1843 1067 quod

184 1085 353 1162 valueras,
385 1085 439 1150 dei
469 1085 571 1150 nostri
594 1085 697 1150 fuisse
722 1105 936 1170 cognosceus.
982 1085 1104 1170 gratias
1128 1084 1201 1164 tibi,
1231 1085 1315 1150 caeli
1340 1084 1527 1151 moderator
1550 1093 1584 1151 et
1607 1084 1764 1166 conditor,
1788 1084 1843 1170 qui
1877 1087 1897 1146 4

184 1187 429 1275 dispensatione
460 1188 573 1253 subtili
607 1195 640 1253 et
675 1189 814 1254 occultis
851 1188 1027 1254 miserendi
1063 1187 1236 1252 itineribus
1265 1189 1334 1253 vias
1365 1195 1494 1254 nostras
1525 1197 1558 1254 et
1588 1188 1628 1255 de
1658 1187 1844 1253 adflictione

185 1293 340 1379 conponis
369 1301 403 1359 et
431 1293 472 1358 ad
496 1294 650 1358 virtutem
680 1293 859 1378 perfectam
889 1293 944 1379 pia
974 1293 1175 1357 laceratione
1199 1313 1258 1358 nos
1282 1313 1427 1378 reparas.
1473 1291 1513 1356 ad
1537 1291 1733 1359 medicinam
1757 1297 1846 1356 tuam

185 1398 299 1462 venire
329 1398 391 1462 nisi
421 1398 576 1482 suffragio
600 1396 745 1460 vulneris
772 1416 839 1460 non
861 1397 1024 1475 valemus,
1056 1417 1130 1460 curn
1160 1394 1312 1460 duritiam
1336 1395 1443 1460 cordis
1467 1395 1693 1462 adsuescimus
1714 1402 1748 1460 te
1770 1415 1847 1480 per-

187 1502 333 1567 cutiente
365 1502 493 1568 mollire
525 1509 559 1566 ct
586 1501 835 1585 suggestionem
867 1507 1019 1564 terrenae
1047 1500 1184 1565 vilitatis
1214 1500 1317 1565 nobili
1344 1506 1377 1565 et
1404 1499 1591 1564 dulcissima
1622 1499 1846 1564 molestiarum

186 1612 371 1670 nostrarum
394 1605 547 1691 passione
572 1605 788 1690 conprimere.

294 1708 382 1774 Ecce
407 1729 468 1794 ego
492 1709 559 1790 ille,
589 1708 701 1794 quiin
725 1708 859 1792 longum
882 1706 980 1771 ducta
1001 1706 1080 1771 mihi
1103 1706 1274 1772 alacritate
1298 1707 1506 1794 plaudebam,
1531 1728 1596 1792 qua
1618 1706 1694 1772 dum
1716 1705 1845 1794 perpeti
1879 1716 1899 1775 5

186 1811 322 1892 fruerer,
359 1813 453 1898 quasi
481 1812 571 1877 nulla
599 1811 840 1876 intermissione
874 1810 1064 1884 solveretur,
1099 1811 1298 1897 quaerebam
1327 1813 1468 1898 qualiter
1494 1813 1623 1898 peccati
1650 1810 1846 1899 stipendium

187 1937 275 1981 mors
291 1917 429 1983 veniret.
468 1938 543 1982 nam
568 1917 716 1982 elevatus
740 1916 863 1980 insanis
887 1916 1096 1981 successibus
1120 1922 1293 2002 poetarum
1308 1937 1361 1980 me
1378 1917 1471 2001 gregi
1486 1916 1620 2001 ignarus
1635 1913 1846 1981 venerandae

122 2065 126 2074 ·
187 2020 401 2105 professionis
429 2019 622 2085 indideram.
669 2019 877 2084 delectabant
905 2021 1051 2086 carmine
1074 2019 1243 2105 quadratis
1265 2020 1426 2086 fabricata
1448 2020 1618 2107 particulis
1643 2026 1676 2086 et
1699 2020 1848 2085 ordinata

185 2124 306 2210 pedum
329 2125 488 2190 varietate
514 2123 663 2190 solidata.
710 2124 903 2209 angelorum
927 2123 1034 2188 choris
1058 2145 1111 2189 me
1135 2124 1259 2187 fluxum
1281 2130 1339 2188 sut
1361 2131 1511 2190 tenerum
1534 2145 1653 2210 poema
1674 2122 1845 2204 miscebat,
1880 2131 1899 2192 6

186 2235 219 2294 et
243 2229 270 2294 si
294 2229 476 2310 evenisset,
504 2235 541 2292 ut
569 2249 675 2294 essem
705 2228 863 2293 clarorum
887 2248 1041 2293 versuum
1066 2235 1198 2292 servata
1220 2229 1294 2314 lege
1319 2229 1485 2308 formator,
1516 2228 1576 2293 sub
1599 2228 1740 2314 pedibus
1763 2227 1847 2292 meis
1918 2277 1923 2286 .

186 2331 369 2397 subiectum
401 2332 557 2417 quicquid
588 2333 671 2397 caeli
699 2332 823 2418 tegitur
851 2351 914 2396 axo
947 2329 1132 2395 cernebam.
1177 2331 1327 2417 ineptum
1350 2331 1405 2396 diu
1428 2332 1588 2397 volutavit
1611 2334 1679 2397 vita
1701 2331 1847 2397 mortalis

186 2441 220 2500 ct
253 2441 345 2500 certa
379 2434 582 2500 miseriarum
617 2436 759 2500 caecitas
795 2434 836 2500 de
871 2434 956 2499 falsa
990 2433 1121 2500 dicendi
1163 2433 1319 2501 felicitate
1361 2437 1549 2522 perextulit.
1601 2438 1752 2522 quotiens
1789 2435 1845 2500 ad-

188 2540 397 2604 clamantium
421 2539 553 2605 flatibus
570 2548 705 2628 propter
720 2540 913 2625 religionem
929 2546 1044 2604 vertex
1062 2538 1205 2602 nudatus
1221 2539 1383 2619 intumuit,
1407 2546 1441 2605 et
1455 2539 1670 2605 mendacibus
1686 2539 1848 2605 labiorum

187 2643 279 2708 lusus
302 2643 475 2709 inlecebris
500 2642 638 2708 credidit
661 2665 805 2709 amorem
831 2643 881 2706 sui
905 2642 1096 2707 habentium
1119 2640 1308 2727 pectoribus
1332 2642 1490 2728 inperari!
1528 2649 1565 2708 tu
1588 2649 1710 2725 autern,
1734 2642 1844 2728 quiin
1879 2647 1897 2708 'l

187 2748 288 2812 caelis
312 2747 452 2828 habitas,
476 2747 642 2813 inridebas
668 2769 734 2812 me:
759 2753 794 2811 tu
818 2767 914 2832 quem
939 2767 1004 2811 non
1027 2744 1197 2811 deleniunt
1212 2744 1314 2809 verba
1337 2744 1396 2810 sed
1420 2746 1563 2832 puritas:
1586 2753 1622 2810 tu
1645 2746 1732 2833 apud
1748 2766 1846 2832 quem
1855 2769 1935 2812 11111.
1944 2773 1992 2822 aa.

189 2871 290 2937 saepe
313 2852 394 2915 muti
423 2852 587 2938 loquimur
610 2858 644 2916 et
667 2852 848 2916 clamantes
870 2856 1029 2916 tacemus.
1076 2851 1122 2914 sic
1145 2849 1222 2913 dum
1245 2871 1297 2915 me
1323 2851 1582 2915 concinnationis
1605 2852 1790 2938 superfluae
1813 2850 1848 2916 in

186 2955 360 3021 rhetoricis
390 2963 423 3020 et
452 2956 590 3041 poeticis
622 2957 742 3041 campis
770 2957 863 3042 lepos
892 2955 1046 3040 agitaret,
1080 2975 1201 3019 avara
1231 2953 1393 3039 sapientia
1417 2955 1584 3019 mentitam
1609 2961 1742 3020 secutus
1766 2954 1843 3020 abs-

123 3081 133 3118 c
187 3080 362 3140 cesseram,
387 3060 467 3124 nihil
491 3059 579 3124 aliud
602 3059 736 3144 cupiens
760 3059 822 3123 nisi
839 3057 925 3123 auris
941 3079 1045 3124 vanae
1069 3057 1264 3122 laudationis
1287 3057 1466 3142 adsurgere
1490 3063 1523 3120 et
1539 3057 1653 3122 orandi
1670 3057 1848 3132 fastidium,

188 3163 264 3228 dum
287 3163 461 3251 perorandi
486 3163 623 3228 tenebar
646 3163 838 3248 cupiditate,
861 3162 1011 3228 mercari.
1056 3162 1173 3228 infelix
1197 3183 1259 3248 ego
1282 3161 1398 3226 homo!
1438 3161 1511 3246 quis
1533 3182 1586 3225 me
1610 3171 1781 3248 repararet
1804 3159 1845 3224 de
1855 3183 1918 3226 nom.
1929 3188 1949 3236 1,
1959 3186 1994 3228 aa.

188 3289 324 3355 corpore
347 3268 462 3333 mortis
486 3267 605 3332 huius?
650 3266 757 3352 gratia
780 3265 843 3348 dai,
867 3266 1070 3332 medicabilis
1093 3266 1198 3331 morbi
1221 3286 1379 3331 concessa
1400 3265 1591 3330 ministerio.
1703 3313 1706 3320 »

294 3371 380 3436 Nam
405 3392 484 3437 ecce
509 3377 645 3458 repente
669 3369 845 3435 adsedem
871 3371 999 3436 animae
1023 3369 1228 3435 formidantis
1251 3367 1345 3433 dolor
1360 3369 1528 3454 ingressus
1545 3375 1579 3435 et
1594 3374 1724 3436 secreta
1740 3368 1845 3433 cordis
1881 3375 1901 3437 8

189 3476 299 3539 hostili
322 3476 413 3563 pavit
436 3474 598 3539 incendio.
638 3480 715 3538 tunc
738 3473 891 3560 quioquid
915 3474 1011 3539 homo
1035 3480 1086 3538 est
1108 3475 1177 3559 iugi
1201 3472 1459 3538 consenescebat
1481 3473 1598 3540 ardore
1615 3481 1649 3540 et
1665 3495 1724 3561 per
1739 3473 1847 3538 aditus

190 3581 357 3645 naturales
382 3581 488 3644 coctio
512 3601 547 3644 sc
570 3579 700 3644 interne
722 3578 905 3645 reserabat.
949 3599 1024 3643 nam
1048 3577 1125 3641 dum
1149 3599 1167 3641 e
1191 3577 1327 3643 latebris
1351 3577 1418 3642 suis
1441 3577 1622 3663 pelleretur
1644 3577 1847 3663 adrogantia,

188 3684 336 3768 quamvis
367 3681 474 3747 adhuc
503 3683 614 3768 aliqua
635 3680 677 3745 de
706 3682 951 3768 superstitioso,
980 3688 1090 3745 tamen
1114 3681 1177 3745 iam
1201 3680 1241 3745 de
1265 3681 1443 3766 superstite
1466 3682 1545 3747 nihil
1568 3682 1742 3748 habebam.
1788 3682 1849 3746 hoc

106 3825 108 3828 -
189 3788 295 3851 solum
326 3795 529 3852 remanserat
555 3786 597 3852 de
623 3788 828 3852 'conscientia
856 3787 1009 3866 viventis,
1048 3785 1135 3871 quod
1159 3807 1178 3850 a
1200 3793 1248 3865 te,
1281 3783 1363 3849 deus
1392 3806 1500 3868 meus,
1531 3787 1638 3851 sanari
1665 3807 1717 3851 me
1749 3806 1848 3871 posse

188 3890 411 3972 confidebam,
444 3911 540 3976 quem
573 3889 615 3954 ad
645 3891 896 3955 commotionem
926 3912 1036 3956 errore
1060 3889 1290 3975 produxeram.
1335 3910 1396 3955 neo
1420 3895 1531 3954 tamen
1553 3890 1713 3954 vastatrix
1736 3890 1792 3953 illa
1815 3894 1850 3954 et
1883 3893 1903 3954 9

190 3996 348 4080 magistra
369 3996 471 4080 pestis
495 3992 619 4058 latebat
635 3995 797 4057 viscerum
820 3994 953 4058 inmissa
976 3992 1198 4073 conclavibus,
1223 4014 1281 4057 neo
1306 3999 1460 4057 contenta
1474 3994 1647 4075 velamine,
1671 4000 1777 4058 totum
1798 4013 1851 4057 me

191 4097 288 4163 luridi
317 4097 435 4162 coloris
463 4097 549 4162 nube
573 4098 745 4176 vestierat,
774 4104 810 4160 ut
839 4097 993 4183 quicquid
1016 4097 1049 4162 in
1073 4097 1191 4161 ceteris
1221 4096 1430 4182 passionibus
1459 4096 1659 4162 mediocrum
1683 4097 1851 4182 quaeritur

190 4200 313 4286 digitis,
337 4200 399 4265 hoc
423 4201 627 4287 propositum
651 4221 710 4286 pro
734 4201 940 4286 correptione
965 4200 1014 4265 sui
1039 4199 1157 4285 vulgus
1174 4199 1312 4265 videret.
1350 4199 1469 4264 urebat
1492 4207 1642 4266 amantes
1665 4202 1730 4266 mei
1753 4202 1852 4285 longa

189 4306 368 4384 calamitas,
391 4305 510 4370 urebat
533 4304 699 4368 inimicos:
724 4304 807 4368 alios
831 4303 1018 4391 desperatio
1036 4302 1145 4368 obitus
1161 4305 1237 4376 mei,
1261 4304 1341 4369 alios
1358 4304 1501 4388 angebat
1517 4305 1690 4381 instantia;
1715 4326 1850 4371 concors

190 4415 260 4472 erat
292 4408 435 4472 civitatis
465 4407 498 4471 in
529 4405 628 4472 studii
654 4405 815 4472 divisione
845 4407 1019 4472 sententia.
1065 4407 1193 4471 interea
1220 4429 1272 4471 me
1310 4406 1396 4472 edax
1425 4408 1510 4492 ignis
1542 4408 1671 4474 interno
1698 4408 1902 4474 vastabstltl

190 4512 300 4576 allicio
324 4518 358 4576 et
380 4511 543 4575 continuis
568 4511 750 4575 curantium
774 4511 961 4576 nutribatur
983 4509 1110 4575 studiis.
1146 4533 1221 4575 nam
1238 4511 1331 4596 quasi
1347 4511 1480 4576 morbos
1496 4513 1610 4594 aleret,
1633 4514 1680 4578 ita
1695 4511 1849 4598 quicquid

191 4623 304 4680 contra
326 4615 415 4702 ipsos
438 4614 674 4701 providebatur
696 4616 847 4681 accessit.
886 4622 963 4680 tunc
987 4615 1043 4680 illa
1059 4615 1237 4680 saecularis
1253 4635 1392 4702 pompae
1412 4615 1621 4704 philosophia
1636 4616 1848 4704 Hippocratis

296 4839 309 4891 1
328 4839 449 4906 abitione}
469 4841 626 4894 habitatione
639 4841 664 4891 Β
724 4842 855 4909 srrspitstis
868 4841 893 4892 Β
957 4839 1075 4907 laetatur]
1095 4841 1205 4908 legimur
1223 4839 1276 4908 (egi
1287 4840 1316 4891 ia
1328 4841 1363 4891 lit.
1376 4849 1399 4892 et
1411 4859 1423 4892 s
1435 4859 1490 4910 arcp.
1504 4839 1528 4908 r)
1541 4842 1567 4893 B
1666 4839 1684 4893 2
1701 4837 1849 4908 diutumaa]

191 4928 294 4979 diuinae
308 4928 387 4980 Sirra
477 4927 494 4980 3
512 4926 640 4995 divinum]
659 4929 773 4980 omnium
787 4929 866 4980 Sis-m.
952 4926 969 4980 4
987 4929 1089 4981 deserui
1101 4927 1127 4978 B
1214 4925 1231 4979 6
1243 4925 1370 4994 valueras]
1384 4930 1593 4995 praeualuerasb
1645 4945 1804 4996 cognoscens
1817 4927 1850 4992 B,

190 5016 325 5082 cognoscis
342 5016 418 5066 ceteri
551 5013 566 5066 7
585 5015 674 5082 suptili
686 5013 712 5065 Β
806 5015 947 5067 iteneribus
959 5013 985 5064 Β
1077 5014 1216 5066 afflictione
1232 5013 1257 5062 V
1382 5013 1399 5064 8
1417 5033 1464 5066 uos
1482 5013 1522 5082 (os
1539 5032 1595 5082 sap.
1613 5016 1658 5066 lia.
1677 5023 1701 5066 et
1717 5016 1745 5066 in
1763 5013 1811 5079 lit.)
1825 5015 1850 5065 Β

190 5099 207 5150 9
225 5102 335 5152 11111111
348 5101 373 5151 Β
443 5101 613 5154 adsciscimus
631 5117 722 5168 cepere
738 5099 742 5166 Ι
757 5103 870 5154 cutiente
883 5100 909 5151 B
1014 5098 1047 5150 10
1064 5101 1182 5152 uillitstis
1195 5099 1221 5150 Β
1327 5097 1359 5150 15
1376 5100 1552 5154 inaddidarsm
1565 5100 1591 5152 B
1659 5101 1791 5168 particulis
1808 5100 1850 5149 V⁰

191 5185 224 5236 16
242 5188 342 5239 caldata
356 5187 379 5237 B
478 5183 510 5237 17
528 5189 644 5240 eueniret
656 5188 681 5238 Β
740 5191 864 5240 formatur
875 5187 901 5238 B
997 5186 1030 5239 18
1047 5189 1169 5240 mortales
1181 5185 1207 5237 B
1305 5184 1336 5238 19
1353 5187 1550 5240 acclamantium
1567 5187 1592 5237 V
1683 5185 1719 5238 20
1736 5183 1850 5254 flatibus]

188 5275 320 5341 flagitibns
332 5273 358 5324 B
433 5275 518 5326 uertix
536 5273 562 5325 B
638 5276 802 5327 mendatibus
819 5272 845 5324 B
953 5271 986 5324 21
1005 5275 1085 5326 credit
1096 5273 1122 5325 Β
1226 5269 1260 5323 22
1277 5273 1399 5324 diliniuut
1412 5271 1523 5338 BVLT,
1546 5274 1673 5326 deliniunt
1687 5273 1733 5324 ΟΡ
1804 5281 1851 5324 tua

189 5361 259 5428 apud
270 5359 296 5411 Β
408 5359 443 5412 23
461 5362 595 5414 clamantia
608 5361 634 5412 Β
748 5359 782 5412 24
800 5361 895 5413 reteri·
905 5361 942 5412 cis
954 5359 980 5411 B
1057 5362 1131 5428 lepus
1144 5359 1169 5410 B
1283 5357 1318 5410 25
1335 5376 1418 5412 nanae
1435 5361 1594 5412 laudationes
1605 5359 1631 5411 Β
1712 5360 1851 5428 adsurgere

189 5447 326 5515 (adurgere
338 5447 393 5512 Ba)
408 5448 442 5514 B,
459 5450 580 5516 occupari
592 5450 675 5514 caari,
692 5449 817 5516 aucupari
832 5447 935 5500 [arcaea
952 5448 1022 5500 misc.
1036 5451 1130 5514 11140
1217 5454 1243 5498 et
1254 5444 1288 5510 Β,
1305 5453 1361 5499 arat
1377 5447 1453 5498 saei
1580 5444 1615 5498 26
1632 5447 1739 5498 tenebar
1750 5447 1762 5512 11
1772 5447 1850 5498 aeta

189 5536 328 5602 cupiditate
345 5553 424 5602 arque
446 5535 483 5587 od
499 5553 564 5603 paq.
576 5538 667 5600 302,8
684 5536 784 5587 reducit
805 5544 858 5588 tota
876 5535 979 5602 popina
996 5551 1147 5594 cocciacus.
1162 5531 1188 5583 Β
1312 5531 1349 5583 30
1366 5533 1491 5584 naturalis
1506 5533 1625 5585 VLTGP
1743 5531 1778 5585 33
1795 5550 1850 5601 per·

191 5623 313 5674 duxeram
328 5623 387 5673 a'Pa
491 5619 525 5674 311
544 5623 654 5674 amantis
673 5623 741 5684 libri,
758 5622 899 5674 1111111111.
1001 5619 1035 5672 31
1054 5623 1173 5672 inimicus
1190 5621 1257 5670 alius
1276 5619 1344 5682 libri,
1361 5637 1407 5668 esa.
1422 5619 1500 5670 Siras.
1569 5620 1640 5670 aliud
1656 5621 1769 5687 angebat
1782 5621 1849 5684 libri,

190 5726 236 5758 aar.
250 5709 329 5760 Sicci.
435 5707 469 5758 39
488 5710 648 5762 nutriebatur
662 5709 721 5758 01²0
824 5706 860 5758 40
877 5709 1023 5776 yppocratis
1040 5715 1067 5760 et
1083 5708 1178 5775 galieni
1194 5705 1315 5756 VLTOP
