<?xml version="1.0" encoding="UTF-8"?>
<!DOCTYPE html PUBLIC "-//W3C//DTD XHTML 1.0 Transitional//EN"
    "http://www.w3.org/TR/xhtml1/DTD/xhtml1-transitional.dtd">
<html xmlns="http://www.w3.org/1999/xhtml" xml:lang="en" lang="en">
 <head>
  <title>
</title>
<meta http-equiv="Content-Type" content="text/html;charset=utf-8" />
  <meta name='ocr-system' content='tesseract 3.04.00' />
  <meta name='ocr-capabilities' content='ocr_page ocr_carea ocr_par ocr_line ocrx_word'/>
</head>
<body>
  <div class='ocr_page' id='page_1' title='image "./monumentagerman06mittgoog_0085.png"; bbox 0 0 4612 6442; ppageno 0'>
   <div class='ocr_carea' id='block_1_1' title="bbox 1125 407 1398 478">
    <p class='ocr_par' dir='ltr' id='par_1_1' title="bbox 1125 407 1398 478">
     <span class='ocr_line' id='line_1_1' title="bbox 1125 407 1398 478; baseline 0.004 -14"><span class='ocrx_word' id='word_1_1' title='bbox 1125 407 1191 465; x_wconf 82' lang='lat' dir='ltr'>vni</span> <span class='ocrx_word' id='word_1_2' title='bbox 1211 407 1344 478; x_wconf 74' lang='lat' dir='ltr'>(opusc.</span> <span class='ocrx_word' id='word_1_3' title='bbox 1362 411 1398 478; x_wconf 81' lang='grc' dir='ltr'>ι).</span> 
     </span>
    </p>
   </div>
   <div class='ocr_carea' id='block_1_2' title="bbox 1114 701 1418 790">
    <p class='ocr_par' dir='ltr' id='par_1_2' title="bbox 1114 701 1418 790">
     <span class='ocr_line' id='line_1_2' title="bbox 1114 701 1418 790; baseline 0.003 -19"><span class='ocrx_word' id='word_1_4' title='bbox 1114 702 1207 771; x_wconf 83' lang='lat' dir='ltr'>vm</span> <span class='ocrx_word' id='word_1_5' title='bbox 1232 703 1348 790; x_wconf 72' lang='lat' dir='ltr'>(opusc.</span> <span class='ocrx_word' id='word_1_6' title='bbox 1373 701 1418 790; x_wconf 81' lang='lat'>7).</span> 
     </span>
    </p>
   </div>
   <div class='ocr_carea' id='block_1_3' title="bbox 629 898 1906 1114">
    <p class='ocr_par' dir='ltr' id='par_1_3' title="bbox 629 898 1906 1114">
     <span class='ocr_line' id='line_1_3' title="bbox 629 898 1906 990; baseline -0.002 -15"><span class='ocrx_word' id='word_1_7' title='bbox 629 900 951 975; x_wconf 81' lang='lat' dir='ltr'><strong>PRAECEPTVM</strong></span> <span class='ocrx_word' id='word_1_8' title='bbox 980 898 1177 990; x_wconf 84' lang='lat' dir='ltr'><strong>QVANDO</strong></span> <span class='ocrx_word' id='word_1_9' title='bbox 1205 900 1326 974; x_wconf 89' lang='lat' dir='ltr'>IVSSI</span> <span class='ocrx_word' id='word_1_10' title='bbox 1353 899 1477 974; x_wconf 90' lang='lat' dir='ltr'><strong>SVNT</strong></span> <span class='ocrx_word' id='word_1_11' title='bbox 1505 899 1663 974; x_wconf 84' lang='lat' dir='ltr'><strong>OMNES</strong></span> <span class='ocrx_word' id='word_1_12' title='bbox 1689 898 1906 974; x_wconf 88' lang='lat' dir='ltr'><strong>EPISCOPI</strong></span> 
     </span>
     <span class='ocr_line' id='line_1_4' title="bbox 989 1038 1539 1114; baseline 0.002 -2"><span class='ocrx_word' id='word_1_13' title='bbox 989 1039 1301 1114; x_wconf 89' lang='lat' dir='ltr'><strong>CELLVLANOS</strong></span> <span class='ocrx_word' id='word_1_14' title='bbox 1329 1038 1539 1113; x_wconf 83' lang='lat' dir='ltr'><strong>HABERE.</strong></span> 
     </span>
    </p>
   </div>
   <div class='ocr_carea' id='block_1_4' title="bbox 282 1183 2166 4928">
    <p class='ocr_par' dir='ltr' id='par_1_4' title="bbox 410 1183 2159 1614">
     <span class='ocr_line' id='line_1_5' title="bbox 410 1183 2094 1302; baseline 0 -24"><span class='ocrx_word' id='word_1_15' title='bbox 410 1205 424 1264; x_wconf 82' lang='lat' dir='ltr'>l</span> <span class='ocrx_word' id='word_1_16' title='bbox 550 1183 655 1280; x_wconf 81' lang='lat' dir='ltr'>Nulli</span> <span class='ocrx_word' id='word_1_17' title='bbox 679 1215 813 1280; x_wconf 91' lang='lat' dir='ltr'>dubium</span> <span class='ocrx_word' id='word_1_18' title='bbox 838 1220 899 1297; x_wconf 89' lang='lat' dir='ltr'>est,</span> <span class='ocrx_word' id='word_1_19' title='bbox 922 1215 1099 1296; x_wconf 90' lang='lat' dir='ltr'>hominem,</span> <span class='ocrx_word' id='word_1_20' title='bbox 1123 1215 1178 1301; x_wconf 95' lang='lat' dir='ltr'>qui</span> <span class='ocrx_word' id='word_1_21' title='bbox 1202 1215 1343 1281; x_wconf 87' lang='lat' dir='ltr'>carnalis</span> <span class='ocrx_word' id='word_1_22' title='bbox 1360 1214 1648 1302; x_wconf 79' lang='lat' dir='ltr'>concupiscentiae</span> <span class='ocrx_word' id='word_1_23' title='bbox 1664 1214 1849 1279; x_wconf 78' lang='lat' dir='ltr'>inlecebras</span> <span class='ocrx_word' id='word_1_24' title='bbox 1866 1214 1950 1279; x_wconf 88' lang='lat' dir='ltr'>sacri</span> <span class='ocrx_word' id='word_1_25' title='bbox 1966 1220 2094 1279; x_wconf 89' lang='lat' dir='ltr'>amator</span> 
     </span>
     <span class='ocr_line' id='line_1_6' title="bbox 440 1317 2093 1407; baseline -0.002 -24"><span class='ocrx_word' id='word_1_26' title='bbox 440 1319 581 1384; x_wconf 91' lang='lat' dir='ltr'>instituti</span> <span class='ocrx_word' id='word_1_27' title='bbox 613 1319 772 1403; x_wconf 87' lang='lat' dir='ltr'>magistra</span> <span class='ocrx_word' id='word_1_28' title='bbox 801 1317 932 1384; x_wconf 90' lang='lat' dir='ltr'>vivendi</span> <span class='ocrx_word' id='word_1_29' title='bbox 966 1326 1034 1384; x_wconf 88' lang='lat' dir='ltr'>arte</span> <span class='ocrx_word' id='word_1_30' title='bbox 1065 1319 1227 1385; x_wconf 83' lang='lat' dir='ltr'>domuerit</span> <span class='ocrx_word' id='word_1_31' title='bbox 1256 1326 1289 1385; x_wconf 91' lang='lat' dir='ltr'>et</span> <span class='ocrx_word' id='word_1_32' title='bbox 1317 1327 1567 1407; x_wconf 89' lang='lat' dir='ltr'>praeceptorum</span> <span class='ocrx_word' id='word_1_33' title='bbox 1598 1319 1684 1383; x_wconf 81' lang='lat' dir='ltr'>falce</span> <span class='ocrx_word' id='word_1_34' title='bbox 1714 1317 1904 1382; x_wconf 89' lang='lat' dir='ltr'>caelestium</span> <span class='ocrx_word' id='word_1_35' title='bbox 1933 1318 2093 1382; x_wconf 89' lang='lat' dir='ltr'>erraticos</span> 
     </span>
     <span class='ocr_line' id='line_1_7' title="bbox 440 1419 2159 1509; baseline -0.002 -22"><span class='ocrx_word' id='word_1_36' title='bbox 440 1423 593 1509; x_wconf 83' lang='lat' dir='ltr'>palmites</span> <span class='ocrx_word' id='word_1_37' title='bbox 617 1422 658 1488; x_wconf 89' lang='lat' dir='ltr'>de</span> <span class='ocrx_word' id='word_1_38' title='bbox 683 1422 943 1487; x_wconf 89' lang='lat' dir='ltr'>conversationis</span> <span class='ocrx_word' id='word_1_39' title='bbox 967 1443 1045 1488; x_wconf 90' lang='lat' dir='ltr'>suae</span> <span class='ocrx_word' id='word_1_40' title='bbox 1068 1421 1178 1488; x_wconf 88' lang='lat' dir='ltr'>radice</span> <span class='ocrx_word' id='word_1_41' title='bbox 1208 1423 1377 1488; x_wconf 88' lang='lat' dir='ltr'>sustulerit</span> <span class='ocrx_word' id='word_1_42' title='bbox 1399 1423 1492 1488; x_wconf 91' lang='lat' dir='ltr'>vitali</span> <span class='ocrx_word' id='word_1_43' title='bbox 1521 1421 1698 1487; x_wconf 88' lang='lat' dir='ltr'>traditurus</span> <span class='ocrx_word' id='word_1_44' title='bbox 1728 1419 1895 1500; x_wconf 89' lang='lat' dir='ltr'>incendio,</span> <span class='ocrx_word' id='word_1_45' title='bbox 1926 1420 2095 1485; x_wconf 86' lang='lat' dir='ltr'>fructuosa</span> <span class='ocrx_word' id='word_1_46' title='bbox 2147 1435 2159 1471; x_wconf 67' lang='grc' dir='ltr'>ι</span> 
     </span>
     <span class='ocr_line' id='line_1_8' title="bbox 440 1523 2097 1614; baseline -0.002 -23"><span class='ocrx_word' id='word_1_47' title='bbox 440 1527 605 1613; x_wconf 88' lang='lat' dir='ltr'>plantaria</span> <span class='ocrx_word' id='word_1_48' title='bbox 628 1525 669 1590; x_wconf 86' lang='lat' dir='ltr'>ad</span> <span class='ocrx_word' id='word_1_49' title='bbox 693 1547 870 1613; x_wconf 89' lang='lat' dir='ltr'>supernum</span> <span class='ocrx_word' id='word_1_50' title='bbox 893 1526 1005 1591; x_wconf 86' lang='lat' dir='ltr'>lovere</span> <span class='ocrx_word' id='word_1_51' title='bbox 1028 1527 1169 1591; x_wconf 84' lang='lat' dir='ltr'>valituro</span> <span class='ocrx_word' id='word_1_52' title='bbox 1195 1526 1429 1614; x_wconf 78' lang='lat' dir='ltr'>conpendium,</span> <span class='ocrx_word' id='word_1_53' title='bbox 1458 1525 1545 1591; x_wconf 92' lang='lat' dir='ltr'>unde</span> <span class='ocrx_word' id='word_1_54' title='bbox 1568 1547 1693 1590; x_wconf 85' lang='lat' dir='ltr'>annuas</span> <span class='ocrx_word' id='word_1_55' title='bbox 1716 1523 1826 1588; x_wconf 88' lang='lat' dir='ltr'>divina</span> <span class='ocrx_word' id='word_1_56' title='bbox 1849 1525 1940 1589; x_wconf 89' lang='lat' dir='ltr'>iussa</span> <span class='ocrx_word' id='word_1_57' title='bbox 1963 1523 2097 1610; x_wconf 86' lang='lat' dir='ltr'>capiant</span> 
     </span>
    </p>

    <p class='ocr_par' dir='ltr' id='par_1_5' title="bbox 408 1627 2096 2234">
     <span class='ocr_line' id='line_1_9' title="bbox 408 1627 2095 1717; baseline -0.002 -23"><span class='ocrx_word' id='word_1_58' title='bbox 408 1632 630 1716; x_wconf 82' lang='lat' dir='ltr'>2pensiones,</span> <span class='ocrx_word' id='word_1_59' title='bbox 654 1637 687 1696; x_wconf 90' lang='lat' dir='ltr'>et</span> <span class='ocrx_word' id='word_1_60' title='bbox 703 1651 779 1694; x_wconf 90' lang='lat' dir='ltr'>eum</span> <span class='ocrx_word' id='word_1_61' title='bbox 796 1629 880 1694; x_wconf 90' lang='lat' dir='ltr'>sicut</span> <span class='ocrx_word' id='word_1_62' title='bbox 897 1630 1085 1695; x_wconf 88' lang='lat' dir='ltr'>sinceritate</span> <span class='ocrx_word' id='word_1_63' title='bbox 1101 1631 1307 1696; x_wconf 90' lang='lat' dir='ltr'>innocentiae</span> <span class='ocrx_word' id='word_1_64' title='bbox 1323 1632 1369 1695; x_wconf 91' lang='lat' dir='ltr'>ita</span> <span class='ocrx_word' id='word_1_65' title='bbox 1385 1631 1546 1717; x_wconf 88' lang='lat' dir='ltr'>opinionis</span> <span class='ocrx_word' id='word_1_66' title='bbox 1561 1631 1635 1694; x_wconf 90' lang='lat' dir='ltr'>lucc</span> <span class='ocrx_word' id='word_1_67' title='bbox 1652 1629 1820 1714; x_wconf 90' lang='lat' dir='ltr'>gratulari.</span> <span class='ocrx_word' id='word_1_68' title='bbox 1859 1648 1920 1693; x_wconf 90' lang='lat' dir='ltr'>nec</span> <span class='ocrx_word' id='word_1_69' title='bbox 1934 1627 2095 1692; x_wconf 92' lang='lat' dir='ltr'>bonorum</span> 
     </span>
     <span class='ocr_line' id='line_1_10' title="bbox 438 1731 2095 1820; baseline -0.002 -24"><span class='ocrx_word' id='word_1_70' title='bbox 438 1733 545 1798; x_wconf 86' lang='lat' dir='ltr'>lacem</span> <span class='ocrx_word' id='word_1_71' title='bbox 574 1732 766 1798; x_wconf 88' lang='lat' dir='ltr'>meritorum</span> <span class='ocrx_word' id='word_1_72' title='bbox 793 1731 1023 1798; x_wconf 88' lang='lat' dir='ltr'>maledicentis</span> <span class='ocrx_word' id='word_1_73' title='bbox 1051 1732 1249 1797; x_wconf 91' lang='lat' dir='ltr'>credendum</span> <span class='ocrx_word' id='word_1_74' title='bbox 1277 1739 1328 1798; x_wconf 90' lang='lat' dir='ltr'>est</span> <span class='ocrx_word' id='word_1_75' title='bbox 1359 1734 1506 1819; x_wconf 85' lang='lat' dir='ltr'>extingui</span> <span class='ocrx_word' id='word_1_76' title='bbox 1532 1754 1630 1820; x_wconf 88' lang='lat' dir='ltr'>posse</span> <span class='ocrx_word' id='word_1_77' title='bbox 1662 1732 1820 1812; x_wconf 88' lang='lat' dir='ltr'>conflatu,</span> <span class='ocrx_word' id='word_1_78' title='bbox 1851 1731 2003 1816; x_wconf 86' lang='lat' dir='ltr'>quonism</span> <span class='ocrx_word' id='word_1_79' title='bbox 2032 1731 2095 1794; x_wconf 89' lang='lat' dir='ltr'>etsi</span> 
     </span>
     <span class='ocr_line' id='line_1_11' title="bbox 439 1832 2096 1921; baseline -0.002 -22"><span class='ocrx_word' id='word_1_80' title='bbox 439 1834 538 1901; x_wconf 88' lang='lat' dir='ltr'>dente</span> <span class='ocrx_word' id='word_1_81' title='bbox 559 1843 714 1921; x_wconf 85' lang='lat' dir='ltr'>tangatur</span> <span class='ocrx_word' id='word_1_82' title='bbox 729 1835 841 1918; x_wconf 92' lang='lat' dir='ltr'>invidi,</span> <span class='ocrx_word' id='word_1_83' title='bbox 865 1835 1020 1921; x_wconf 84' lang='lat' dir='ltr'>splendor</span> <span class='ocrx_word' id='word_1_84' title='bbox 1035 1837 1122 1901; x_wconf 90' lang='lat' dir='ltr'>vitae</span> <span class='ocrx_word' id='word_1_85' title='bbox 1137 1837 1287 1901; x_wconf 88' lang='lat' dir='ltr'>umbram</span> <span class='ocrx_word' id='word_1_86' title='bbox 1303 1843 1487 1902; x_wconf 88' lang='lat' dir='ltr'>venenatae</span> <span class='ocrx_word' id='word_1_87' title='bbox 1503 1835 1717 1901; x_wconf 88' lang='lat' dir='ltr'>oblocutionis</span> <span class='ocrx_word' id='word_1_88' title='bbox 1735 1832 1890 1899; x_wconf 90' lang='lat' dir='ltr'>excludit.</span> <span class='ocrx_word' id='word_1_89' title='bbox 1926 1839 2096 1897; x_wconf 89' lang='lat' dir='ltr'>auctorem</span> 
     </span>
     <span class='ocr_line' id='line_1_12' title="bbox 440 1935 2096 2026; baseline 0 -26"><span class='ocrx_word' id='word_1_90' title='bbox 440 1945 594 2025; x_wconf 89' lang='lat' dir='ltr'>repetunt</span> <span class='ocrx_word' id='word_1_91' title='bbox 615 1939 789 2019; x_wconf 88' lang='lat' dir='ltr'>tenebrae,</span> <span class='ocrx_word' id='word_1_92' title='bbox 819 1959 904 2023; x_wconf 92' lang='lat' dir='ltr'>quae</span> <span class='ocrx_word' id='word_1_93' title='bbox 927 1939 968 2003; x_wconf 91' lang='lat' dir='ltr'>ad</span> <span class='ocrx_word' id='word_1_94' title='bbox 991 1938 1223 2003; x_wconf 90' lang='lat' dir='ltr'>involvendum</span> <span class='ocrx_word' id='word_1_95' title='bbox 1244 1940 1339 2004; x_wconf 89' lang='lat' dir='ltr'>iubar</span> <span class='ocrx_word' id='word_1_96' title='bbox 1362 1946 1525 2026; x_wconf 86' lang='lat' dir='ltr'>aptantur.</span> <span class='ocrx_word' id='word_1_97' title='bbox 1571 1940 1709 2003; x_wconf 87' lang='lat' dir='ltr'>nitorem</span> <span class='ocrx_word' id='word_1_98' title='bbox 1732 1937 1874 2003; x_wconf 88' lang='lat' dir='ltr'>siderum</span> <span class='ocrx_word' id='word_1_99' title='bbox 1898 1957 1966 2001; x_wconf 86' lang='lat' dir='ltr'>nox</span> <span class='ocrx_word' id='word_1_100' title='bbox 1987 1935 2096 2000; x_wconf 83' lang='lat' dir='ltr'>intusa</span> 
     </span>
     <span class='ocr_line' id='line_1_13' title="bbox 439 2028 2095 2129; baseline 0 -25"><span class='ocrx_word' id='word_1_101' title='bbox 439 2028 505 2106; x_wconf 87' lang='lat' dir='ltr'>non</span> <span class='ocrx_word' id='word_1_102' title='bbox 539 2041 658 2109; x_wconf 92' lang='lat' dir='ltr'>obruit.</span> <span class='ocrx_word' id='word_1_103' title='bbox 704 2041 746 2106; x_wconf 90' lang='lat' dir='ltr'>ad</span> <span class='ocrx_word' id='word_1_104' title='bbox 775 2043 908 2128; x_wconf 91' lang='lat' dir='ltr'>genium</span> <span class='ocrx_word' id='word_1_105' title='bbox 940 2042 1100 2108; x_wconf 89' lang='lat' dir='ltr'>claritatis</span> <span class='ocrx_word' id='word_1_106' title='bbox 1131 2043 1258 2129; x_wconf 85' lang='lat' dir='ltr'>prolicit</span> <span class='ocrx_word' id='word_1_107' title='bbox 1288 2065 1361 2108; x_wconf 89' lang='lat' dir='ltr'>cum</span> <span class='ocrx_word' id='word_1_108' title='bbox 1393 2044 1595 2109; x_wconf 87' lang='lat' dir='ltr'>obscuritate</span> <span class='ocrx_word' id='word_1_109' title='bbox 1627 2044 1804 2108; x_wconf 88' lang='lat' dir='ltr'>conflictus.</span> <span class='ocrx_word' id='word_1_110' title='bbox 1851 2042 1975 2106; x_wconf 89' lang='lat' dir='ltr'>lunaris</span> <span class='ocrx_word' id='word_1_111' title='bbox 2004 2041 2095 2127; x_wconf 87' lang='lat' dir='ltr'>globi</span> 
     </span>
     <span class='ocr_line' id='line_1_14' title="bbox 439 2144 2095 2234; baseline 0 -25"><span class='ocrx_word' id='word_1_112' title='bbox 439 2144 657 2218; x_wconf 81' lang='lat' dir='ltr'>ministerium</span> <span class='ocrx_word' id='word_1_113' title='bbox 680 2147 733 2211; x_wconf 90' lang='lat' dir='ltr'>die</span> <span class='ocrx_word' id='word_1_114' title='bbox 756 2145 934 2213; x_wconf 89' lang='lat' dir='ltr'>recedente</span> <span class='ocrx_word' id='word_1_115' title='bbox 956 2148 1031 2233; x_wconf 89' lang='lat' dir='ltr'>plus</span> <span class='ocrx_word' id='word_1_116' title='bbox 1054 2148 1167 2212; x_wconf 90' lang='lat' dir='ltr'>rutilat</span> <span class='ocrx_word' id='word_1_117' title='bbox 1189 2154 1222 2212; x_wconf 91' lang='lat' dir='ltr'>et</span> <span class='ocrx_word' id='word_1_118' title='bbox 1244 2149 1355 2234; x_wconf 89' lang='lat' dir='ltr'>placet</span> <span class='ocrx_word' id='word_1_119' title='bbox 1378 2168 1437 2212; x_wconf 90' lang='lat' dir='ltr'>suo</span> <span class='ocrx_word' id='word_1_120' title='bbox 1460 2147 1593 2228; x_wconf 89' lang='lat' dir='ltr'>lumine,</span> <span class='ocrx_word' id='word_1_121' title='bbox 1619 2145 1695 2211; x_wconf 93' lang='lat' dir='ltr'>dum</span> <span class='ocrx_word' id='word_1_122' title='bbox 1718 2146 1812 2232; x_wconf 82' lang='lat' dir='ltr'>lugat</span> <span class='ocrx_word' id='word_1_123' title='bbox 1834 2145 1988 2211; x_wconf 91' lang='lat' dir='ltr'>alienum.</span> <span class='ocrx_word' id='word_1_124' title='bbox 2035 2144 2095 2209; x_wconf 89' lang='lat' dir='ltr'>sub</span> 
     </span>
    </p>

    <p class='ocr_par' dir='ltr' id='par_1_6' title="bbox 408 2249 2097 2441">
     <span class='ocr_line' id='line_1_15' title="bbox 408 2249 2096 2340; baseline -0.001 -25"><span class='ocrx_word' id='word_1_125' title='bbox 408 2251 614 2315; x_wconf 80' lang='lat' dir='ltr'>&#39;dexternum</span> <span class='ocrx_word' id='word_1_126' title='bbox 639 2251 691 2315; x_wconf 91' lang='lat' dir='ltr'>ius</span> <span class='ocrx_word' id='word_1_127' title='bbox 714 2271 780 2316; x_wconf 91' lang='lat' dir='ltr'>non</span> <span class='ocrx_word' id='word_1_128' title='bbox 802 2251 941 2314; x_wconf 91' lang='lat' dir='ltr'>mittitur</span> <span class='ocrx_word' id='word_1_129' title='bbox 964 2251 1019 2335; x_wconf 93' lang='lat' dir='ltr'>qui</span> <span class='ocrx_word' id='word_1_130' title='bbox 1041 2251 1148 2316; x_wconf 89' lang='lat' dir='ltr'>lucem</span> <span class='ocrx_word' id='word_1_131' title='bbox 1172 2251 1282 2317; x_wconf 86' lang='lat' dir='ltr'>facere</span> <span class='ocrx_word' id='word_1_132' title='bbox 1305 2257 1342 2315; x_wconf 90' lang='lat' dir='ltr'>ut</span> <span class='ocrx_word' id='word_1_133' title='bbox 1365 2258 1478 2316; x_wconf 89' lang='lat' dir='ltr'>auctor</span> <span class='ocrx_word' id='word_1_134' title='bbox 1506 2250 1656 2316; x_wconf 89' lang='lat' dir='ltr'>adsumit.</span> <span class='ocrx_word' id='word_1_135' title='bbox 1704 2250 1762 2315; x_wconf 91' lang='lat' dir='ltr'>sed</span> <span class='ocrx_word' id='word_1_136' title='bbox 1790 2250 1944 2335; x_wconf 92' lang='lat' dir='ltr'>quoniam</span> <span class='ocrx_word' id='word_1_137' title='bbox 1974 2249 2096 2340; x_wconf 85' lang='lat' dir='ltr'>noxiae</span> 
     </span>
     <span class='ocr_line' id='line_1_16' title="bbox 439 2353 2097 2441; baseline -0.001 -23"><span class='ocrx_word' id='word_1_138' title='bbox 439 2361 568 2420; x_wconf 89' lang='lat' dir='ltr'>mentes</span> <span class='ocrx_word' id='word_1_139' title='bbox 591 2354 732 2419; x_wconf 89' lang='lat' dir='ltr'>delinitis</span> <span class='ocrx_word' id='word_1_140' title='bbox 755 2375 791 2419; x_wconf 91' lang='lat' dir='ltr'>se</span> <span class='ocrx_word' id='word_1_141' title='bbox 815 2355 993 2420; x_wconf 85' lang='lat' dir='ltr'>aestimant</span> <span class='ocrx_word' id='word_1_142' title='bbox 1021 2355 1204 2420; x_wconf 88' lang='lat' dir='ltr'>senioribus</span> <span class='ocrx_word' id='word_1_143' title='bbox 1232 2377 1298 2420; x_wconf 91' lang='lat' dir='ltr'>non</span> <span class='ocrx_word' id='word_1_144' title='bbox 1326 2356 1445 2437; x_wconf 89' lang='lat' dir='ltr'>teneri,</span> <span class='ocrx_word' id='word_1_145' title='bbox 1472 2361 1627 2441; x_wconf 89' lang='lat' dir='ltr'>putantes</span> <span class='ocrx_word' id='word_1_146' title='bbox 1657 2353 1889 2440; x_wconf 84' lang='lat' dir='ltr'>prophetarum</span> <span class='ocrx_word' id='word_1_147' title='bbox 1916 2357 2097 2438; x_wconf 88' lang='lat' dir='ltr'>praecepta</span> 
     </span>
    </p>

    <p class='ocr_par' dir='ltr' id='par_1_7' title="bbox 308 2455 2096 2960">
     <span class='ocr_line' id='line_1_17' title="bbox 308 2455 2094 2561; baseline 0.001 -41"><span class='ocrx_word' id='word_1_148' title='bbox 308 2455 414 2561; x_wconf 48' lang='lat' dir='ltr'>ffli-</span> <span class='ocrx_word' id='word_1_149' title='bbox 440 2455 607 2522; x_wconf 89' lang='lat' dir='ltr'>dicentum</span> <span class='ocrx_word' id='word_1_150' title='bbox 630 2460 677 2522; x_wconf 92' lang='lat' dir='ltr'>‘os</span> <span class='ocrx_word' id='word_1_151' title='bbox 694 2457 900 2522; x_wconf 91' lang='lat' dir='ltr'>detrahentis</span> <span class='ocrx_word' id='word_1_152' title='bbox 917 2457 1146 2524; x_wconf 67' lang='lat' dir='ltr'>eradicabitur*</span> <span class='ocrx_word' id='word_1_153' title='bbox 1171 2480 1244 2523; x_wconf 94' lang='lat' dir='ltr'>cum</span> <span class='ocrx_word' id='word_1_154' title='bbox 1260 2466 1370 2524; x_wconf 91' lang='lat' dir='ltr'>aetate</span> <span class='ocrx_word' id='word_1_155' title='bbox 1387 2465 1594 2524; x_wconf 80' lang='lat' dir='ltr'>veterescere</span> <span class='ocrx_word' id='word_1_156' title='bbox 1612 2465 1645 2523; x_wconf 90' lang='lat' dir='ltr'>et</span> <span class='ocrx_word' id='word_1_157' title='bbox 1659 2457 1873 2522; x_wconf 89' lang='lat' dir='ltr'>valitudinem</span> <span class='ocrx_word' id='word_1_158' title='bbox 1888 2478 1953 2522; x_wconf 91' lang='lat' dir='ltr'>non</span> <span class='ocrx_word' id='word_1_159' title='bbox 1969 2456 2094 2521; x_wconf 89' lang='lat' dir='ltr'>babere</span> 
     </span>
     <span class='ocr_line' id='line_1_18' title="bbox 438 2560 2096 2648; baseline -0.002 -21"><span class='ocrx_word' id='word_1_160' title='bbox 438 2583 498 2648; x_wconf 88' lang='lat' dir='ltr'>per</span> <span class='ocrx_word' id='word_1_161' title='bbox 531 2569 695 2648; x_wconf 88' lang='lat' dir='ltr'>tempora,</span> <span class='ocrx_word' id='word_1_162' title='bbox 728 2562 823 2647; x_wconf 90' lang='lat' dir='ltr'>quasi</span> <span class='ocrx_word' id='word_1_163' title='bbox 851 2563 987 2628; x_wconf 79' lang='lat' dir='ltr'>novellis</span> <span class='ocrx_word' id='word_1_164' title='bbox 1016 2569 1143 2628; x_wconf 89' lang='lat' dir='ltr'>tantum</span> <span class='ocrx_word' id='word_1_165' title='bbox 1171 2564 1267 2628; x_wconf 88' lang='lat' dir='ltr'>timor</span> <span class='ocrx_word' id='word_1_166' title='bbox 1294 2563 1455 2629; x_wconf 92' lang='lat' dir='ltr'>debeatur</span> <span class='ocrx_word' id='word_1_167' title='bbox 1482 2563 1612 2627; x_wconf 88' lang='lat' dir='ltr'>statutis</span> <span class='ocrx_word' id='word_1_168' title='bbox 1642 2567 1674 2626; x_wconf 91' lang='lat' dir='ltr'>et</span> <span class='ocrx_word' id='word_1_169' title='bbox 1703 2560 1744 2624; x_wconf 91' lang='lat' dir='ltr'>ad</span> <span class='ocrx_word' id='word_1_170' title='bbox 1770 2582 1910 2646; x_wconf 90' lang='lat' dir='ltr'>poenam</span> <span class='ocrx_word' id='word_1_171' title='bbox 1939 2581 2012 2625; x_wconf 91' lang='lat' dir='ltr'>reos</span> <span class='ocrx_word' id='word_1_172' title='bbox 2040 2561 2096 2624; x_wconf 86' lang='lat' dir='ltr'>lex</span> 
     </span>
     <span class='ocr_line' id='line_1_19' title="bbox 440 2663 2096 2753; baseline -0.003 -23"><span class='ocrx_word' id='word_1_173' title='bbox 440 2686 564 2730; x_wconf 87' lang='lat' dir='ltr'>annosa</span> <span class='ocrx_word' id='word_1_174' title='bbox 592 2686 657 2730; x_wconf 91' lang='lat' dir='ltr'>non</span> <span class='ocrx_word' id='word_1_175' title='bbox 686 2671 813 2746; x_wconf 91' lang='lat' dir='ltr'>teneat,</span> <span class='ocrx_word' id='word_1_176' title='bbox 845 2687 918 2730; x_wconf 91' lang='lat' dir='ltr'>cum</span> <span class='ocrx_word' id='word_1_177' title='bbox 947 2672 1132 2753; x_wconf 90' lang='lat' dir='ltr'>temporum</span> <span class='ocrx_word' id='word_1_178' title='bbox 1161 2672 1314 2753; x_wconf 88' lang='lat' dir='ltr'>operator</span> <span class='ocrx_word' id='word_1_179' title='bbox 1341 2667 1424 2731; x_wconf 89' lang='lat' dir='ltr'>deus</span> <span class='ocrx_word' id='word_1_180' title='bbox 1456 2666 1635 2753; x_wconf 88' lang='lat' dir='ltr'>prophetae</span> <span class='ocrx_word' id='word_1_181' title='bbox 1666 2685 1744 2727; x_wconf 88' lang='lat' dir='ltr'>usus</span> <span class='ocrx_word' id='word_1_182' title='bbox 1775 2663 1882 2727; x_wconf 84' lang='lat' dir='ltr'>cilicio</span> <span class='ocrx_word' id='word_1_183' title='bbox 1905 2670 1939 2726; x_wconf 91' lang='lat' dir='ltr'>et</span> <span class='ocrx_word' id='word_1_184' title='bbox 1962 2664 2096 2748; x_wconf 87' lang='lat' dir='ltr'>antiqua</span> 
     </span>
     <span class='ocr_line' id='line_1_20' title="bbox 439 2767 2096 2855; baseline -0.001 -23"><span class='ocrx_word' id='word_1_185' title='bbox 439 2769 571 2834; x_wconf 88' lang='lat' dir='ltr'>iusserit</span> <span class='ocrx_word' id='word_1_186' title='bbox 595 2775 629 2833; x_wconf 92' lang='lat' dir='ltr'>et</span> <span class='ocrx_word' id='word_1_187' title='bbox 650 2768 806 2834; x_wconf 88' lang='lat' dir='ltr'>moderna</span> <span class='ocrx_word' id='word_1_188' title='bbox 829 2767 982 2855; x_wconf 91' lang='lat' dir='ltr'>disponat</span> <span class='ocrx_word' id='word_1_189' title='bbox 1005 2776 1038 2835; x_wconf 89' lang='lat' dir='ltr'>et</span> <span class='ocrx_word' id='word_1_190' title='bbox 1059 2791 1144 2834; x_wconf 92' lang='lat' dir='ltr'>unus</span> <span class='ocrx_word' id='word_1_191' title='bbox 1167 2776 1265 2855; x_wconf 89' lang='lat' dir='ltr'>atque</span> <span class='ocrx_word' id='word_1_192' title='bbox 1288 2770 1375 2836; x_wconf 90' lang='lat' dir='ltr'>idem</span> <span class='ocrx_word' id='word_1_193' title='bbox 1397 2770 1474 2834; x_wconf 92' lang='lat' dir='ltr'>boui</span> <span class='ocrx_word' id='word_1_194' title='bbox 1493 2769 1672 2834; x_wconf 86' lang='lat' dir='ltr'>fabricator</span> <span class='ocrx_word' id='word_1_195' title='bbox 1687 2767 1826 2832; x_wconf 90' lang='lat' dir='ltr'>instituti</span> <span class='ocrx_word' id='word_1_196' title='bbox 1843 2767 1930 2832; x_wconf 92' lang='lat' dir='ltr'>circa</span> <span class='ocrx_word' id='word_1_197' title='bbox 1945 2767 2096 2831; x_wconf 92' lang='lat' dir='ltr'>homines</span> 
     </span>
     <span class='ocr_line' id='line_1_21' title="bbox 439 2870 1417 2960; baseline 0.007 -25"><span class='ocrx_word' id='word_1_198' title='bbox 439 2870 525 2956; x_wconf 92' lang='lat' dir='ltr'>quod</span> <span class='ocrx_word' id='word_1_199' title='bbox 547 2872 716 2958; x_wconf 87' lang='lat' dir='ltr'>praemisit</span> <span class='ocrx_word' id='word_1_200' title='bbox 738 2873 772 2936; x_wconf 94' lang='lat' dir='ltr'>in</span> <span class='ocrx_word' id='word_1_201' title='bbox 794 2872 985 2959; x_wconf 91' lang='lat' dir='ltr'>parentibus</span> <span class='ocrx_word' id='word_1_202' title='bbox 1010 2880 1121 2939; x_wconf 88' lang='lat' dir='ltr'>servet</span> <span class='ocrx_word' id='word_1_203' title='bbox 1143 2874 1176 2938; x_wconf 91' lang='lat' dir='ltr'>in</span> <span class='ocrx_word' id='word_1_204' title='bbox 1198 2875 1341 2960; x_wconf 91' lang='lat' dir='ltr'>posteris</span> <span class='ocrx_word' id='word_1_205' title='bbox 1365 2913 1417 2942; x_wconf 90' lang='lat'>—.</span> 
     </span>
    </p>

    <p class='ocr_par' dir='ltr' id='par_1_8' title="bbox 406 2972 2094 3168">
     <span class='ocr_line' id='line_1_22' title="bbox 406 2972 2094 3064; baseline -0.001 -26"><span class='ocrx_word' id='word_1_206' title='bbox 406 2978 425 3038; x_wconf 80' lang='grc'>4</span> <span class='ocrx_word' id='word_1_207' title='bbox 548 2974 615 3041; x_wconf 85' lang='lat' dir='ltr'>Sed</span> <span class='ocrx_word' id='word_1_208' title='bbox 638 2975 679 3039; x_wconf 90' lang='lat' dir='ltr'>ad</span> <span class='ocrx_word' id='word_1_209' title='bbox 702 2977 902 3062; x_wconf 91' lang='lat' dir='ltr'>propositum</span> <span class='ocrx_word' id='word_1_210' title='bbox 926 2984 1137 3043; x_wconf 89' lang='lat' dir='ltr'>revertamur.</span> <span class='ocrx_word' id='word_1_211' title='bbox 1183 2984 1383 3044; x_wconf 86' lang='lat' dir='ltr'>exercentur</span> <span class='ocrx_word' id='word_1_212' title='bbox 1409 2976 1539 3064; x_wconf 92' lang='lat' dir='ltr'>quidem</span> <span class='ocrx_word' id='word_1_213' title='bbox 1568 2980 1703 3040; x_wconf 85' lang='lat' dir='ltr'>sanctae</span> <span class='ocrx_word' id='word_1_214' title='bbox 1735 2975 1863 3040; x_wconf 90' lang='lat' dir='ltr'>animae</span> <span class='ocrx_word' id='word_1_215' title='bbox 1887 2972 2094 3038; x_wconf 89' lang='lat' dir='ltr'>sermonibus</span> 
     </span>
     <span class='ocr_line' id='line_1_23' title="bbox 439 3076 2094 3168; baseline -0.001 -26"><span class='ocrx_word' id='word_1_216' title='bbox 439 3079 655 3161; x_wconf 90' lang='lat' dir='ltr'>aemulorum,</span> <span class='ocrx_word' id='word_1_217' title='bbox 688 3078 746 3144; x_wconf 90' lang='lat' dir='ltr'>sed</span> <span class='ocrx_word' id='word_1_218' title='bbox 774 3078 815 3143; x_wconf 91' lang='lat' dir='ltr'>ad</span> <span class='ocrx_word' id='word_1_219' title='bbox 838 3080 961 3164; x_wconf 87' lang='lat' dir='ltr'>gloriae</span> <span class='ocrx_word' id='word_1_220' title='bbox 991 3088 1167 3166; x_wconf 90' lang='lat' dir='ltr'>augmenta</span> <span class='ocrx_word' id='word_1_221' title='bbox 1196 3080 1370 3168; x_wconf 87' lang='lat' dir='ltr'>deputant,</span> <span class='ocrx_word' id='word_1_222' title='bbox 1401 3081 1555 3167; x_wconf 91' lang='lat' dir='ltr'>quicquid</span> <span class='ocrx_word' id='word_1_223' title='bbox 1586 3085 1699 3145; x_wconf 90' lang='lat' dir='ltr'>contra</span> <span class='ocrx_word' id='word_1_224' title='bbox 1723 3099 1837 3142; x_wconf 90' lang='lat' dir='ltr'>carum</span> <span class='ocrx_word' id='word_1_225' title='bbox 1858 3078 2011 3142; x_wconf 90' lang='lat' dir='ltr'>meritum</span> <span class='ocrx_word' id='word_1_226' title='bbox 2035 3076 2094 3141; x_wconf 91' lang='lat' dir='ltr'>ad-</span> 
     </span>
    </p>

    <p class='ocr_par' dir='ltr' id='par_1_9' title="bbox 407 3181 2166 3684">
     <span class='ocr_line' id='line_1_24' title="bbox 407 3181 2096 3271; baseline -0.001 -26"><span class='ocrx_word' id='word_1_227' title='bbox 407 3185 572 3246; x_wconf 81' lang='lat' dir='ltr'>beusator</span> <span class='ocrx_word' id='word_1_228' title='bbox 595 3183 787 3268; x_wconf 85' lang='lat' dir='ltr'>ingesserit,</span> <span class='ocrx_word' id='word_1_229' title='bbox 817 3185 900 3248; x_wconf 90' lang='lat' dir='ltr'>sicut</span> <span class='ocrx_word' id='word_1_230' title='bbox 923 3184 1037 3250; x_wconf 90' lang='lat' dir='ltr'>doctor</span> <span class='ocrx_word' id='word_1_231' title='bbox 1058 3185 1204 3271; x_wconf 90' lang='lat' dir='ltr'>gentium</span> <span class='ocrx_word' id='word_1_232' title='bbox 1229 3187 1364 3266; x_wconf 91' lang='lat' dir='ltr'>clamat,</span> <span class='ocrx_word' id='word_1_233' title='bbox 1395 3184 1543 3250; x_wconf 91' lang='lat' dir='ltr'>homiues</span> <span class='ocrx_word' id='word_1_234' title='bbox 1566 3182 1829 3247; x_wconf 88' lang='lat' dir='ltr'>oblocutionibus</span> <span class='ocrx_word' id='word_1_235' title='bbox 1853 3181 2013 3247; x_wconf 82' lang='lat' dir='ltr'>exerceri.</span> <span class='ocrx_word' id='word_1_236' title='bbox 2058 3187 2096 3245; x_wconf 90' lang='lat' dir='ltr'>ut</span> 
     </span>
     <span class='ocr_line' id='line_1_25' title="bbox 436 3286 2096 3376; baseline 0.002 -27"><span class='ocrx_word' id='word_1_237' title='bbox 436 3286 542 3350; x_wconf 92' lang='lat' dir='ltr'>solent</span> <span class='ocrx_word' id='word_1_238' title='bbox 565 3287 709 3369; x_wconf 90' lang='lat' dir='ltr'>arbores,</span> <span class='ocrx_word' id='word_1_239' title='bbox 733 3307 817 3372; x_wconf 90' lang='lat' dir='ltr'>quae</span> <span class='ocrx_word' id='word_1_240' title='bbox 840 3287 882 3352; x_wconf 89' lang='lat' dir='ltr'>ad</span> <span class='ocrx_word' id='word_1_241' title='bbox 904 3294 1012 3353; x_wconf 89' lang='lat' dir='ltr'>terrae</span> <span class='ocrx_word' id='word_1_242' title='bbox 1035 3287 1219 3374; x_wconf 88' lang='lat' dir='ltr'>penetralia</span> <span class='ocrx_word' id='word_1_243' title='bbox 1234 3288 1351 3353; x_wconf 88' lang='lat' dir='ltr'>validis</span> <span class='ocrx_word' id='word_1_244' title='bbox 1366 3288 1532 3353; x_wconf 91' lang='lat' dir='ltr'>radicibus</span> <span class='ocrx_word' id='word_1_245' title='bbox 1548 3294 1780 3375; x_wconf 91' lang='lat' dir='ltr'>pervenerunt,</span> <span class='ocrx_word' id='word_1_246' title='bbox 1804 3288 1974 3376; x_wconf 86' lang='lat' dir='ltr'>despicere</span> <span class='ocrx_word' id='word_1_247' title='bbox 1991 3287 2096 3353; x_wconf 87' lang='lat' dir='ltr'>flabra</span> 
     </span>
     <span class='ocr_line' id='line_1_26' title="bbox 436 3391 2095 3479; baseline 0.001 -25"><span class='ocrx_word' id='word_1_248' title='bbox 436 3397 608 3456; x_wconf 87' lang='lat' dir='ltr'>ventorum</span> <span class='ocrx_word' id='word_1_249' title='bbox 632 3397 666 3456; x_wconf 93' lang='lat' dir='ltr'>et</span> <span class='ocrx_word' id='word_1_250' title='bbox 688 3391 867 3456; x_wconf 85' lang='lat' dir='ltr'>certamina</span> <span class='ocrx_word' id='word_1_251' title='bbox 890 3392 1108 3478; x_wconf 90' lang='lat' dir='ltr'>procellarum</span> <span class='ocrx_word' id='word_1_252' title='bbox 1131 3391 1310 3458; x_wconf 87' lang='lat' dir='ltr'>stabilitate</span> <span class='ocrx_word' id='word_1_253' title='bbox 1334 3393 1465 3479; x_wconf 89' lang='lat' dir='ltr'>propria</span> <span class='ocrx_word' id='word_1_254' title='bbox 1496 3392 1661 3458; x_wconf 90' lang='lat' dir='ltr'>animante</span> <span class='ocrx_word' id='word_1_255' title='bbox 1690 3398 1935 3479; x_wconf 83' lang='lat' dir='ltr'>contempnere,</span> <span class='ocrx_word' id='word_1_256' title='bbox 1969 3392 2016 3456; x_wconf 89' lang='lat' dir='ltr'>sie</span> <span class='ocrx_word' id='word_1_257' title='bbox 2045 3391 2095 3455; x_wconf 94' lang='lat' dir='ltr'>illi</span> 
     </span>
     <span class='ocr_line' id='line_1_27' title="bbox 435 3492 2166 3583; baseline 0.002 -27"><span class='ocrx_word' id='word_1_258' title='bbox 435 3492 648 3580; x_wconf 89' lang='lat' dir='ltr'>repudiantes</span> <span class='ocrx_word' id='word_1_259' title='bbox 677 3495 895 3582; x_wconf 88' lang='lat' dir='ltr'>superstitiosi</span> <span class='ocrx_word' id='word_1_260' title='bbox 925 3515 1009 3580; x_wconf 89' lang='lat' dir='ltr'>quae</span> <span class='ocrx_word' id='word_1_261' title='bbox 1039 3496 1173 3581; x_wconf 86' lang='lat' dir='ltr'>inpacta</span> <span class='ocrx_word' id='word_1_262' title='bbox 1200 3495 1299 3560; x_wconf 87' lang='lat' dir='ltr'>fuerit</span> <span class='ocrx_word' id='word_1_263' title='bbox 1323 3496 1428 3581; x_wconf 85' lang='lat' dir='ltr'>caligo</span> <span class='ocrx_word' id='word_1_264' title='bbox 1451 3496 1599 3582; x_wconf 83' lang='lat' dir='ltr'>figmenti</span> <span class='ocrx_word' id='word_1_265' title='bbox 1628 3518 1687 3583; x_wconf 91' lang='lat' dir='ltr'>per</span> <span class='ocrx_word' id='word_1_266' title='bbox 1715 3495 1831 3560; x_wconf 92' lang='lat' dir='ltr'>sudum</span> <span class='ocrx_word' id='word_1_267' title='bbox 1854 3495 1963 3560; x_wconf 90' lang='lat' dir='ltr'>radios</span> <span class='ocrx_word' id='word_1_268' title='bbox 1985 3496 2093 3560; x_wconf 88' lang='lat' dir='ltr'>bonae</span> <span class='ocrx_word' id='word_1_269' title='bbox 2161 3525 2166 3536; x_wconf 91' lang='lat'><em>·</em></span> 
     </span>
     <span class='ocr_line' id='line_1_28' title="bbox 437 3597 2095 3684; baseline 0 -24"><span class='ocrx_word' id='word_1_270' title='bbox 437 3598 696 3663; x_wconf 89' lang='lat' dir='ltr'>conversationis</span> <span class='ocrx_word' id='word_1_271' title='bbox 718 3597 906 3664; x_wconf 89' lang='lat' dir='ltr'>ostendunt.</span> <span class='ocrx_word' id='word_1_272' title='bbox 944 3620 1020 3663; x_wconf 87' lang='lat' dir='ltr'>nam</span> <span class='ocrx_word' id='word_1_273' title='bbox 1044 3597 1120 3662; x_wconf 92' lang='lat' dir='ltr'>dum</span> <span class='ocrx_word' id='word_1_274' title='bbox 1144 3598 1217 3684; x_wconf 89' lang='lat' dir='ltr'>quis</span> <span class='ocrx_word' id='word_1_275' title='bbox 1240 3599 1370 3663; x_wconf 88' lang='lat' dir='ltr'>illorum</span> <span class='ocrx_word' id='word_1_276' title='bbox 1393 3599 1529 3664; x_wconf 91' lang='lat' dir='ltr'>obiectis</span> <span class='ocrx_word' id='word_1_277' title='bbox 1554 3600 1756 3664; x_wconf 88' lang='lat' dir='ltr'>conscientia</span> <span class='ocrx_word' id='word_1_278' title='bbox 1771 3605 1857 3665; x_wconf 90' lang='lat' dir='ltr'>teste</span> <span class='ocrx_word' id='word_1_279' title='bbox 1875 3597 2095 3683; x_wconf 89' lang='lat' dir='ltr'>congreditur,</span> 
     </span>
    </p>

    <p class='ocr_par' dir='ltr' id='par_1_10' title="bbox 282 3701 2096 4928">
     <span class='ocr_line' id='line_1_29' title="bbox 408 3701 2095 3790; baseline 0.001 -25"><span class='ocrx_word' id='word_1_280' title='bbox 408 3701 481 3765; x_wconf 81' lang='lat' dir='ltr'>bad</span> <span class='ocrx_word' id='word_1_281' title='bbox 498 3702 654 3789; x_wconf 89' lang='lat' dir='ltr'>triumphi</span> <span class='ocrx_word' id='word_1_282' title='bbox 670 3723 762 3789; x_wconf 88' lang='lat' dir='ltr'>spem</span> <span class='ocrx_word' id='word_1_283' title='bbox 777 3703 907 3767; x_wconf 90' lang='lat' dir='ltr'>interna</span> <span class='ocrx_word' id='word_1_284' title='bbox 930 3702 1160 3768; x_wconf 88' lang='lat' dir='ltr'>aestimatione</span> <span class='ocrx_word' id='word_1_285' title='bbox 1183 3703 1352 3788; x_wconf 86' lang='lat' dir='ltr'>percurrit.</span> <span class='ocrx_word' id='word_1_286' title='bbox 1390 3724 1449 3768; x_wconf 90' lang='lat' dir='ltr'>nos</span> <span class='ocrx_word' id='word_1_287' title='bbox 1470 3711 1591 3779; x_wconf 78' lang='lat' dir='ltr'>tamen,</span> <span class='ocrx_word' id='word_1_288' title='bbox 1615 3725 1695 3789; x_wconf 90' lang='lat' dir='ltr'>quos</span> <span class='ocrx_word' id='word_1_289' title='bbox 1717 3704 1892 3790; x_wconf 86' lang='lat' dir='ltr'>pastoralis</span> <span class='ocrx_word' id='word_1_290' title='bbox 1916 3724 1994 3768; x_wconf 88' lang='lat' dir='ltr'>eura</span> <span class='ocrx_word' id='word_1_291' title='bbox 2018 3723 2095 3766; x_wconf 93' lang='lat' dir='ltr'>con-</span> 
     </span>
     <span class='ocr_line' id='line_1_30' title="bbox 441 3805 2095 3893; baseline 0 -23"><span class='ocrx_word' id='word_1_292' title='bbox 441 3806 580 3891; x_wconf 90' lang='lat' dir='ltr'>stringit,</span> <span class='ocrx_word' id='word_1_293' title='bbox 605 3806 723 3891; x_wconf 93' lang='lat' dir='ltr'>quibus</span> <span class='ocrx_word' id='word_1_294' title='bbox 746 3805 942 3871; x_wconf 90' lang='lat' dir='ltr'>tuendarum</span> <span class='ocrx_word' id='word_1_295' title='bbox 965 3806 1139 3871; x_wconf 88' lang='lat' dir='ltr'>commissa</span> <span class='ocrx_word' id='word_1_296' title='bbox 1162 3812 1213 3870; x_wconf 89' lang='lat' dir='ltr'>est</span> <span class='ocrx_word' id='word_1_297' title='bbox 1235 3807 1417 3871; x_wconf 85' lang='lat' dir='ltr'>animarum</span> <span class='ocrx_word' id='word_1_298' title='bbox 1440 3806 1621 3892; x_wconf 88' lang='lat' dir='ltr'>diligentia,</span> <span class='ocrx_word' id='word_1_299' title='bbox 1644 3829 1685 3873; x_wconf 89' lang='lat' dir='ltr'>nc</span> <span class='ocrx_word' id='word_1_300' title='bbox 1710 3828 1909 3871; x_wconf 91' lang='lat' dir='ltr'>summorum</span> <span class='ocrx_word' id='word_1_301' title='bbox 1932 3806 2095 3893; x_wconf 89' lang='lat' dir='ltr'>quispiam</span> 
     </span>
     <span class='ocr_line' id='line_1_31' title="bbox 282 3907 2095 4016; baseline 0 -44"><span class='ocrx_word' id='word_1_302' title='bbox 282 3907 713 4016; x_wconf 48' lang='lat' dir='ltr'>siglffpgvminimorumque</span> <span class='ocrx_word' id='word_1_303' title='bbox 744 3908 925 3996; x_wconf 86' lang='lat' dir='ltr'>dispereat,</span> <span class='ocrx_word' id='word_1_304' title='bbox 956 3909 1098 3974; x_wconf 91' lang='lat' dir='ltr'>maxime</span> <span class='ocrx_word' id='word_1_305' title='bbox 1127 3930 1202 3973; x_wconf 91' lang='lat' dir='ltr'>cum</span> <span class='ocrx_word' id='word_1_306' title='bbox 1223 3910 1300 3974; x_wconf 90' lang='lat' dir='ltr'>mali</span> <span class='ocrx_word' id='word_1_307' title='bbox 1324 3911 1428 3994; x_wconf 92' lang='lat' dir='ltr'>ipsius</span> <span class='ocrx_word' id='word_1_308' title='bbox 1450 3931 1567 3976; x_wconf 89' lang='lat' dir='ltr'>recens</span> <span class='ocrx_word' id='word_1_309' title='bbox 1591 3911 1694 3976; x_wconf 91' lang='lat' dir='ltr'>oculis</span> <span class='ocrx_word' id='word_1_310' title='bbox 1718 3911 1873 3976; x_wconf 82' lang='lat' dir='ltr'>offeratur</span> <span class='ocrx_word' id='word_1_311' title='bbox 1896 3911 2095 3996; x_wconf 89' lang='lat' dir='ltr'>exemplum,</span> 
     </span>
     <span class='ocr_line' id='line_1_32' title="bbox 438 4014 2094 4101; baseline 0 -23"><span class='ocrx_word' id='word_1_312' title='bbox 438 4035 510 4079; x_wconf 91' lang='lat' dir='ltr'>cum</span> <span class='ocrx_word' id='word_1_313' title='bbox 534 4015 734 4101; x_wconf 87' lang='lat' dir='ltr'>apostolicae</span> <span class='ocrx_word' id='word_1_314' title='bbox 759 4014 846 4079; x_wconf 90' lang='lat' dir='ltr'>sedis</span> <span class='ocrx_word' id='word_1_315' title='bbox 869 4015 1056 4101; x_wconf 90' lang='lat' dir='ltr'>praesulem</span> <span class='ocrx_word' id='word_1_316' title='bbox 1079 4021 1113 4078; x_wconf 91' lang='lat' dir='ltr'>et</span> <span class='ocrx_word' id='word_1_317' title='bbox 1134 4014 1277 4078; x_wconf 89' lang='lat' dir='ltr'>omnium</span> <span class='ocrx_word' id='word_1_318' title='bbox 1301 4036 1407 4101; x_wconf 89' lang='lat' dir='ltr'>paene</span> <span class='ocrx_word' id='word_1_319' title='bbox 1427 4015 1641 4080; x_wconf 89' lang='lat' dir='ltr'>ecclesiarum</span> <span class='ocrx_word' id='word_1_320' title='bbox 1657 4015 1881 4100; x_wconf 88' lang='lat' dir='ltr'>gubernacula</span> <span class='ocrx_word' id='word_1_321' title='bbox 1896 4020 2094 4078; x_wconf 88' lang='lat' dir='ltr'>tractantem</span> 
     </span>
     <span class='ocr_line' id='line_1_33' title="bbox 437 4116 2095 4205; baseline -0.002 -22"><span class='ocrx_word' id='word_1_322' title='bbox 437 4139 497 4205; x_wconf 93' lang='lat' dir='ltr'>per</span> <span class='ocrx_word' id='word_1_323' title='bbox 519 4119 660 4205; x_wconf 89' lang='lat' dir='ltr'>proximi</span> <span class='ocrx_word' id='word_1_324' title='bbox 682 4118 841 4183; x_wconf 90' lang='lat' dir='ltr'>tumultus</span> <span class='ocrx_word' id='word_1_325' title='bbox 864 4116 1052 4183; x_wconf 88' lang='lat' dir='ltr'>incendium</span> <span class='ocrx_word' id='word_1_326' title='bbox 1075 4117 1278 4182; x_wconf 92' lang='lat' dir='ltr'>inimicorum</span> <span class='ocrx_word' id='word_1_327' title='bbox 1300 4117 1410 4184; x_wconf 93' lang='lat' dir='ltr'>rabies</span> <span class='ocrx_word' id='word_1_328' title='bbox 1434 4119 1492 4182; x_wconf 91' lang='lat' dir='ltr'>tali</span> <span class='ocrx_word' id='word_1_329' title='bbox 1519 4139 1574 4184; x_wconf 91' lang='lat' dir='ltr'>ore</span> <span class='ocrx_word' id='word_1_330' title='bbox 1601 4118 1831 4183; x_wconf 89' lang='lat' dir='ltr'>momordisset</span> <span class='ocrx_word' id='word_1_331' title='bbox 1854 4124 1887 4182; x_wconf 92' lang='lat' dir='ltr'>et</span> <span class='ocrx_word' id='word_1_332' title='bbox 1910 4118 1943 4181; x_wconf 90' lang='lat' dir='ltr'>in</span> <span class='ocrx_word' id='word_1_333' title='bbox 1965 4117 2095 4181; x_wconf 89' lang='lat' dir='ltr'>ruinam</span> 
     </span>
     <span class='ocr_line' id='line_1_34' title="bbox 406 4219 2094 4307; baseline -0.001 -22"><span class='ocrx_word' id='word_1_334' title='bbox 406 4224 532 4285; x_wconf 74' lang='lat' dir='ltr'>isuam</span> <span class='ocrx_word' id='word_1_335' title='bbox 555 4221 736 4307; x_wconf 92' lang='lat' dir='ltr'>aliquorum</span> <span class='ocrx_word' id='word_1_336' title='bbox 758 4220 848 4284; x_wconf 81' lang='lat' dir='ltr'>furor</span> <span class='ocrx_word' id='word_1_337' title='bbox 870 4221 940 4287; x_wconf 89' lang='lat' dir='ltr'>sine</span> <span class='ocrx_word' id='word_1_338' title='bbox 964 4221 1050 4285; x_wconf 91' lang='lat' dir='ltr'>iusta</span> <span class='ocrx_word' id='word_1_339' title='bbox 1072 4219 1296 4304; x_wconf 91' lang='lat' dir='ltr'>indignatione</span> <span class='ocrx_word' id='word_1_340' title='bbox 1325 4221 1507 4286; x_wconf 89' lang='lat' dir='ltr'>surrexerit</span> <span class='ocrx_word' id='word_1_341' title='bbox 1531 4257 1585 4302; x_wconf 87' lang='lat'>-,</span> <span class='ocrx_word' id='word_1_342' title='bbox 1616 4220 1701 4284; x_wconf 90' lang='lat' dir='ltr'>hanc</span> <span class='ocrx_word' id='word_1_343' title='bbox 1731 4241 1809 4306; x_wconf 91' lang='lat' dir='ltr'>ergo</span> <span class='ocrx_word' id='word_1_344' title='bbox 1831 4221 1979 4286; x_wconf 90' lang='lat' dir='ltr'>volentes</span> <span class='ocrx_word' id='word_1_345' title='bbox 2008 4241 2094 4284; x_wconf 91' lang='lat' dir='ltr'>mor-</span> 
     </span>
     <span class='ocr_line' id='line_1_35' title="bbox 436 4323 2094 4412; baseline 0.001 -25"><span class='ocrx_word' id='word_1_346' title='bbox 436 4324 551 4388; x_wconf 91' lang='lat' dir='ltr'>borum</span> <span class='ocrx_word' id='word_1_347' title='bbox 567 4323 724 4390; x_wconf 87' lang='lat' dir='ltr'>desecare</span> <span class='ocrx_word' id='word_1_348' title='bbox 740 4325 928 4411; x_wconf 89' lang='lat' dir='ltr'>perniciem,</span> <span class='ocrx_word' id='word_1_349' title='bbox 952 4345 993 4389; x_wconf 92' lang='lat' dir='ltr'>ue</span> <span class='ocrx_word' id='word_1_350' title='bbox 1006 4325 1039 4389; x_wconf 89' lang='lat' dir='ltr'>in</span> <span class='ocrx_word' id='word_1_351' title='bbox 1056 4326 1162 4390; x_wconf 92' lang='lat' dir='ltr'>locum</span> <span class='ocrx_word' id='word_1_352' title='bbox 1176 4326 1308 4411; x_wconf 88' lang='lat' dir='ltr'>iniquas</span> <span class='ocrx_word' id='word_1_353' title='bbox 1323 4325 1517 4392; x_wconf 92' lang='lat' dir='ltr'>adsertionis</span> <span class='ocrx_word' id='word_1_354' title='bbox 1533 4332 1714 4390; x_wconf 89' lang='lat' dir='ltr'>nostrorum</span> <span class='ocrx_word' id='word_1_355' title='bbox 1731 4327 1849 4412; x_wconf 88' lang='lat' dir='ltr'>aliquis</span> <span class='ocrx_word' id='word_1_356' title='bbox 1865 4324 2094 4410; x_wconf 90' lang='lat' dir='ltr'>neglegentias</span> 
     </span>
     <span class='ocr_line' id='line_1_36' title="bbox 436 4427 2096 4515; baseline 0 -23"><span class='ocrx_word' id='word_1_357' title='bbox 436 4434 618 4514; x_wconf 91' lang='lat' dir='ltr'>aucupetur</span> <span class='ocrx_word' id='word_1_358' title='bbox 642 4435 675 4493; x_wconf 90' lang='lat' dir='ltr'>et</span> <span class='ocrx_word' id='word_1_359' title='bbox 701 4427 910 4494; x_wconf 90' lang='lat' dir='ltr'>similitudine</span> <span class='ocrx_word' id='word_1_360' title='bbox 934 4429 1083 4494; x_wconf 88' lang='lat' dir='ltr'>veritatis</span> <span class='ocrx_word' id='word_1_361' title='bbox 1108 4429 1149 4494; x_wconf 90' lang='lat' dir='ltr'>ad</span> <span class='ocrx_word' id='word_1_362' title='bbox 1171 4429 1439 4515; x_wconf 88' lang='lat' dir='ltr'>inpugnationem</span> <span class='ocrx_word' id='word_1_363' title='bbox 1462 4428 1563 4492; x_wconf 88' lang='lat' dir='ltr'>fultus</span> <span class='ocrx_word' id='word_1_364' title='bbox 1586 4433 1749 4510; x_wconf 85' lang='lat' dir='ltr'>occurrat,</span> <span class='ocrx_word' id='word_1_365' title='bbox 1773 4429 1828 4513; x_wconf 92' lang='lat' dir='ltr'>qui</span> <span class='ocrx_word' id='word_1_366' title='bbox 1850 4433 1887 4491; x_wconf 94' lang='lat' dir='ltr'>ut</span> <span class='ocrx_word' id='word_1_367' title='bbox 1907 4429 1998 4492; x_wconf 84' lang='lat' dir='ltr'>siunt</span> <span class='ocrx_word' id='word_1_368' title='bbox 2019 4428 2096 4493; x_wconf 88' lang='lat' dir='ltr'>viva</span> 
     </span>
     <span class='ocr_line' id='line_1_37' title="bbox 436 4531 2095 4618; baseline 0 -22"><span class='ocrx_word' id='word_1_369' title='bbox 436 4531 603 4597; x_wconf 92' lang='lat' dir='ltr'>hominum</span> <span class='ocrx_word' id='word_1_370' title='bbox 624 4532 814 4598; x_wconf 88' lang='lat' dir='ltr'>testimonia</span> <span class='ocrx_word' id='word_1_371' title='bbox 836 4553 899 4596; x_wconf 92' lang='lat' dir='ltr'>non</span> <span class='ocrx_word' id='word_1_372' title='bbox 922 4531 1106 4615; x_wconf 83' lang='lat' dir='ltr'>formidant,</span> <span class='ocrx_word' id='word_1_373' title='bbox 1131 4533 1217 4615; x_wconf 92' lang='lat' dir='ltr'>dum,</span> <span class='ocrx_word' id='word_1_374' title='bbox 1241 4532 1326 4618; x_wconf 91' lang='lat' dir='ltr'>quod</span> <span class='ocrx_word' id='word_1_375' title='bbox 1348 4533 1442 4598; x_wconf 81' lang='lat' dir='ltr'>netas</span> <span class='ocrx_word' id='word_1_376' title='bbox 1465 4532 1554 4596; x_wconf 90' lang='lat' dir='ltr'>dictu</span> <span class='ocrx_word' id='word_1_377' title='bbox 1578 4538 1638 4614; x_wconf 89' lang='lat' dir='ltr'>est,</span> <span class='ocrx_word' id='word_1_378' title='bbox 1663 4532 1800 4597; x_wconf 89' lang='lat' dir='ltr'>convicti</span> <span class='ocrx_word' id='word_1_379' title='bbox 1823 4533 1894 4596; x_wconf 91' lang='lat' dir='ltr'>loco</span> <span class='ocrx_word' id='word_1_380' title='bbox 1917 4531 2095 4618; x_wconf 88' lang='lat' dir='ltr'>deputatur</span> 
     </span>
     <span class='ocr_line' id='line_1_38' title="bbox 436 4634 2095 4722; baseline 0 -23"><span class='ocrx_word' id='word_1_381' title='bbox 436 4635 587 4700; x_wconf 89' lang='lat' dir='ltr'>incautus</span> <span class='ocrx_word' id='word_1_382' title='bbox 605 4642 638 4701; x_wconf 89' lang='lat' dir='ltr'>et</span> <span class='ocrx_word' id='word_1_383' title='bbox 654 4636 774 4702; x_wconf 86' lang='lat' dir='ltr'>fecisse</span> <span class='ocrx_word' id='word_1_384' title='bbox 792 4637 899 4701; x_wconf 89' lang='lat' dir='ltr'>scelus</span> <span class='ocrx_word' id='word_1_385' title='bbox 917 4635 1060 4702; x_wconf 88' lang='lat' dir='ltr'>creditur</span> <span class='ocrx_word' id='word_1_386' title='bbox 1075 4636 1130 4722; x_wconf 94' lang='lat' dir='ltr'>qui</span> <span class='ocrx_word' id='word_1_387' title='bbox 1145 4636 1291 4722; x_wconf 90' lang='lat' dir='ltr'>potuisse</span> <span class='ocrx_word' id='word_1_388' title='bbox 1307 4635 1417 4701; x_wconf 87' lang='lat' dir='ltr'>iacere</span> <span class='ocrx_word' id='word_1_389' title='bbox 1439 4634 1643 4722; x_wconf 90' lang='lat' dir='ltr'>perhibetur,</span> <span class='ocrx_word' id='word_1_390' title='bbox 1667 4656 1762 4700; x_wconf 90' lang='lat' dir='ltr'>nemo</span> <span class='ocrx_word' id='word_1_391' title='bbox 1785 4635 1838 4699; x_wconf 89' lang='lat' dir='ltr'>dei</span> <span class='ocrx_word' id='word_1_392' title='bbox 1861 4635 1972 4699; x_wconf 90' lang='lat' dir='ltr'>oculos</span> <span class='ocrx_word' id='word_1_393' title='bbox 1996 4656 2095 4720; x_wconf 93' lang='lat' dir='ltr'>quam</span> 
     </span>
     <span class='ocr_line' id='line_1_39' title="bbox 435 4737 2095 4828; baseline 0 -26"><span class='ocrx_word' id='word_1_394' title='bbox 435 4738 574 4804; x_wconf 91' lang='lat' dir='ltr'>hominis</span> <span class='ocrx_word' id='word_1_395' title='bbox 596 4739 721 4805; x_wconf 91' lang='lat' dir='ltr'>iudicat</span> <span class='ocrx_word' id='word_1_396' title='bbox 748 4742 823 4828; x_wconf 90' lang='lat' dir='ltr'>plus</span> <span class='ocrx_word' id='word_1_397' title='bbox 851 4739 974 4818; x_wconf 84' lang='lat' dir='ltr'>timeri,</span> <span class='ocrx_word' id='word_1_398' title='bbox 1005 4759 1147 4804; x_wconf 90' lang='lat' dir='ltr'>errorem</span> <span class='ocrx_word' id='word_1_399' title='bbox 1171 4738 1316 4803; x_wconf 90' lang='lat' dir='ltr'>creditur</span> <span class='ocrx_word' id='word_1_400' title='bbox 1337 4738 1447 4804; x_wconf 87' lang='lat' dir='ltr'>fovere</span> <span class='ocrx_word' id='word_1_401' title='bbox 1476 4737 1616 4803; x_wconf 90' lang='lat' dir='ltr'>solitudo</span> <span class='ocrx_word' id='word_1_402' title='bbox 1642 4744 1675 4803; x_wconf 90' lang='lat' dir='ltr'>et</span> <span class='ocrx_word' id='word_1_403' title='bbox 1697 4737 1891 4824; x_wconf 87' lang='lat' dir='ltr'>profundam</span> <span class='ocrx_word' id='word_1_404' title='bbox 1913 4738 2095 4823; x_wconf 87' lang='lat' dir='ltr'>nequitiam</span> 
     </span>
     <span class='ocr_line' id='line_1_40' title="bbox 436 4840 2094 4928; baseline 0.001 -23"><span class='ocrx_word' id='word_1_405' title='bbox 436 4841 647 4907; x_wconf 89' lang='lat' dir='ltr'>incomitatus</span> <span class='ocrx_word' id='word_1_406' title='bbox 671 4841 860 4924; x_wconf 88' lang='lat' dir='ltr'>admittere,</span> <span class='ocrx_word' id='word_1_407' title='bbox 884 4842 978 4928; x_wconf 91' lang='lat' dir='ltr'>quasi</span> <span class='ocrx_word' id='word_1_408' title='bbox 1002 4843 1096 4908; x_wconf 88' lang='lat' dir='ltr'>caelo</span> <span class='ocrx_word' id='word_1_409' title='bbox 1120 4842 1266 4908; x_wconf 82' lang='lat' dir='ltr'>facinora</span> <span class='ocrx_word' id='word_1_410' title='bbox 1288 4840 1512 4928; x_wconf 89' lang='lat' dir='ltr'>penetralibus</span> <span class='ocrx_word' id='word_1_411' title='bbox 1535 4842 1663 4906; x_wconf 88' lang='lat' dir='ltr'>inclusa</span> <span class='ocrx_word' id='word_1_412' title='bbox 1684 4863 1749 4906; x_wconf 91' lang='lat' dir='ltr'>non</span> <span class='ocrx_word' id='word_1_413' title='bbox 1771 4845 1908 4927; x_wconf 89' lang='lat' dir='ltr'>pateant</span> <span class='ocrx_word' id='word_1_414' title='bbox 1932 4847 1966 4906; x_wconf 91' lang='lat' dir='ltr'>et</span> <span class='ocrx_word' id='word_1_415' title='bbox 1988 4841 2094 4906; x_wconf 93' lang='lat' dir='ltr'>vindi-</span> 
     </span>
    </p>
   </div>
   <div class='ocr_carea' id='block_1_5' title="bbox 406 4943 2095 5034">
    <p class='ocr_par' dir='ltr' id='par_1_11' title="bbox 406 4943 2095 5034">
     <span class='ocr_line' id='line_1_41' title="bbox 406 4943 2095 5034; baseline -0.002 -22"><span class='ocrx_word' id='word_1_416' title='bbox 406 4945 512 5012; x_wconf 78' lang='lat' dir='ltr'>Scari</span> <span class='ocrx_word' id='word_1_417' title='bbox 531 4947 654 5011; x_wconf 90' lang='lat' dir='ltr'>malum</span> <span class='ocrx_word' id='word_1_418' title='bbox 676 4952 835 5032; x_wconf 89' lang='lat' dir='ltr'>nequeat,</span> <span class='ocrx_word' id='word_1_419' title='bbox 863 4945 948 5032; x_wconf 93' lang='lat' dir='ltr'>quod</span> <span class='ocrx_word' id='word_1_420' title='bbox 975 4945 1070 5011; x_wconf 91' lang='lat' dir='ltr'>homo</span> <span class='ocrx_word' id='word_1_421' title='bbox 1092 4966 1157 5010; x_wconf 91' lang='lat' dir='ltr'>non</span> <span class='ocrx_word' id='word_1_422' title='bbox 1180 4946 1315 5034; x_wconf 86' lang='lat' dir='ltr'>respicit</span> <span class='ocrx_word' id='word_1_423' title='bbox 1337 4969 1394 5010; x_wconf 79' lang='grc' dir='ltr'>-ε</span> <span class='ocrx_word' id='word_1_424' title='bbox 1430 4944 1618 5027; x_wconf 89' lang='lat' dir='ltr'>credentes,</span> <span class='ocrx_word' id='word_1_425' title='bbox 1646 4943 1732 5031; x_wconf 92' lang='lat' dir='ltr'>quod</span> <span class='ocrx_word' id='word_1_426' title='bbox 1754 4963 1823 5007; x_wconf 91' lang='lat' dir='ltr'>rem</span> <span class='ocrx_word' id='word_1_427' title='bbox 1846 4943 1945 5008; x_wconf 90' lang='lat' dir='ltr'>studii</span> <span class='ocrx_word' id='word_1_428' title='bbox 1967 4945 2095 5031; x_wconf 89' lang='lat' dir='ltr'>possint</span> 
     </span>
    </p>
   </div>
   <div class='ocr_carea' id='block_1_6' title="bbox 431 5200 2097 5790">
    <p class='ocr_par' dir='ltr' id='par_1_12' title="bbox 431 5200 2097 5790">
     <span class='ocr_line' id='line_1_42' title="bbox 529 5200 2096 5275; baseline -0.001 -16"><span class='ocrx_word' id='word_1_429' title='bbox 529 5207 609 5275; x_wconf 89' lang='lat' dir='ltr'>[VIII]</span> <span class='ocrx_word' id='word_1_430' title='bbox 644 5206 818 5260; x_wconf 81' lang='lat' dir='ltr'>4caclestunr</span> <span class='ocrx_word' id='word_1_431' title='bbox 832 5207 911 5259; x_wconf 82' lang='lat' dir='ltr'>Sirra.</span> <span class='ocrx_word' id='word_1_432' title='bbox 1025 5203 1168 5272; x_wconf 76' lang='lat' dir='ltr'>bannum]</span> <span class='ocrx_word' id='word_1_433' title='bbox 1188 5205 1323 5257; x_wconf 87' lang='lat' dir='ltr'>adnuasB</span> <span class='ocrx_word' id='word_1_434' title='bbox 1401 5205 1551 5272; x_wconf 85' lang='lat' dir='ltr'>eapiantB,</span> <span class='ocrx_word' id='word_1_435' title='bbox 1573 5206 1677 5273; x_wconf 85' lang='lat' dir='ltr'>capiunt</span> <span class='ocrx_word' id='word_1_436' title='bbox 1694 5205 1769 5256; x_wconf 73' lang='lat' dir='ltr'>ceteri</span> <span class='ocrx_word' id='word_1_437' title='bbox 1881 5200 2052 5271; x_wconf 79' lang='lat' dir='ltr'>&#39;lpcusiones</span> <span class='ocrx_word' id='word_1_438' title='bbox 2070 5215 2096 5258; x_wconf 86' lang='lat' dir='ltr'>et</span> 
     </span>
     <span class='ocr_line' id='line_1_43' title="bbox 433 5288 2095 5360; baseline -0.003 -14"><span class='ocrx_word' id='word_1_439' title='bbox 433 5295 470 5357; x_wconf 86' lang='lat' dir='ltr'>(cs</span> <span class='ocrx_word' id='word_1_440' title='bbox 488 5303 514 5346; x_wconf 87' lang='lat' dir='ltr'>ct</span> <span class='ocrx_word' id='word_1_441' title='bbox 530 5296 559 5346; x_wconf 81' lang='lat' dir='ltr'>ia</span> <span class='ocrx_word' id='word_1_442' title='bbox 577 5295 624 5359; x_wconf 80' lang='lat' dir='ltr'>lit.)</span> <span class='ocrx_word' id='word_1_443' title='bbox 641 5295 667 5345; x_wconf 89' lang='lat' dir='ltr'><em>B</em></span> <span class='ocrx_word' id='word_1_444' title='bbox 791 5292 808 5344; x_wconf 86' lang='grc'>8</span> <span class='ocrx_word' id='word_1_445' title='bbox 826 5289 956 5360; x_wconf 83' lang='lat' dir='ltr'>quonism]</span> <span class='ocrx_word' id='word_1_446' title='bbox 975 5296 1027 5359; x_wconf 65' lang='lat' dir='ltr'>qu‘o</span> <span class='ocrx_word' id='word_1_447' title='bbox 1040 5288 1152 5356; x_wconf 79' lang='lat' dir='ltr'>BVLO,</span> <span class='ocrx_word' id='word_1_448' title='bbox 1177 5291 1254 5358; x_wconf 80' lang='lat' dir='ltr'>qr&#39;iT,</span> <span class='ocrx_word' id='word_1_449' title='bbox 1276 5292 1433 5358; x_wconf 83' lang='lat' dir='ltr'>quomodob</span> <span class='ocrx_word' id='word_1_450' title='bbox 1557 5290 1573 5342; x_wconf 87' lang='lat'>9</span> <span class='ocrx_word' id='word_1_451' title='bbox 1591 5292 1700 5358; x_wconf 87' lang='lat' dir='ltr'>spendor</span> <span class='ocrx_word' id='word_1_452' title='bbox 1717 5288 1762 5340; x_wconf 60' lang='grc' dir='ltr'>Β]</span> <span class='ocrx_word' id='word_1_453' title='bbox 1860 5290 2030 5342; x_wconf 76' lang='lat' dir='ltr'>oblecationis</span> <span class='ocrx_word' id='word_1_454' title='bbox 2050 5291 2095 5341; x_wconf 65' lang='grc' dir='ltr'>Β(ι</span> 
     </span>
     <span class='ocr_line' id='line_1_44' title="bbox 432 5374 2096 5445; baseline -0.004 -12"><span class='ocrx_word' id='word_1_455' title='bbox 432 5381 611 5433; x_wconf 82' lang='lat' dir='ltr'>actcrcanT</span> <span class='ocrx_word' id='word_1_456' title='bbox 702 5378 734 5430; x_wconf 78' lang='lat'>12</span> <span class='ocrx_word' id='word_1_457' title='bbox 752 5381 880 5431; x_wconf 87' lang='lat' dir='ltr'>recidente</span> <span class='ocrx_word' id='word_1_458' title='bbox 896 5379 971 5429; x_wconf 81' lang='lat' dir='ltr'>VLT</span> <span class='ocrx_word' id='word_1_459' title='bbox 1061 5377 1094 5431; x_wconf 88' lang='lat'>13</span> <span class='ocrx_word' id='word_1_460' title='bbox 1109 5380 1217 5431; x_wconf 84' lang='lat' dir='ltr'>assumit</span> <span class='ocrx_word' id='word_1_461' title='bbox 1232 5379 1256 5427; x_wconf 87' lang='lat' dir='ltr'><em>V</em></span> <span class='ocrx_word' id='word_1_462' title='bbox 1312 5375 1442 5444; x_wconf 79' lang='lat' dir='ltr'>quoniam]</span> <span class='ocrx_word' id='word_1_463' title='bbox 1461 5374 1633 5444; x_wconf 74' lang='lat' dir='ltr'>quv&#39;nC,</span> <span class='ocrx_word' id='word_1_464' title='bbox 1650 5375 1686 5442; x_wconf 82' lang='lat' dir='ltr'>qir</span> <span class='ocrx_word' id='word_1_465' title='bbox 1703 5375 1731 5440; x_wconf 83' lang='grc' dir='ltr'>Τ,</span> <span class='ocrx_word' id='word_1_466' title='bbox 1748 5377 1902 5442; x_wconf 89' lang='lat' dir='ltr'>quomodob</span> <span class='ocrx_word' id='word_1_467' title='bbox 2000 5376 2035 5428; x_wconf 89' lang='grc'>14</span> <span class='ocrx_word' id='word_1_468' title='bbox 2052 5396 2096 5445; x_wconf 90' lang='lat' dir='ltr'>po-</span> 
     </span>
     <span class='ocr_line' id='line_1_45' title="bbox 432 5461 2097 5530; baseline -0.003 -10"><span class='ocrx_word' id='word_1_469' title='bbox 432 5468 605 5520; x_wconf 84' lang='lat' dir='ltr'>tantesBVL</span> <span class='ocrx_word' id='word_1_470' title='bbox 717 5465 751 5518; x_wconf 83' lang='lat'>15</span> <span class='ocrx_word' id='word_1_471' title='bbox 768 5468 898 5518; x_wconf 84' lang='lat' dir='ltr'>dicentum</span> <span class='ocrx_word' id='word_1_472' title='bbox 910 5466 949 5530; x_wconf 91' lang='lat' dir='ltr'>B,</span> <span class='ocrx_word' id='word_1_473' title='bbox 967 5467 1105 5518; x_wconf 86' lang='lat' dir='ltr'>dicentium</span> <span class='ocrx_word' id='word_1_474' title='bbox 1124 5467 1199 5517; x_wconf 79' lang='lat' dir='ltr'>ceteri</span> <span class='ocrx_word' id='word_1_475' title='bbox 1277 5467 1428 5518; x_wconf 86' lang='lat' dir='ltr'>uetariscerc</span> <span class='ocrx_word' id='word_1_476' title='bbox 1441 5465 1486 5515; x_wconf 72' lang='lat' dir='ltr'>B‘·</span> <span class='ocrx_word' id='word_1_477' title='bbox 1595 5461 1627 5512; x_wconf 79' lang='lat' dir='ltr'>ll</span> <span class='ocrx_word' id='word_1_478' title='bbox 1645 5479 1742 5513; x_wconf 84' lang='lat' dir='ltr'>annosa</span> <span class='ocrx_word' id='word_1_479' title='bbox 1759 5463 1800 5512; x_wconf 90' lang='lat' dir='ltr'>lex</span> <span class='ocrx_word' id='word_1_480' title='bbox 1813 5461 1854 5511; x_wconf 73' lang='lat'>13¹</span> <span class='ocrx_word' id='word_1_481' title='bbox 1931 5480 1991 5515; x_wconf 90' lang='lat' dir='ltr'>cnm</span> <span class='ocrx_word' id='word_1_482' title='bbox 2010 5463 2048 5527; x_wconf 87' lang='lat' dir='ltr'>B,</span> <span class='ocrx_word' id='word_1_483' title='bbox 2070 5473 2097 5515; x_wconf 82' lang='lat' dir='ltr'>ct·</span> 
     </span>
     <span class='ocr_line' id='line_1_46' title="bbox 432 5548 2097 5618; baseline -0.002 -12"><span class='ocrx_word' id='word_1_484' title='bbox 432 5572 492 5606; x_wconf 91' lang='lat' dir='ltr'>cum</span> <span class='ocrx_word' id='word_1_485' title='bbox 509 5555 584 5606; x_wconf 73' lang='lat' dir='ltr'>ceteri</span> <span class='ocrx_word' id='word_1_486' title='bbox 704 5550 737 5602; x_wconf 77' lang='lat'>21</span> <span class='ocrx_word' id='word_1_487' title='bbox 757 5553 802 5604; x_wconf 87' lang='lat' dir='ltr'>sed</span> <span class='ocrx_word' id='word_1_488' title='bbox 818 5553 917 5618; x_wconf 77' lang='lat' dir='ltr'>scripsi,</span> <span class='ocrx_word' id='word_1_489' title='bbox 934 5561 960 5604; x_wconf 88' lang='lat' dir='ltr'>et</span> <span class='ocrx_word' id='word_1_490' title='bbox 972 5553 1032 5604; x_wconf 82' lang='lat' dir='ltr'>libri</span> <span class='ocrx_word' id='word_1_491' title='bbox 1108 5561 1240 5604; x_wconf 78' lang='lat' dir='ltr'>accusator</span> <span class='ocrx_word' id='word_1_492' title='bbox 1256 5551 1280 5600; x_wconf 93' lang='lat' dir='ltr'><em>V</em></span> <span class='ocrx_word' id='word_1_493' title='bbox 1396 5551 1431 5602; x_wconf 76' lang='lat'>23</span> <span class='ocrx_word' id='word_1_494' title='bbox 1448 5550 1553 5603; x_wconf 86' lang='lat' dir='ltr'>terraB</span> <span class='ocrx_word' id='word_1_495' title='bbox 1630 5550 1753 5615; x_wconf 74' lang='lat' dir='ltr'>dispicere</span> <span class='ocrx_word' id='word_1_496' title='bbox 1767 5548 1793 5598; x_wconf 88' lang='lat' dir='ltr'><em>B</em></span> <span class='ocrx_word' id='word_1_497' title='bbox 1914 5548 1949 5600; x_wconf 73' lang='lat'>25</span> <span class='ocrx_word' id='word_1_498' title='bbox 1967 5552 2055 5602; x_wconf 84' lang='lat' dir='ltr'>radius</span> <span class='ocrx_word' id='word_1_499' title='bbox 2071 5551 2097 5602; x_wconf 92' lang='lat' dir='ltr'><em>B</em></span> 
     </span>
     <span class='ocr_line' id='line_1_47' title="bbox 432 5633 2095 5708; baseline -0.001 -17"><span class='ocrx_word' id='word_1_500' title='bbox 432 5638 466 5692; x_wconf 70' lang='lat'>27</span> <span class='ocrx_word' id='word_1_501' title='bbox 485 5641 622 5708; x_wconf 86' lang='lat' dir='ltr'>triumphis</span> <span class='ocrx_word' id='word_1_502' title='bbox 636 5638 662 5689; x_wconf 88' lang='lat' dir='ltr'><em>B</em></span> <span class='ocrx_word' id='word_1_503' title='bbox 765 5637 800 5690; x_wconf 88' lang='grc'>33</span> <span class='ocrx_word' id='word_1_504' title='bbox 817 5640 905 5704; x_wconf 88' lang='lat' dir='ltr'>inique</span> <span class='ocrx_word' id='word_1_505' title='bbox 922 5638 990 5704; x_wconf 78' lang='lat' dir='ltr'>(oca</span> <span class='ocrx_word' id='word_1_506' title='bbox 1007 5640 1015 5690; x_wconf 92' lang='lat' dir='ltr'>i</span> <span class='ocrx_word' id='word_1_507' title='bbox 1034 5637 1113 5705; x_wconf 81' lang='lat' dir='ltr'>corr.)</span> <span class='ocrx_word' id='word_1_508' title='bbox 1126 5639 1152 5688; x_wconf 91' lang='lat' dir='ltr'><em>B</em></span> <span class='ocrx_word' id='word_1_509' title='bbox 1221 5638 1368 5690; x_wconf 86' lang='lat' dir='ltr'>assertionis</span> <span class='ocrx_word' id='word_1_510' title='bbox 1383 5637 1407 5686; x_wconf 86' lang='lat' dir='ltr'><em>V</em></span> <span class='ocrx_word' id='word_1_511' title='bbox 1507 5633 1542 5686; x_wconf 87' lang='grc'>33</span> <span class='ocrx_word' id='word_1_512' title='bbox 1560 5651 1623 5700; x_wconf 79' lang='lat' dir='ltr'>noq3</span> <span class='ocrx_word' id='word_1_513' title='bbox 1641 5634 1712 5697; x_wconf 87' lang='lat' dir='ltr'>atB,</span> <span class='ocrx_word' id='word_1_514' title='bbox 1730 5651 1781 5684; x_wconf 91' lang='lat' dir='ltr'>non</span> <span class='ocrx_word' id='word_1_515' title='bbox 1800 5643 1877 5700; x_wconf 87' lang='lat' dir='ltr'>quent</span> <span class='ocrx_word' id='word_1_516' title='bbox 1894 5636 1970 5687; x_wconf 80' lang='lat' dir='ltr'>ceteri</span> <span class='ocrx_word' id='word_1_517' title='bbox 2041 5655 2095 5694; x_wconf 87' lang='lat' dir='ltr'>erc·</span> 
     </span>
     <span class='ocr_line' id='line_1_48' title="bbox 431 5722 872 5790; baseline -0.014 -10"><span class='ocrx_word' id='word_1_518' title='bbox 431 5727 521 5780; x_wconf 85' lang='lat' dir='ltr'>dantes</span> <span class='ocrx_word' id='word_1_519' title='bbox 535 5722 604 5790; x_wconf 82' lang='lat' dir='ltr'>CPb,</span> <span class='ocrx_word' id='word_1_520' title='bbox 621 5725 748 5778; x_wconf 87' lang='lat' dir='ltr'>credentis</span> <span class='ocrx_word' id='word_1_521' title='bbox 764 5722 872 5775; x_wconf 60' lang='grc' dir='ltr'>ΒΗΤ</span> 
     </span>
    </p>
   </div>
   <div class='ocr_carea' id='block_1_7' title="bbox 0 0 2313 6436">
    <p class='ocr_par' dir='ltr' id='par_1_13' title="bbox 0 0 2313 6436">
     <span class='ocr_line' id='line_1_49' title="bbox 0 0 2313 6436; baseline 0 0"><span class='ocrx_word' id='word_1_522' title='bbox 0 0 2313 6436; x_wconf 95' lang='lat' dir='ltr'> </span> 
     </span>
    </p>
   </div>
  </div>
 </body>
</html>
