4612 6442
834 788 1086 870 FLORlANl
1109 789 1337 872 ABBATIS
1408 863 1420 868 -

710 928 938 1009 EPISTVLA
961 929 1022 1009 AD
1047 928 1275 1011 NICETIVM
1301 930 1458 1010 PAPAM

648 1073 771 1151 sumpta
793 1087 832 1129 ex
854 1063 961 1131 codice
984 1065 1143 1132 Vaticano
1165 1067 1245 1132 inter
1267 1066 1429 1132 Palatinos
1453 1069 1516 1134 869

832 1169 907 1234 clim
929 1170 1128 1237 Laurisseasi
1150 1194 1175 1236 s.
1195 1171 1332 1236 Nazarii.

916 1290 990 1360 [vide
1007 1311 1085 1362 supra
1103 1313 1126 1362 p.
1138 1292 1243 1360 XXVI.]

388 1442 578 1508 DOMINO
599 1443 689 1510 SUO
710 1445 901 1512 NICETIO
922 1446 1074 1511 PAPAE
1093 1444 1359 1511 FLORIANUS
1379 1445 1444 1509 EX
1464 1443 1767 1510 MONASTERIO

976 1551 1184 1616 ROMENO.

355 1645 583 1764 Benedicitur
612 1717 674 1759 una
713 1696 836 1761 trinitas
870 1695 947 1762 deus
981 1707 1100 1776 noster,
1135 1698 1189 1783 qui
1225 1721 1282 1763 vos
1315 1697 1546 1785 pontificalibus
1582 1695 1700 1758 meritis
1736 1696 1905 1782 pontificali
1931 1707 1946 1770 1

252 1799 370 1866 locavit
391 1801 423 1865 in
446 1800 576 1878 vertice,
605 1809 725 1864 utnon
748 1801 928 1866 beatitatem
957 1801 1093 1888 dignitas
1123 1801 1178 1866 sed
1206 1802 1368 1867 beatitudo
1397 1798 1593 1888 praecederet
1615 1797 1808 1884 dignitatem.
1852 1822 1908 1864 nec

214 1938 225 1974 a
252 1905 419 1969 immerito:
449 1927 520 1968 cum
552 1904 593 1969 ab
622 1904 748 1978 ineunte
780 1905 914 1991 pueritia
941 1904 1105 1970 dominicis
1134 1905 1340 1971 militaveritis
1367 1905 1400 1969 in
1429 1905 1555 1981 castris,
1584 1911 1619 1966 ut
1646 1902 1723 1966 illuc
1750 1903 1848 1968 tutius
1877 1912 1908 1967 et

251 2007 387 2074 validius
410 2007 580 2088 disceritis,
608 2009 722 2095 quibus
745 2008 854 2073 iaculis
877 2010 1087 2096 intellegibilis
1115 2010 1167 2075 ille
1193 2011 1400 2097 prosternitur
1422 2008 1587 2086 Amalehc,
1615 2008 1733 2072 scilicet
1760 2009 1907 2094 quoniam

251 2112 371 2199 etipse
393 2111 549 2176 victores
576 2112 708 2176 nomine.
752 2112 799 2176 sic
825 2113 907 2177 enim
935 2114 1010 2177 estis
1038 2113 1096 2178 deo
1119 2113 1261 2199 praesule
1283 2112 1434 2178 institutis
1462 2111 1694 2176 coenobialibus
1717 2110 1844 2192 eruditi,
1871 2120 1907 2187 ut
1929 2120 1948 2182 2

250 2239 306 2302 per
333 2238 416 2280 mare
442 2214 557 2279 saeculi
587 2214 654 2278 sine
681 2215 872 2280 secularibus
903 2215 1049 2281 fluctibus
1083 2215 1237 2282 inoffenso
1265 2216 1398 2301 vestigio
1430 2215 1600 2280 transiretis
1629 2223 1661 2278 et
1688 2215 1907 2300 triumphalem

250 2320 400 2406 hymnum
427 2340 497 2382 cum
528 2316 642 2402 Moyse
669 2319 780 2383 merito
808 2319 1005 2384 concinentes
1036 2329 1205 2400 ,cantemus
1234 2319 1375 2400 dominc,
1407 2319 1542 2405 gloriose
1574 2319 1657 2383 enim
1685 2318 1906 2384 honorificatus
1921 2341 1991 2385 ama
2007 2349 2059 2392 mr

200 2454 224 2491 ιο
250 2434 306 2504 est,
328 2445 442 2509 equum
463 2430 496 2486 et
517 2444 712 2486 ascensorem
734 2422 866 2508 proiecit
894 2423 925 2487 in
948 2431 1050 2489 mare‘.
1094 2425 1140 2489 sic
1167 2423 1349 2489 individuus
1378 2445 1481 2488 comes
1504 2423 1631 2503 Heliae,
1653 2431 1689 2486 ut
1710 2444 1904 2509 nequaqnam

249 2527 393 2591 deserens
418 2525 545 2604 altiora,
566 2547 629 2610 quo
651 2525 826 2590 humilitate
849 2527 1089 2607 conscenderas,
1112 2526 1194 2592 unde
1217 2550 1288 2592 cum
1311 2526 1461 2614 apostolis
1483 2526 1515 2590 in
1538 2535 1675 2591 montem
1697 2527 1904 2611 glorificatum

248 2630 402 2716 aspiceres
430 2627 591 2692 dominum
619 2628 817 2693 salvatorem.
867 2630 941 2714 quia
966 2630 1062 2714 igitar
1091 2639 1178 2695 tanta
1204 2631 1428 2695 sanctimoniae
1451 2639 1573 2695 vestrae
1601 2631 1819 2716 praerogativa
1840 2630 1905 2694 suf·
1928 2633 1948 2694 3

247 2732 355 2813 fultat,
382 2755 498 2820 quaeso
520 2740 557 2796 ut
578 2754 635 2818 pro
658 2755 707 2796 me
735 2733 788 2818 qui
816 2732 995 2818 inpetrastis
1025 2735 1136 2814 oretiS,
1164 2734 1312 2820 quoniam
1341 2733 1418 2798 deas
1445 2733 1604 2820 praescius
1632 2732 1807 2799 futurorum
1814 2782 1822 2814 ,
1850 2734 1904 2821 qui

247 2837 321 2902 fecit
342 2860 422 2923 quae
444 2845 576 2901 ventura
597 2845 679 2916 sunt,
701 2835 802 2900 sciens
824 2858 875 2900 me
897 2847 1075 2903 sanctirum
1097 2838 1215 2903 solacia
1242 2837 1380 2923 indigere
1403 2837 1555 2912 vivorum,
1578 2837 1737 2902 othonus
1759 2836 1904 2902 dominus

197 2973 220 3011 a
248 2941 446 3028 praeparavit
468 2941 593 3006 auxilia.

350 3044 438 3111 Vide
460 3068 534 3131 ergo
556 3045 681 3133 quantis
701 3043 899 3112 adiutoribus
923 3047 1034 3126 uteris,
1056 3070 1128 3111 cam
1150 3070 1199 3112 me
1221 3047 1359 3134 coeperis
1383 3047 1560 3111 obsecrare:
1591 3055 1717 3110 sanctae
1738 3046 1904 3110 memoriae
1926 3048 1946 3109 4

246 3148 396 3214 domnum
418 3149 676 3218 ENNODIVM
697 3151 874 3236 pontificem
897 3151 1072 3216 Ticinensis
1099 3152 1260 3232 ecclesiae,
1287 3151 1339 3238 qui
1363 3151 1503 3237 generosi
1527 3151 1688 3235 sanguinis
1710 3151 1904 3217 nobilitatem

245 3253 420 3318 humilitate
441 3253 603 3340 praevexit
625 3252 666 3317 ad
687 3253 834 3339 gloriam,
860 3264 897 3319 ut
925 3254 958 3318 in
985 3256 1126 3322 caelestis
1150 3256 1269 3342 patriae
1298 3265 1405 3320 senato
1427 3257 1513 3319 lieret
1534 3263 1565 3318 et
1586 3255 1631 3320 ibi
1653 3264 1792 3320 senator:
1815 3255 1903 3319 cuins

245 3357 509 3444 inconparabilem
537 3356 697 3422 doctrinae
725 3357 904 3424 facundiam
932 3382 994 3423 non
1026 3361 1128 3425 sclam
1158 3369 1291 3426 testam
1319 3359 1463 3425 occidens
1490 3359 1546 3424 sed
1575 3369 1606 3422 et
1628 3360 1729 3423 oriens
1753 3358 1903 3422 instmcta

192 3502 218 3540 20
244 3461 386 3526 miratur:
415 3461 555 3527 Nestorii
585 3460 717 3540 fulmen,
751 3461 873 3527 Euticis
901 3463 1066 3544 extinctor,
1101 3464 1270 3550 gloriosam
1303 3464 1462 3528 dominam
1497 3485 1596 3528 meam
1629 3463 1903 3548 inviolabilemque

244 3565 380 3632 Mariam
409 3565 629 3630 Christotocon
659 3575 691 3628 et
712 3565 894 3632 Theotocon
924 3569 1098 3655 apostolica
1123 3569 1306 3634 auctoritate
1334 3567 1505 3655 perdocuit
1550 3567 1618 3654 ipse
1646 3589 1719 3652 ergo
1745 3589 1832 3630 mens
1855 3577 1903 3630 est

243 3679 333 3755 pater
353 3693 392 3735 ex
414 3669 549 3750 lavacro,
572 3691 666 3755 quem
689 3669 782 3734 credo
805 3671 889 3758 apud
912 3682 1052 3736 eternum
1075 3682 1194 3758 patrem
1218 3697 1273 3760 per
1291 3673 1389 3737 filium
1412 3671 1598 3737 intervenire
1617 3694 1674 3758 pro
1696 3670 1770 3735 filio.
1801 3669 1856 3735 sed
1871 3679 1902 3735 et
1924 3678 1943 3738 5

243 3795 374 3852 coronae
396 3782 518 3839 vestrae
540 3775 660 3839 socium
683 3774 790 3840 beatae
812 3777 979 3840 memoriae
1001 3775 1150 3841 domnum
1174 3777 1356 3842 Caesarium
1379 3777 1594 3841 Arelatensem
1623 3775 1820 3862 episcopum,
1848 3774 1901 3860 qai

243 3878 324 3942 vixit
344 3879 425 3942 inter
445 3878 595 3943 barbaros
618 3879 705 3964 pius,
727 3879 808 3944 inter
829 3879 911 3944 bella
932 3889 1076 3967 pacatae,
1100 3889 1189 3967 pater
1209 3881 1403 3960 orfanorum,
1425 3889 1534 3967 pastor
1554 3879 1725 3964 egentium,
1747 3879 1800 3964 qui
1823 3878 1900 3943 tanti

191 4019 217 4057 25
243 4005 354 4048 census
381 3983 533 4048 effusione
561 3983 605 4047 nil
633 3982 786 4070 perdidit,
813 3984 983 4049 catholicae
1005 3986 1143 4070 regulam
1165 3984 1348 4072 disciplinae
1378 3984 1470 4049 dictis
1499 3985 1649 4070 factisque
1674 3982 1901 4048 demonstrans.

244 4086 310 4173 ipse
331 4088 428 4173 igitur
449 4087 526 4152 mihi
548 4086 655 4152 latinis
671 4087 830 4152 elementis
853 4089 994 4175 inposuit
1016 4089 1193 4154 alfabetum.
1230 4089 1285 4153 sed
1307 4099 1340 4153 et
1361 4089 1444 4152 hnrrc
1467 4087 1663 4174 profamulo
1685 4086 1900 4173 discipuloque

243 4215 300 4256 suo
323 4193 488 4280 impetrare
511 4195 643 4260 confido.
678 4195 762 4261 addo
784 4205 815 4260 et
830 4198 965 4277 tertium,
988 4196 1126 4284 inparem
1150 4196 1274 4282 quidem
1298 4196 1450 4281 dignitate
1473 4195 1528 4260 sed
1548 4196 1667 4261 meritis
1688 4194 1899 4280 coaequalem:
1923 4193 1943 4256 6

243 4307 368 4362 sanctae
395 4300 562 4364 memoriae
584 4299 782 4364 Tbeodatum
804 4300 950 4366 abbatem
972 4323 1075 4365 meum
1099 4311 1130 4365 et
1153 4300 1441 4382 archimandritam,
1472 4301 1588 4365 saeculi
1615 4300 1708 4364 huius
1731 4299 1901 4376 inimicum,

344 4523 491 4577 Florianus
520 4524 566 4578 hic
591 4524 753 4579 monasterii
781 4525 898 4580 Romani
928 4525 1014 4580 abbas
1039 4555 1071 4567 -
1096 4543 1162 4580 nam
1185 4526 1245 4596 ipse
1271 4543 1300 4579 se
1322 4525 1392 4579 dicit
1416 4540 1597 4578 successorem
1626 4521 1764 4576 'theodati
1787 4520 1899 4574 abbatis

243 4611 279 4673 (v.
298 4626 324 4678 p.
337 4609 418 4678 uxr)
442 4641 475 4650 -
500 4611 571 4665 mihi
593 4611 704 4666 videtur
726 4612 800 4667 idem
824 4630 882 4668 esse
905 4631 938 4668 ac
962 4613 1108 4668 Florianus
1137 4615 1187 4668 ille
1210 4614 1310 4679 abbas,
1335 4613 1378 4668 cui
1404 4615 1504 4666 Amtor
1528 4611 1613 4665 libros
1637 4627 1700 4662 suos
1727 4609 1761 4660 de
1790 4607 1899 4661 actibus

242 4695 430 4764 apostolorum
449 4714 523 4751 anno
544 4699 595 4753 544
619 4698 762 4753 dedicavit
779 4700 916 4766 (Aratoris
935 4717 1020 4770 opera
1039 4701 1080 4756 ed.
1099 4701 1266 4754 Arntzenius
1286 4701 1352 4755 1769
1371 4719 1398 4769 p.
1413 4700 1524 4764 1-14),
1547 4696 1679 4766 quoniam
1703 4699 1732 4748 et
1751 4697 1852 4748 Arator
1870 4697 1898 4747 et

242 4780 387 4836 Florianus
405 4783 450 4836 hic
468 4801 530 4837 cum
549 4784 676 4838 Ennodio
694 4785 888 4840 familiaritate
907 4787 1050 4841 coniuncti
1069 4791 1155 4855 atque
1173 4787 1325 4840 Mediolani
1345 4783 1455 4839 educati
1475 4787 1562 4837 catat.

345 4869 468 4924 Floriani
487 4871 637 4940 epistulam
656 4889 688 4924 ex
713 4872 807 4926 codice
827 4873 957 4928 Palatino
976 4877 1027 4928 869
1052 4893 1069 4928 a
1088 4875 1264 4928 Bethmanno
1287 4873 1456 4942 descriptam
1482 4871 1573 4924 denuo
1599 4869 1721 4923 contulit
1739 4867 1842 4922 Ewald.
1861 4868 1895 4920 ad

241 4956 358 5011 eundem
384 4957 508 5012 codicem
531 4958 606 5011 redit
624 4959 736 5011 Freheri
761 4958 849 5012 editio
873 4961 1057 5030 epistularum
1078 4961 1245 5015 Francorum
1265 4962 1381 5030 (Corpus
1400 4959 1550 5014 Francieae
1574 4956 1717 5010 historiae.
1753 4955 1897 5008 Hanoviae

243 5045 308 5098 1613
326 5062 353 5114 p.
369 5047 416 5100 187
431 5069 462 5092 =
476 5044 572 5116 Migne
591 5047 692 5115 patrol.
713 5046 762 5100 lat.
781 5047 883 5101 LXXII
903 5050 973 5116 alt).

344 5236 492 5290 FRomano
511 5238 613 5290 Frater
717 5237 897 5306 3poutilicale
916 5239 971 5290 cod.
1076 5236 1184 5304 tillus]
1200 5257 1252 5305 pro
1271 5240 1324 5290 illic
1377 5239 1456 5289 totius
1473 5235 1529 5288 cod.
1635 5237 1771 5302 liquando
1796 5233 1896 5286 Frater

241 5324 305 5391 (qud
323 5323 390 5391 cod)
479 5323 539 5377 'lin
557 5327 661 5378 statutis
680 5325 781 5377 Frater
873 5325 978 5378 8mare
997 5325 1106 5390 Frater,
1123 5342 1225 5378 manere
1244 5327 1299 5377 cod
1392 5324 1609 5376 tlcorrcinncntes
1627 5323 1682 5374 cod.
1776 5319 1806 5372 11
1826 5323 1896 5372 dose-

240 5427 298 5462 rens
316 5451 321 5462 .
337 5451 344 5464 .
363 5451 369 5463 .
385 5449 392 5462 .
408 5408 489 5478 unde]
513 5420 558 5461 cut
585 5413 700 5478 intellepe
727 5413 800 5479 inde,
830 5421 875 5463 cat
906 5413 1004 5480 corripe
1027 5413 1156 5464 desereres
1216 5410 1341 5479 montem]
1356 5429 1408 5479 pro
1427 5417 1512 5461 monte
1625 5408 1658 5461 14
1681 5409 1772 5461 solatio
1797 5407 1897 5458 Frater

241 5496 349 5548 ilicum
368 5497 591 5566 promeFreter
696 5497 727 5551 l‘l
746 5500 905 5551 nobilitatem
924 5499 1033 5565 Freter,
1050 5499 1190 5551 nobilitatis
1209 5499 1264 5550 cod.
1371 5497 1404 5548 18
1422 5493 1521 5562 senato]
1538 5496 1553 5546 i.
1567 5513 1587 5547 e.
1600 5503 1704 5562 senatu,
1722 5503 1824 5547 senator
1841 5494 1895 5545 cod.

238 5581 516 5648 20NestoriiFreter,
534 5585 665 5638 Nesmriac
678 5585 733 5638 cod.
821 5583 1296 5638 21carisaeonarneosoeoncoa
1379 5588 1412 5635 25
1430 5584 1555 5634 effusione
1568 5581 1677 5644 Frater,
1695 5581 1894 5633 cffrrsioniscod.

240 5673 387 5740 disciplinae
407 5671 515 5736 Frater,
532 5674 673 5741 disciplinis
692 5675 747 5724 cod.

1695 5760 1734 5812 h*
