4576 6428
415 399 478 460 312
1088 396 1184 452 coen
1202 396 1336 466 (eroso.
1356 397 1392 464 c).

382 571 402 632 6
522 567 625 634 Nesos
648 575 699 632 est
722 568 798 633 huic
821 574 888 634 tam
912 590 1005 635 sacro
1027 590 1143 634 manus
1166 589 1288 656 negare
1313 567 1462 648 oonsilio,
1486 566 1615 655 quando
1639 573 1674 632 et
1696 567 1776 654 ipsa,
1808 587 1891 653 quae
1915 565 2078 652 loquitur,

414 667 603 758 quaestuosi
631 671 759 738 decoris
789 672 865 738 dote
895 673 1046 740 redimito
1072 673 1254 740 nobilitatis
1278 673 1331 738 vel
1361 672 1537 758 amplificet
1558 671 1646 736 bona
1669 672 1722 736 rel
1746 671 1903 756 suggerit.
1952 668 2076 756 pudori

415 795 493 860 ergo
517 781 689 860 cognatam
713 797 845 862 semper
867 777 991 842 sociate
1014 776 1215 863 pudicitiam,
1239 796 1322 862 quae
1347 776 1466 840 aetatis
1491 773 1725 861 praeiudicium
1742 794 1824 840 cana
1838 773 2073 838 moderatione

414 884 601 965 temperans
634 880 727 944 annis
761 879 890 945 fervore
925 880 1124 945 tumentibus
1164 880 1359 966 peregrinae
1394 878 1497 962 frigus
1531 877 1787 964 dispensationis
1821 875 2004 942 admisceat
2041 881 2077 940 et

416 979 560 1045 edomito
588 982 707 1047 erroris
736 982 927 1068 adpetentia
956 1004 1087 1049 earnem
1116 1004 1234 1069 sapore
1259 989 1392 1047 sanctae
1416 982 1673 1046 conversationis
1697 981 1861 1062 inliciens,
1889 980 1973 1046 recti
1996 978 2076 1044 dili·
2149 999 2162 1036 s

385 1084 561 1168 'lgentiam
585 1083 761 1150 studiosam
785 1087 817 1151 in
842 1088 934 1152 vobis
951 1087 1054 1152 videri
1075 1087 1177 1151 faeiat
1200 1107 1263 1150 non
1288 1092 1444 1150 coactam.
1481 1085 1563 1149 heeo
1587 1090 1697 1150 tamen
1712 1086 1837 1150 ventris
1854 1083 2078 1168 castigatione

416 1192 606 1270 procuretur
638 1209 699 1253 neo
730 1189 864 1254 inimica
897 1191 967 1255 eius
1000 1191 1198 1256 ferculorum
1232 1190 1401 1276 populosis
1435 1191 1597 1254 nutriatur
1625 1190 1802 1255 erroribus.
1851 1188 1957 1272 exigit
1984 1187 2078 1252 enim

416 1288 584 1352 comisatio
612 1312 729 1376 magno
761 1294 911 1377 quaesito
941 1293 1112 1380 dispendio
1142 1293 1241 1358 etiem
1269 1293 1429 1357 bonorum
1458 1292 1578 1358 damna
1603 1293 1809 1370 meritorum,
1839 1298 1872 1356 et
1895 1312 1960 1354 uno
1986 1290 2077 1354 calle

416 1413 542 1456 morum
566 1395 700 1459 veniunt
723 1395 918 1461 detrimenta
938 1398 990 1462 vel
1015 1418 1180 1464 censuum.
1217 1396 1301 1462 haec
1325 1397 1351 1461 si
1375 1397 1416 1461 ad
1431 1418 1489 1461 vos
1512 1419 1664 1482 gressum
1688 1395 1900 1482 protenderit,
1923 1395 1975 1458 his
2000 1415 2079 1459 eam

417 1499 532 1561 tonare
556 1504 687 1582 oportet
710 1500 866 1585 eloquiis:

1131 1621 1360 1687 cosumus

740 1732 795 1797 Nil
819 1755 926 1799 moror
949 1733 1097 1800 adflictos
1121 1741 1311 1800 constanter
1333 1733 1474 1820 prodere
1499 1735 1618 1810 vultus,

740 1836 827 1902 Dum
850 1838 930 1903 mibi
953 1839 1161 1924 praeniteant
1185 1840 1266 1902 casti
1289 1844 1499 1902 monumenta
1522 1837 1662 1902 decoris.

741 1941 882 2026 Pinguia
904 1963 980 2007 nam
1003 1950 1135 2008 tenuem
1161 1943 1323 2008 suffocant
1347 1962 1483 2027 corpora
1507 1960 1650 2020 sensum,
1729 1957 1730 1962 ’

742 2045 785 2109 Et
807 2047 893 2110 male
917 2045 1003 2110 ferta
1027 2066 1103 2112 sues
1128 2047 1322 2112 conculcant
1345 2047 1474 2111 viscera
1497 2051 1636 2110 mentes.

741 2149 787 2213 At
810 2149 887 2214 mihi
911 2171 992 2214 crux
1015 2151 1134 2237 cuspis,
1158 2171 1239 2216 crux
1263 2156 1392 2215 scutum
1417 2169 1562 2233 cruxque
1586 2147 1736 2212 thoraca:

742 2251 815 2318 Hac
838 2260 942 2338 tegar,
966 2253 1027 2319 hae
1050 2253 1176 2332 leriam,
1199 2253 1262 2318 hac
1284 2254 1375 2339 pacis
1399 2250 1534 2317 foedera
1555 2251 1691 2316 firmem.

741 2356 835 2422 Haec
857 2357 938 2421 mihi
960 2356 1029 2422 dux
1052 2358 1132 2424 belli
1155 2363 1217 2439 est,
1240 2379 1303 2443 quo
1327 2357 1446 2422 victrix
1469 2354 1595 2420 lubrica
1618 2357 1749 2420 calceus

742 2458 824 2524 Dira
846 2461 1011 2546 cupidinei
1033 2460 1179 2527 detester
1201 2461 1300 2526 mella
1323 2461 1452 2526 veneni.

742 2564 795 2630 Ad
818 2587 870 2631 me
895 2572 1076 2647 currentes,
1099 2587 1237 2653 puerum
1260 2565 1410 2651 seponite
1434 2562 1530 2626 fectis

743 2667 860 2754 Deque
884 2690 968 2751 meo,
992 2671 1136 2748 iuuenes,
1161 2689 1276 2734 canam
1298 2667 1500 2754 praesumite
1526 2666 1636 2730 vitam.

387 2805 407 2868 8
527 2805 624 2872 Hauc
647 2805 859 2871 admittentes
889 2805 965 2872 fidei
995 2814 1109 2872 ornate
1138 2807 1316 2886 consortio,
1347 2805 1424 2891 quia
1447 2805 1531 2870 sieut
1554 2805 1587 2868 in
1611 2804 1794 2869 emendatis
1817 2803 1962 2868 moribus
1988 2804 2085 2890 prin·

420 2909 526 2994 oipem
548 2908 656 2974 locum
679 2911 815 2996 optinet,
839 2911 884 2974 ite
908 2911 974 2974 suis
998 2911 1138 2997 spoliata
1161 2909 1293 2974 dotibus
1316 2930 1382 2974 non
1399 2914 1540 2989 tenetur,
1565 2927 1625 2972 neo
1649 2907 1697 2972 sas
1720 2913 1771 2972 ost
1792 2908 1885 2991 quasi
1909 2907 2085 2992 singulare

421 3012 574 3097 occupari
596 3012 682 3098 quod
707 3019 835 3077 constat
858 3034 901 3078 ex
923 3013 1084 3100 pluribus.
1122 3013 1245 3078 nobilia
1268 3019 1357 3078 serta
1379 3012 1444 3076 nisi
1467 3011 1703 3097 multiplicibus
1727 3018 1893 3096 pratorum
1917 3032 1984 3074 non
2001 3033 2085 3076 con-

420 3121 585 3201 ponuntur
613 3117 740 3202 spoliis;
772 3139 814 3182 ex
844 3119 939 3182 variis
968 3119 1106 3204 gemmis
1134 3139 1200 3182 uua
1230 3116 1425 3182 diadematis
1455 3116 1540 3180 solet
1569 3119 1721 3179 constare
1748 3113 1918 3190 formatio;
1948 3135 2089 3200 semper
2140 3128 2197 3190 ²³,

390 3218 620 3285 tledmirabilis
650 3220 765 3285 electri
797 3241 914 3308 eorpus
947 3243 1121 3286 numerosa
1151 3221 1355 3286 metallorum
1386 3217 1531 3284 membra
1561 3223 1770 3304 pepererunt.
1814 3216 1967 3304 proinde,
2007 3219 2090 3304 quie

423 3323 504 3388 nihil
527 3329 578 3387 est
602 3323 687 3408 quod
710 3323 809 3388 fidem
832 3327 935 3411 possit
957 3327 1099 3406 anteire,
1123 3325 1273 3389 foveatur
1296 3330 1329 3388 et
1352 3324 1399 3386 ita
1421 3323 1454 3386 in
1478 3321 1670 3406 diligentiae
1694 3341 1803 3385 messe
1827 3321 2010 3402 coalescat,
2043 3343 2089 3387 ne

423 3426 550 3490 lacteus
578 3425 726 3490 alimenti
754 3423 865 3492 divitis
894 3429 1019 3492 culmus
1048 3430 1223 3514 inportuna
1249 3427 1419 3492 demessus
1449 3426 1534 3490 falce
1565 3425 1731 3488 moriatur.
1777 3444 1856 3508 ergo
1880 3422 2019 3488 recedat
2043 3425 2089 3489 ab

422 3529 570 3592 instituto
585 3535 694 3593 vestro
718 3528 836 3594 clauda
859 3531 1049 3616 pollicitatio
1073 3537 1106 3596 et
1130 3552 1189 3616 per
1210 3551 1305 3593 usum
1329 3529 1362 3592 in
1380 3533 1530 3593 naturam
1548 3533 1695 3593 transeat
1710 3547 1762 3590 res
1779 3525 1957 3611 sequenda.
2000 3526 2090 3592 haec

424 3637 535 3697 tamen
558 3630 608 3696 his
631 3652 688 3696 vos
711 3633 885 3698 convenire
909 3641 1042 3720 putetur
1064 3634 1232 3699 affatibus:
2142 3646 2170 3686 ³⁰

1177 3806 1322 3872 ulnus

892 3919 958 3995 Qui
981 3921 1070 4007 cupit
1093 3921 1183 3985 caelo
1207 3919 1334 3985 sociare
1355 3923 1479 3984 terrem

890 4022 1056 4110 Linquere
1079 4029 1114 4088 et
1134 4024 1234 4088 luxae
1258 4023 1372 4088 vitium
1395 4021 1552 4108 parentis,

891 4127 946 4194 Me
969 4131 1071 4213 petet,
1095 4133 1222 4191 certum
1246 4125 1348 4191 decus
1374 4131 1408 4190 et
1431 4145 1584 4191 coronam

996 4231 1143 4297 Muneris
1167 4230 1235 4296 alti.

889 4340 951 4406 Ille
975 4361 1036 4405 neo
1059 4340 1165 4404 dirum
1187 4339 1305 4404 metuit
1327 4336 1479 4416 tribunal,

891 4445 962 4511 Nec
986 4466 1045 4531 per
1067 4444 1210 4510 urbanos
1233 4444 1352 4509 volitat
1373 4447 1536 4529 potentes,

893 4547 1051 4614 Conscius
1075 4549 1156 4613 recti
1179 4553 1272 4612 tenet
1293 4547 1379 4611 inter
1403 4544 1506 4611 undas

997 4651 1123 4737 Stagna
1146 4651 1269 4716 salutis.

889 4761 1072 4826 Barbarum
1096 4761 1243 4846 quamvis
1268 4765 1392 4824 tumeat
1416 4757 1575 4840 Gelonus,

891 4865 1046 4930 Parthica
1068 4872 1100 4928 et
1123 4866 1221 4930 latret
1244 4863 1391 4928 Morinos
1413 4863 1529 4948 figura,

893 4967 999 5034 Omne
1022 4969 1110 5056 quod
1132 4966 1244 5033 mundi
1268 4966 1377 5032 rabies
1401 4973 1557 5046 susurrat,

995 5073 1147 5160 Despicit
1169 5077 1271 5138 arcet.

617 5181 839 5190 ...—.———-—

529 5286 547 5339 3
564 5288 660 5340 sociate
671 5285 766 5351 Belo,
783 5286 903 5337 societate
916 5282 991 5334 VLT
1094 5280 1112 5333 4
1127 5284 1272 5350 perigriuae
1286 5281 1340 5345 Vn,
1357 5281 1498 5358 peregrinis
1507 5279 1533 5331 Β
1637 5279 1781 5332 bedumitn
1789 5279 1835 5331 Β(ι
1902 5283 2059 5349 appetentia
2073 5283 2099 5332 V

426 5377 536 5428 illiciens
559 5374 584 5424 V
718 5370 733 5422 ‘l
758 5373 830 5440 exgit
847 5371 961 5438 naplis.
979 5372 988 5422 i
1009 5369 1037 5433 V,
1060 5370 1147 5436 exiget
1161 5369 1187 5418 B
1324 5367 1341 5418 8
1364 5368 1502 5419 comssatio
1520 5365 1594 5430 Ver,
1618 5366 1769 5418 comessatio
1784 5365 1839 5417 ΒΤ
1938 5369 2057 5436 dampna
2073 5369 2100 5418 V

429 5459 461 5512 12
484 5461 603 5513 adflictus
620 5459 653 5523 Β,
677 5461 786 5512 afflictos
805 5457 830 5508 V
953 5455 986 5508 14
1007 5464 1114 5508 tenuem
1130 5452 1172 5506 131
1303 5453 1335 5504 16
1353 5452 1388 5521 nt]
1408 5456 1440 5506 nd
1452 5453 1477 5504 Β
1564 5461 1653 5506 tornea
1670 5453 1768 5506 codices
1895 5451 1928 5506 19
1946 5456 2095 5508 detestord

427 5545 462 5598 23
479 5548 596 5615 optinent
608 5547 641 5612 B,
658 5547 776 5599 obtinent
793 5545 876 5608 ceteri,
894 5560 939 5595 em.
953 5542 1032 5595 Sirm.
1094 5547 1214 5594 tenentur
1231 5540 1256 5590 T
1349 5537 1384 5592 24
1402 5557 1527 5608 occupare
1543 5540 1584 5590 V⁰
1682 5537 1716 5591 m
1735 5541 1855 5592 coaliscat
1866 5539 1891 5590 Β
1991 5538 2029 5592 28
2046 5543 2094 5593 nli-

428 5631 518 5700 menti]
543 5634 670 5685 elimentis
681 5633 708 5683 B
811 5632 908 5683 oriatur
925 5647 981 5696 sup.
995 5630 1040 5681 lin.
1057 5645 1082 5680 m
1099 5628 1125 5678 B
1266 5625 1298 5678 31
1317 5629 1382 5680 ledis
1395 5626 1421 5678 B
1558 5623 1593 5677 32
1610 5634 1688 5694 cupet
1700 5625 1725 5676 Β
1828 5627 1918 5678 caelo·
1935 5625 2017 5692 (eras.
2030 5629 2054 5692 s)
2067 5627 2096 5678 B

426 5717 461 5774 dl
478 5721 588 5774 orbanos
599 5721 625 5774 Β
712 5716 746 5770 39
763 5725 837 5771 stane
853 5734 909 5784 sup.
923 5717 968 5768 lin.
980 5734 998 5784 g
1010 5714 1036 5766 B
1127 5711 1162 5764 40
1179 5714 1285 5785 gelonos
1296 5714 1322 5765 B
1408 5712 1440 5765 41
1459 5713 1592 5786 purtieaB
1644 5729 1764 5770 morenos
1776 5713 1802 5766 Β
1887 5709 1922 5762 43
1941 5713 2056 5786 displost
2068 5714 2096 5768 Β
