4566 6532
850 392 992 452 CCCXXX
1010 393 1130 465 (clau.
1149 397 1174 462 2,
1193 395 1264 464 128).
1282 390 1438 451 cccxxx1
1456 390 1580 462 (EPIS'I'.
1598 393 1622 458 7,
1641 392 1694 458 19).

1037 740 1219 811 CCCXXX
1242 741 1349 830 (canu.
1365 744 1395 824 2,
1415 739 1502 826 128).

648 939 833 1014 VERSVS
859 941 921 1015 DE
947 938 1253 1014 VECTATIONE
1280 937 1373 1012 SVA
1400 936 1559 1011 NOCTE
1585 935 1635 1009 IN
1661 935 1891 1010 AESTATE.

809 1107 984 1174 Astrorum
1007 1105 1311 1195 populusnecdum
1335 1106 1376 1172 de
1399 1106 1522 1170 lumine
1546 1104 1623 1169 solis

808 1211 1001 1278 Perdiderat
1023 1213 1141 1292 lucem,
1165 1211 1290 1294 gremio
1315 1209 1374 1276 sed
1397 1210 1501 1274 noctis
1523 1206 1657 1272 adultae

808 1314 985 1382 Fundebat
1007 1315 1124 1380 rutilos
1147 1314 1332 1380 madefacto
1355 1314 1530 1401 aspargine
1554 1311 1679 1386 crines;

809 1418 951 1505 Oynthia
974 1440 1033 1506 per
1055 1440 1188 1484 croceas
1211 1419 1362 1505 fulgebat
1384 1420 1491 1483 lactea
1513 1416 1617 1502 bigas,

738 1538 749 1574 2'»
808 1521 1014 1588 Rescindens
1038 1521 1192 1609 quicquid
1215 1521 1436 1609 descripserat
1459 1520 1566 1585 orbita
1588 1518 1715 1592 fratris;

807 1626 979 1692 Vemabat
1002 1628 1120 1692 tacitus
1146 1625 1302 1714 splendor
1324 1624 1366 1691 de
1388 1645 1523 1690 munere
1546 1623 1660 1704 noctis,

808 1730 947 1797 'Persida
970 1730 1148 1817 frigoribus
1172 1730 1381 1816 confringens
1404 1735 1554 1816 tempora
1576 1727 1708 1792 Cancri:

809 1835 891 1902 Cum
915 1857 967 1901 me
992 1856 1141 1901 curarum
1167 1835 1355 1922 cupientem
1378 1853 1535 1921 spernere
1558 1831 1667 1897 fasces
1782 1887 1784 1890 .

806 1941 905 2006 Ruris
928 1942 1094 2008 amoenati
1117 1941 1219 2008 facies
1244 1941 1376 2029 depicta
1398 1941 1537 2008 vocavit.

809 2044 1030 2133 Cornipedem
1055 2045 1179 2127 scandi,
1206 2046 1337 2132 qualem
1359 2046 1416 2110 rix
1438 2045 1588 2131 Cyllarus
1613 2050 1743 2131 aequat,

807 2148 963 2215 Mollibus
987 2149 1154 2215 aetherias
1178 2149 1232 2233 qni
1255 2148 1356 2213 vincit
1379 2148 1529 2213 cursibus
1552 2169 1660 2229 auras,

808 2251 979 2318 Inmobilis
1004 2253 1105 2318 currit
1128 2251 1220 2317 cuius
1244 2273 1303 2339 per
1325 2250 1422 2316 devia
1445 2271 1565 2334 sessor,

727 2413 732 2420 .
806 2355 846 2420 In
869 2356 1013 2422 statione
1036 2357 1151 2422 volans
1173 2355 1314 2443 pedibus
1337 2361 1528 2422 constanter
1550 2354 1686 2420 adactis.

1031 2699 1235 2772 cccxxxl
1259 2703 1415 2790 (arisai,
1436 2706 1497 2786 19).

975 2898 1281 2974 SIMPLICIANO
1309 2897 1558 2973 ENNODIVS.

411 3074 425 3134 l
549 3044 677 3140 Divini
706 3075 827 3142 favoris
858 3077 1045 3144 adiumento
1083 3078 1329 3146 adulescentiae
1365 3085 1442 3144 tuae
1479 3077 1665 3143 rudimenta
1696 3075 1888 3164 solidentur.
1934 3077 2008 3164 ipse
2044 3075 2106 3142 det

437 3198 628 3242 successum
651 3179 800 3265 frugibus
823 3182 878 3268 qui
902 3184 1039 3249 contulit
1061 3190 1253 3250 ornamenta
1275 3183 1454 3271 principiis,
1476 3189 1512 3247 ut
1534 3180 1621 3267 quod
1637 3182 1669 3245 in
1692 3202 1774 3245 cano
1791 3181 1871 3246 flore
1887 3182 2103 3267 praemisisti,

437 3279 470 3343 in
494 3301 664 3367 pomorum
687 3286 876 3351 maturitate
899 3306 965 3351 non
989 3287 1173 3353 subtrahas.
1221 3294 1272 3352 est
1294 3285 1454 3373 propositi
1483 3286 1588 3350 nostri
1617 3286 1723 3372 prima
1750 3284 1890 3365 curatio,
1920 3291 1958 3348 ut
1981 3283 2024 3349 de
2047 3285 2102 3349 in-

437 3384 588 3471 cipientis
625 3385 722 3453 laude
759 3388 891 3453 solliciti
923 3387 965 3454 ad
997 3389 1095 3455 deum
1126 3396 1202 3454 vota
1234 3390 1418 3470 mittamus,
1457 3395 1617 3474 quatenus
1654 3386 1742 3474 quod
1773 3389 1806 3452 in
1835 3387 1942 3453 bonae
1975 3387 2102 3453 indolis
2168 3411 2181 3446 a

404 3489 620 3571 peruditione
643 3498 891 3579 praesumptum
915 3500 977 3574 est,
1001 3493 1042 3559 de
1067 3515 1210 3580 superna
1232 3516 1295 3580 ope
1311 3497 1523 3558 maturescat.
1560 3493 1616 3557 ille
1633 3491 1756 3577 ingenii
1774 3498 1921 3576 segetem
1937 3491 2103 3578 perducat

436 3590 477 3654 ad
506 3592 638 3676 horrea,
674 3595 729 3680 qui
759 3596 905 3661 altricem
936 3596 1105 3662 hominum
1139 3597 1276 3663 herbam
1306 3598 1419 3682 exegit
1449 3617 1467 3660 e
1496 3597 1636 3683 cespite;
1673 3598 1744 3683 ipse
1776 3595 1817 3661 de
1849 3603 1981 3662 terreno
2011 3597 2102 3664 lacte

438 3715 630 3781 expressam
661 3698 694 3762 in
723 3699 865 3763 triticum
898 3699 1017 3766 formet
1047 3699 1205 3786 effigiem,
1239 3700 1330 3765 ouius
1358 3698 1461 3764 imbre
1489 3700 1551 3763 soli
1580 3699 1682 3782 facies
1711 3699 1863 3765 maritata
1891 3700 2103 3768 fecundatur.

436 3797 494 3864 tibi
516 3807 641 3881 autem,
672 3801 799 3868 erudite
822 3823 913 3890 puer,
943 3803 1050 3870 habeo
1074 3805 1214 3889 gratias,
1242 3803 1329 3890 quod
1353 3804 1502 3889 quamvis
1525 3802 1657 3869 dicendi
1681 3803 1857 3890 splendore
1881 3805 2040 3871 nituisses
2066 3813 2102 3872 st

435 3903 469 3968 in
492 3905 549 3968 illa
572 3904 652 3969 urbe
676 3907 859 3972 litterarum
881 3907 1019 3973 scientia
1041 3906 1263 3993 adstipulante
1287 3905 1448 3982 lauderis,
1471 3907 1535 3972 mei
1559 3928 1688 3994 quoque
1711 3906 1881 3972 desideras
1904 3908 2099 3975 adiumenta

404 4009 613 4094 3praeconii.
652 4009 795 4075 adcessit
817 4011 878 4076 tibi
901 4011 1026 4076 fructus
1050 4010 1239 4096 diligentiae
1263 4031 1368 4091 meae,
1392 4011 1454 4076 etsi
1479 4011 1569 4075 nulla
1592 4011 1778 4076 tribuuntur
1794 4013 1983 4078 rusticantis
2001 4035 2101 4078 orna-

437 4118 548 4176 menta
563 4114 753 4180 testimonii.
790 4115 897 4180 libens
916 4115 1004 4180 dieta
1026 4121 1084 4179 tua
1107 4135 1180 4179 cum
1203 4112 1446 4178 facundissimis
1470 4113 1634 4200 praedico,
1658 4136 1732 4180 cum
1756 4116 1874 4202 quibus
1897 4118 2100 4182 sententiam

434 4237 555 4297 meam,
586 4222 622 4281 ut
649 4217 810 4282 bonorum
839 4217 997 4283 ditescam
1028 4217 1203 4300 societate,
1233 4218 1409 4303 coniunge.
1454 4219 1641 4305 proximum
1665 4226 1730 4301 est,
1761 4225 1884 4284 utnon
1907 4217 2101 4285 dividantur

436 4320 562 4384 meritis
590 4320 645 4406 qui
673 4321 706 4386 in
734 4320 882 4407 qualibet
908 4321 1105 4386 iudicatione
1135 4323 1354 4387 consentiunt.
1398 4343 1482 4386 unus
1506 4329 1572 4402 cst,
1604 4343 1665 4387 nec
1689 4323 1775 4388 enim
1799 4323 1911 4409 procul
1936 4331 2100 4408 evagatur

437 4422 478 4486 ab
503 4443 579 4488 aree
603 4423 799 4506 sublimium,
823 4425 878 4510 qui
893 4424 934 4490 ad
949 4425 1023 4506 hoc,
1047 4425 1134 4511 quod
1149 4425 1197 4489 illi
1213 4426 1433 4512 pronuntiant,
1457 4446 1521 4490 non
1537 4425 1659 4513 dispari
1676 4426 1889 4492 admiratione
1906 4427 2098 4493 concordat.

404 4524 479 4602 aad
502 4527 663 4612 epistolae
687 4533 764 4594 tuae
787 4535 899 4595 tamen
921 4529 1138 4615 dictionisque
1161 4529 1262 4594 mella
1284 4549 1336 4594 me
1360 4528 1477 4610 refero,
1502 4531 1554 4594 oui
1578 4531 1625 4594 sic
1648 4537 1699 4595 est
1721 4528 1841 4594 blanda
1864 4529 1905 4594 de
1926 4532 2099 4617 praesenti

437 4635 471 4693 et
499 4636 613 4696 tenera
643 4636 752 4697 aetate
782 4633 960 4718 praefatio,
992 4639 1029 4697 ut
1056 4653 1122 4697 non
1151 4630 1362 4696 subtrahatur
1383 4632 1485 4697 virtus
1515 4639 1548 4698 et
1578 4634 1694 4718 genius
1718 4633 1902 4700 defutura.
1947 4631 2101 4700 constitit

437 4755 511 4798 cum
527 4736 700 4801 conatibus
716 4734 860 4802 Latiaris
876 4737 1030 4819 elocutio,
1053 4736 1130 4801 dum
1153 4756 1213 4822 per
1228 4735 1356 4799 alveum
1374 4756 1469 4800 suum
1484 4736 1653 4802 Romanae
1672 4738 1880 4823 eloquentiae
1897 4737 1985 4803 unda
1998 4760 2100 4824 prae-

434 4836 566 4904 labitur.
612 4838 760 4926 adquae
784 4859 820 4906 se
845 4841 1000 4928 porrigat,
1025 4840 1081 4906 vix
1104 4838 1342 4926 conprehendit
1364 4840 1561 4924 aestimatio,
1589 4841 1644 4926 qui
1667 4841 1828 4905 maximus
1852 4839 2041 4926 adparescit
2064 4842 2099 4906 in

540 5150 698 5219 [CCCXXX]
734 5170 759 5204 v.
778 5151 794 5204 1
813 5152 924 5221 populus
936 5151 970 5216 B,
988 5152 1063 5219 polus
1080 5152 1156 5204 ceteri
1268 5169 1292 5204 v.
1311 5149 1328 5204 3
1345 5153 1489 5207 madefacta
1501 5153 1580 5208 Sirra.
1660 5153 1797 5223 aspargine
1809 5151 1843 5217 B,
1864 5155 2002 5221 aspergine
2021 5157 2100 5207 ceteri

433 5239 511 5292 crinis
524 5239 567 5290 B⁴¹
698 5259 723 5294 v.
741 5239 760 5292 4
781 5242 871 5309 cyntia
886 5241 913 5292 B
1041 5257 1066 5292 v.
1084 5236 1102 5290 b
1123 5239 1276 5291 rsscaudeus
1291 5238 1317 5290 B
1411 5242 1575 5310 discripserat
1591 5240 1668 5292 BVI.
1804 5258 1829 5292 v.
1849 5239 1884 5292 10
1899 5241 2060 5308 cornipidsm
2070 5242 2101 5296 ,Β

434 5343 459 5377 v.
479 5324 509 5378 ll
529 5329 618 5381 uincet
629 5328 656 5379 B
760 5347 784 5381 v.
804 5325 839 5380 12
856 5335 944 5379 curret
955 5324 981 5376 B
1084 5342 1108 5377 v.
1129 5323 1162 5376 13
1179 5326 1276 5378 adactis
1291 5326 1296 5392 Ι
1312 5329 1368 5380 finit
1380 5327 1405 5378 B

539 5429 711 5496 [cccxxxl]
743 5429 903 5498 lsimplicio
916 5429 941 5480 B
1039 5425 1261 5482 2adolssoentias
1274 5431 1299 5481 B
1393 5430 1766 5500 3succsssumlllslsslfrngibus
1779 5429 1805 5481 B
1899 5428 2065 5496 {squatinae
2079 5433 2104 5483 V

434 5513 654 5570 limaturiscatB
740 5518 849 5584 segitem
862 5516 887 5567 B
973 5515 1097 5583 perducat
1115 5516 1147 5566 ad
1165 5516 1257 5568 horrea
1275 5517 1302 5566 ira
1320 5517 1437 5568 lanan
1569 5515 1730 5585 'lcispitoB
1820 5515 1900 5582 exigit
1918 5517 1985 5568 roni.
2000 5517 2101 5569 Horret

435 5600 466 5652 11
485 5605 593 5655 secessit
607 5603 631 5652 V
718 5602 751 5654 13
762 5602 915 5655 ditiaoamB
1005 5601 1038 5653 14
1055 5602 1332 5667 unusestdclcrrdrrm,
1349 5606 1462 5656 eulatia
1474 5604 1620 5672 marpleada
1672 5611 1799 5670 euagatus
1811 5601 1891 5653 Sirra.
1984 5601 2019 5654 18
2037 5620 2100 5656 eum

433 5690 571 5742 conatibus
588 5690 690 5758 ambri,
707 5690 903 5742 consumatibus
915 5687 949 5754 B,
966 5690 1115 5742 concauatis
1134 5691 1209 5742 ceteri
1313 5689 1346 5741 19
1364 5693 1507 5760 adpariseet
1518 5691 1551 5758 B,
1568 5698 1717 5760 apparescat
1732 5689 1757 5740 V
