4612 6442
814 384 847 439 ΙΙ.
875 384 922 438 ΠΕ
940 382 1129 441 CODIGIBUS
1147 385 1294 441 annom.
1778 389 1885 444 XXXV

230 570 317 636 libris
341 564 464 652 scriptis
486 583 555 626 esse
577 557 728 624 adiutum.
772 580 809 623 nc
830 579 869 621 ne
897 557 962 623 ulla
984 556 1138 624 dubitatio
1160 567 1269 640 restet,
1296 559 1323 624 is
1346 560 1498 626 nominari
1521 568 1637 647 potest,
1666 562 1719 650 qui
1746 561 1885 629 codicem

229 679 261 743 15
273 676 442 741 claustrum
458 664 633 732 Andomuri
648 663 814 729 transtulit.
852 663 1066 728 Bollandistae
1080 664 1172 744 enim,
1194 665 1248 750 qui
1263 665 1361 730 vitam
1375 666 1535 754 Epiphani
1551 665 1722 750 5555556555
1737 666 1885 732 lectiones

230 778 345 844 codicis
367 776 396 840 B
419 777 639 838 recensuerunt·
660 768 711 850 (A.
729 765 761 831 S.
784 765 908 831 Ianuar.
931 766 967 830 Π
991 791 1020 852 p.
1036 771 1109 848 364)
1132 769 1337 854 pronuntiant
1364 791 1398 833 se
1420 769 1500 834 hanc
1522 771 1620 836 m'tam
1643 793 1681 834 ex
1704 769 1811 835 codice
1833 793 1885 835 ve-

228 882 401 949 tustissimo
424 874 584 942 Francisei
599 871 691 936 Medi
714 871 886 958 sumpsisse
909 870 958 936 his
981 872 1099 937 verbis:
1122 895 1148 951 ,e
1171 881 1295 938 vetusto
1316 875 1476 940 Francisci
1499 874 1602 940 Modii
1625 863 1732 939 codice
1747 873 1885 961 descrip-

228 996 309 1052 serat
338 979 551 1067 Roswcydus‘.
602 975 789 1040 Franciscus
819 982 923 1038 antem
951 973 1082 1039 Modius
1112 985 1186 1061 post
1219 977 1323 1042 varias
1358 977 1499 1044 fortunas
1530 979 1690 1065 multaque
1723 1000 1778 1064 per
1805 977 1885 1044 Ger-

229 1092 363 1157 maniam
390 1088 516 1163 itinera,
542 1079 711 1167 inquibus
739 1078 891 1165 plurimus
921 1078 1125 1144 bibliothecas
1154 1079 1322 1146 Illrenanas
1351 1089 1381 1146 ct
1402 1082 1572 1168 superioris
1600 1081 1787 1147 Gennaniac
1816 1105 1884 1168 pcr-

229 1203 384 1262 scnrtatus
407 1199 456 1256 est
479 1184 575 1268 (haud
590 1183 707 1248 insulse
729 1181 769 1246 de
791 1181 850 1246 hac
872 1203 905 1245 re
927 1182 995 1268 ipse
1018 1183 1164 1269 exposuit
1186 1183 1217 1247 15
1233 1183 1444 1271 Novantiquis
1466 1185 1662 1265 lectionibus,
1683 1185 1881 1250 Francosurti

230 1305 330 1378 1584),
352 1305 543 1386 postremum
567 1290 599 1354 15
621 1288 694 1354 fano
710 1285 742 1351 S.
757 1284 932 1351 Andomari
956 1309 1069 1351 munus
1088 1288 1229 1352 canonici
1252 1287 1382 1376 adephrs
1406 1290 1511 1377 ibique
1532 1312 1615 1356 anno
1635 1292 1716 1356 1599
1740 1299 1881 1355 mortuus

227 1418 274 1473 (55.
295 1402 444 1488 (65115115
466 1398 504 1460 dc
526 1390 702 1473 lnbliopln'le
724 1389 820 1471 Bclqc
850 1389 1051 1470 515312).
1096 1413 1169 1475 ergo
1193 1389 1340 1470 codicem,
1363 1393 1417 1479 qui
1440 1394 1524 1474 olim,
1547 1417 1619 1458 cum
1641 1393 1681 1459 ab
1704 1391 1882 1479 Rosweydo

226 1509 397 1594 descriptus
420 1511 481 1581 est,
504 1497 616 1564 Modio
638 1496 752 1574 fuerat,
774 1515 856 1558 5555
883 1496 963 1560 1697
987 1502 1089 1558 551555
1119 1494 1150 1557 in
1174 1516 1285 1559 manus
1308 1495 1465 1560 societatis
1488 1496 1561 1562 Iesu
1583 1495 1759 1561 Andomari
1781 1505 1882 1560 trans-

226 1616 315 1692 ierat,
341 1631 396 1697 per
418 1602 565 1671 Modium
587 1599 662 1664 illuc
683 1597 870 1662 translatum
896 1605 928 1660 et
949 1606 1023 1682 post
1049 1605 1180 1662 mortem
1201 1596 1274 1662 huic
1296 1598 1438 1664 societati
1460 1598 1628 1664 hereditate
1649 1600 1791 1664 relictum
1814 1621 1882 1662 esse

226 1740 315 1782 nemo
338 1710 473 1798 negabit.
515 1715 620 1770 tamen
647 1724 686 1766 ue
716 1699 748 1766 id
772 1699 898 1786 quidem
925 1700 1233 1786 praetermittendum
1266 1709 1329 1781 est,
1359 1701 1445 1787 qnod
1471 1703 1664 1788 Bongarsius
1694 1703 1726 1768 in
1754 1702 1879 1767 Ennodi

225 1817 411 1910 panegyrico
433 1815 465 1878 15
488 1811 636 1876 honorem
653 1804 838 1870 Theoderici
855 1804 971 1884 habito,
994 1804 1113 1868 scilicet
1135 1805 1218 1891 typis
1242 1827 1367 1886 excuse,
1389 1804 1565 1872 adnotavit:
1587 1805 1716 1886 ,Varias
1730 1807 1880 1871 lectiones

223 1951 260 1991 ex
289 1923 353 1989 Ms.
381 1918 481 1985 habeo
510 1938 529 1980 u
562 1912 614 1977 Fr.
638 1909 807 1996 Sylburgio
838 1909 891 1995 qni
926 1931 945 1972 a
973 1909 1085 1973 llrauc.
1113 1907 1234 1973 Modio‘
1267 1908 1392 1996 (Hagen
1420 1909 1510 1974 catal.
1540 1908 1608 1974 cod.
1636 1910 1728 1974 Bem.
1751 1933 1781 1996 p.
1798 1914 1880 1989 528).

224 2027 352 2094 Modius
376 2045 451 2089 vcro
473 2016 556 2084 uude
578 2015 716 2081 codicem
733 2012 905 2090 abstulerit,
927 2011 1070 2097 equidem
1086 2013 1246 2098 exquirere
1267 2014 1409 2100 nequivh
1432 2012 1465 2077 id
1487 2022 1608 2078 tantmn
1631 2035 1689 2098 pro
1704 2013 1879 2079 verisimili

223 2127 442 2199 affirmaverim
459 2121 597 2188 codicem
615 2120 644 2184 B
659 2141 699 2182 ex
713 2117 883 2182 Germania
898 2116 1056 2202 superiore
1071 2116 1202 2202 petitum
1218 2139 1301 2182 esse:
1325 2141 1397 2182 nam
1421 2117 1594 2203 Grynaeus,
1615 2117 1669 2202 qui
1691 2139 1728 2180 co
1751 2139 1778 2182 a
1797 2120 1878 2185 1569

222 2259 298 2302 usus
328 2242 391 2312 cst,
423 2251 486 2294 555
519 2227 546 2290 15
574 2225 648 2302 fuit,
681 2222 736 2308 qui
769 2243 916 2306 magnam
942 2241 1067 2306 operam
1097 2219 1198 2300 daret,
1234 2230 1269 2284 ut
1299 2220 1422 2286 codices
1449 2243 1488 2285 55
1520 2221 1647 2286 remotis
1681 2221 1878 2286 bibliothecis

221 2341 400 2427 acquireret
444 2342 478 2398 51
499 2329 647 2417 quoniam
669 2325 785 2390 habent
807 2345 865 2388 555
892 2323 958 2388 fatu
979 2323 1064 2403 libri,
1092 2324 1235 2410 equidem
1258 2347 1320 2389 non
1344 2347 1498 2412 repugno,
1527 2326 1625 2412 siquis
1649 2323 1689 2391 ad
1713 2325 1877 2392 ColonIam

221 2445 429 2533 Agrippinam
444 2437 577 2523 digitum
594 2430 713 2497 intendi
733 2428 850 2495 iudicat
864 2428 918 2507 eis,
939 2450 1019 2514 quae
1039 2428 1070 2492 15
1086 2427 1139 2493 151.
1155 2429 1239 2496 teob
1254 2451 1347 2494 manu
1363 2428 1426 2494 fere
1442 2451 1521 2494 saec.
1535 2429 1627 2494 XIII
1642 2452 1711 2494 cum
1728 2430 1820 2510 notis,
1842 2439 1878 2494 ut

220 2551 352 2628 ridetur,
373 2543 501 2611 musicis
517 2539 633 2625 scripta
647 2543 732 2600 sunt:
755 2533 803 2613 ,In
818 2532 922 2597 551515
937 2532 989 2595 XI
1005 2532 1124 2597 milium
1141 2533 1297 2617 virginum
1315 2572 1355 2580 —-
1372 2532 1461 2596 Haec
1484 2541 1559 2596 sunt
1579 2554 1659 2619 quae
1680 2554 1743 2598 non
1759 2533 1878 2598 5515551

220 2677 318 2742 neque
340 2651 502 2724 nubentur,
525 2641 580 2707 sed
603 2649 678 2704 sunt
699 2638 781 2702 sicut
803 2636 904 2721 angeli
927 2637 959 2699 in
982 2636 1076 2701 caelo.
1120 2636 1324 2721 Virginitatis
1347 2657 1459 2700 nomen
1481 2643 1528 2700 est
1551 2635 1731 2701 honorabile
1745 2643 1812 2702 etn‘

322 2824 367 2890 ΙΙ.
401 2817 552 2886 Codicem
579 2811 814 2879 Bruxellensem
849 2809 889 2874 ab
921 2809 1067 2874 omnibns
1095 2810 1204 2874 ceteris
1233 2809 1350 2874 distare
1376 2809 1496 2874 1555515
1523 2832 1620 2896 supra
1646 2809 1764 2890 alletia,
1796 2833 1875 2897 quas

218 2933 349 2998 aliorum
371 2926 522 2992 librorum
545 2917 650 2982 nullus
673 2914 776 2993 habet,
798 2914 874 2978 satis
896 2936 1050 3000 superque
1073 2913 1309 3000 comprobatum
1333 2924 1388 2979 cst.
1425 2923 1519 2979 restat
1541 2923 1576 2978 ut
1596 2914 1642 2978 cis
1665 2937 1745 3000 quac
1766 2915 1874 2980 ceteris

217 3034 361 3100 omnibns
391 3026 568 3094 communia
597 3023 660 3087 sint
695 3019 877 3107 compositis
908 3018 1109 3084 ostendamus
1142 3041 1195 3083 eos
1229 3042 1292 3083 555
1326 3018 1428 3082 solum
1461 3019 1502 3083 ab
1534 3019 1589 3084 illo
1617 3018 1790 3084 disiunctos
1819 3018 1874 3084 sed

216 3141 309 3205 ctiam
331 3139 464 3202 1515555
487 3139 570 3195 certa
593 3124 824 3213 propinquitate
852 3123 1034 3188 coniunctos
1063 3145 1131 3188 esse
1159 3133 1252 3210 atque
1275 3145 1368 3186 unam
1395 3122 1527 3186 classem
1549 3122 1677 3187 efficere.
1721 3121 1805 3209 quod
1828 3121 1868 3188 ad

216 3236 490 3309 demonstrandum
506 3243 571 3298 tam
585 3230 685 3296 multa
700 3236 881 3314 argrunenta
896 3236 1076 3315 suppetunt,
1093 3237 1128 3292 ut
1142 3250 1205 3292 una
1219 3226 1278 3291 hac
1294 3224 1476 3290 difficultate
1491 3224 1704 3304 sollicitemur,
1718 3248 1871 3313 quaenam

214 3344 356 3435 eligenda
379 3344 450 3407 sint.
482 3337 617 3425 primum
640 3331 766 3421 quidem
790 3332 821 3396 in
844 3332 954 3398 ceteris
970 3332 1115 3396 omnibns
1138 3329 1298 3395 codicibus
1317 3327 1431 3394 desunt
1459 3329 1562 3393 cuncti
1579 3327 1743 3394 duodecim
1765 3329 1872 3415 hymni

214 3463 254 3539 (p.
266 3449 457 3524 249-2561,
478 3440 630 3530 epistulae
646 3447 765 3525 septem
781 3441 821 3522 (p.
833 3438 1024 3514 257-2691,
1046 3435 1107 3499 1515
1129 3434 1266 3498 camnine
1281 3439 1320 3520 (p.
1336 3437 1419 3513 256),
1442 3433 1565 3518 singula
1582 3441 1686 3497 autem
1708 3434 1759 3498 vcl
1782 3433 1873 3521 plura

215 3549 484 3622 5551556915515.
529 3556 595 3609 tum
617 3541 780 3607 collocatio
803 3540 968 3605 verbomm
997 3539 1075 3603 locis
1101 3542 1140 3605 75
1164 3539 1327 3603 immutata
1350 3547 1405 3602 est.
1450 3535 1562 3601 deinde
1585 3559 1692 3602 omnes
1715 3535 1870 3601 secundae

213 3659 323 3725 classis
346 3654 416 3720 libri
439 3649 557 3716 eisdem
573 3647 676 3712 verbis
700 3643 878 3731 interpolati
901 3653 975 3708 5551
997 3649 1130 3730 (praeter
1150 3642 1214 3707 duo
1234 3642 1372 3707 carmina
1394 3644 1525 3728 532615
1548 3665 1578 3727 p.
1597 3643 1624 3721 1,
1635 3645 1664 3708 8.
1687 3643 1716 3721 4,
1728 3644 1756 3709 8.
1779 3644 1809 3719 8,
1824 3644 1871 3706 19.

216 3765 326 3844 12,17.
352 3762 400 3838 17,
412 3761 463 3823 31.
480 3758 530 3832 57,
539 3757 568 3818 3.
587 3755 635 3818 19.
651 3753 702 3828 59,
713 3753 761 3814 14.
771 3753 821 3816 26.
845 3753 896 3824 66,
908 3751 958 3812 29.
974 3752 1025 3828 89,
1041 3751 1087 3814 18.
1114 3751 1183 3828 118,
1199 3750 1246 3813 18.
1269 3748 1342 3826 211,
1354 3749 1404 3811 32.
1428 3748 1499 3824 225,
1512 3748 1562 3812 29.
1582 3748 1655 3824 231,
1666 3747 1717 3810 32.
1737 3747 1809 3824 263,
1820 3748 1870 3810 39.

213 3871 285 3946 392,
300 3869 347 3931 19.
371 3865 443 3939 311,
455 3863 505 3924 32.
549 3855 682 3941 denique
713 3876 750 3917 ne
780 3851 1004 3918 descendamus
1032 3851 1071 3916 ad
1094 3852 1226 3931 leviora,
1257 3873 1336 3937 quae
1365 3859 1467 3915 tamen
1497 3849 1566 3934 ipsa
1593 3846 1633 3912 ad
1657 3847 1868 3934 quaestionem

212 3969 394 4036 solvendam
417 3965 600 4041 sufficerent,
623 3958 766 4024 codexB
789 3961 830 4024 89
853 3957 915 4022 lere
943 3956 1021 4020 locis
1045 3957 1106 4021 alia
1128 3955 1283 4020 vocabula
1305 3977 1341 4020 ac
1363 3954 1457 4018 ceteri
1478 3952 1612 4031 exhibet,
1634 3949 1726 4030 unde,
1748 3952 1868 4016 etiarnsi

211 4076 396 4164 gravissima
419 4078 542 4136 tantum
564 4067 595 4130 in
620 4063 755 4128 medinm
779 4062 980 4149 proferentur,
1002 4060 1093 4125 filcile
1115 4060 1274 4146 ingenium
1296 4059 1445 4124 librorum
1468 4064 1684 4144 cognoscetur:
1796 4073 1799 4078 '

741 4270 837 4335 codas
859 4270 909 4334 B:
1317 4267 1390 4332 11651
1412 4267 1456 4330 ΙΙ
1474 4263 1601 4330 elensis:

511 4421 541 4484 p.
564 4399 636 4476 4,19
659 4393 843 4458 diuisionem
866 4395 917 4475 (=
934 4390 1133 4474 decisionem)
1294 4387 1470 4454 firmitatem

545 4503 635 4580 10,33
658 4497 807 4563 discretas
1295 4492 1414 4558 divisas

545 4605 634 4684 14,31
658 4601 691 4666 15
714 4600 804 4666 (15555
828 4605 878 4683 (2
892 4596 1020 4682 indices)
1295 4597 1327 4663 15
1350 4595 1446 4662 dectus

543 4710 613 4790 18,9
657 4705 789 4772 daedala
1295 4700 1391 4788 digna

540 4817 611 4894 29,2
657 4819 753 4900 ponet
774 4811 910 4876 fistulam
1296 4806 1381 4872 canit
1401 4803 1506 4872 fistula

541 4922 612 4999 59,2
657 4915 825 5002 5551115555
849 4920 900 4997 (=
916 4913 1125 5001 nrephitieam)
1295 4910 1458 4998 mysticam

541 5023 612 5102 71,6
657 5020 840 5086 manifestus
1293 5037 1420 5080 securus

520 5129 633 5207 199,29
656 5125 813 5212 poenalem
836 5131 887 5206 (ε
905 5123 1074 5210 lucernalem)
1293 5117 1458 5206 specialem

522 5233 632 5310 133‚37
656 5228 801 5294 credatur
1293 5222 1436 5288 videatur

521 5338 631 5414 149,21
657 5333 793 5398 cultores
1292 5326 1464 5392 saeculares

518 5441 629 5518 171,31
653 5436 776 5524 plebem
1291 5431 1442 5519 populum

520 5545 630 5622 187,11
655 5539 798 5606 hostibus
1291 5534 1468 5621 hospitibus

519 5650 631 5728 195,19
654 5667 776 5710 summa
1290 5639 1427 5704 55551555
