4596 6450
707 361 842 416 ccxvm
861 361 984 428 (nerse.
1002 361 1027 424 5,
1046 362 1082 430 s),
1101 362 1208 417 ecxnr
1227 362 1349 430 (emar.
1368 365 1392 426 s,
1411 364 1447 430 ι).

873 652 1053 722 CCXVIII
1076 657 1186 741 (uersu.
1199 662 1229 736 5,
1245 659 1289 739 6).

735 848 943 922 LEONTIO
970 849 1150 924 ΑΒΒΑΤῙ
1176 848 1424 924 ENNODIVS.

374 993 492 1112 Supra
522 1024 673 1089 meritum
702 1043 811 1088 mcum
841 1045 967 1089 summa
997 1026 1084 1091 circa
1114 1047 1165 1090 me
1193 1025 1344 1092 beneficii
1375 1027 1530 1090 caelestis
1559 1024 1716 1102 adolevit,
1748 1023 1825 1088 dum
1853 1024 1934 1109 quil

253 1148 360 1216 poena
382 1125 499 1213 dignus
521 1149 607 1208 sum,
632 1127 791 1191 iustorum
815 1129 962 1213 praemia
985 1135 1180 1194 consecutus
1204 1129 1327 1193 exulto.
1373 1129 1495 1194 frustra
1517 1128 1745 1214 delinquentes
1768 1127 1907 1213 periculi

253 1240 359 1298 mater
388 1231 575 1318 desperatio
601 1229 643 1295 ad
672 1237 821 1295 extrema
848 1232 1055 1318 praecipitat.
1100 1233 1132 1296 in
1162 1253 1272 1297 errore
1295 1233 1439 1296 maximo
1462 1233 1630 1297 constituti
1651 1252 1726 1297 meo
1749 1230 1791 1296 ad
1814 1251 1907 1316 spem

189 1365 201 1402 ι
253 1336 391 1401 solidam
414 1343 609 1422 reparentur
631 1335 796 1420 exemplo.
834 1336 947 1400 nescio
970 1336 1011 1400 de
1036 1356 1098 1421 quc
1120 1357 1219 1422 opere
1243 1337 1331 1411 mihi,
1354 1335 1395 1400 de
1411 1357 1475 1423 qua
1490 1335 1678 1401 innocentia
1693 1332 1940 1419 epistolarum2

230 1445 435 1524 ,vestrarum
474 1439 599 1504 fructus
630 1439 807 1502 accesserit
838 1443 871 1502 et
901 1438 1042 1502 animam
1078 1440 1208 1525 peccati
1239 1439 1389 1504 ubertate
1422 1438 1619 1525 locupletem
1651 1437 1804 1504 caelestis
1832 1435 1910 1502 boni

251 1545 350 1608 melle
374 1542 513 1609 satiarit:
543 1541 604 1606 nisi
631 1542 708 1627 quia
731 1542 787 1606 ille
811 1541 866 1627 qui
894 1542 1030 1605 vulnera
1059 1548 1170 1606 nostra
1199 1543 1344 1628 suscepit
1366 1549 1400 1607 et
1425 1563 1483 1628 pro
1511 1542 1605 1607 nobis
1633 1540 1750 1620 doluit,
1784 1545 1909 1604 mutata

253 1647 442 1711 meritorum
471 1645 679 1724 condicione,
710 1666 790 1731 quos
821 1645 960 1730 flagellis
992 1644 1105 1730 dignos
1128 1644 1259 1727 viderit,
1291 1647 1431 1730 castigat
1451 1645 1640 1709 muneribus
1662 1649 1696 1708 et
1719 1665 1815 1709 versa
1838 1643 1909 1708 vice

253 1751 427 1815 noxiorum
450 1750 576 1814 animas
592 1748 670 1813 dum
686 1746 840 1812 secundis
857 1748 972 1833 replet,
996 1748 1122 1834 pudore
1138 1749 1298 1813 meliorat.
1336 1750 1469 1836 superni
1487 1768 1565 1832 ergo
1583 1748 1701 1812 secreti
1718 1747 1939 1833 dignatione3

255 1853 527 1919 confabulationis
562 1858 695 1917 vestrae
735 1853 846 1937 fruges
881 1851 989 1917 elicui.
1041 1873 1100 1916 vos
1132 1851 1173 1917 de
1207 1853 1350 1938 corporis
1386 1853 1450 1917 mei
1487 1853 1627 1916 sanitate
1663 1851 1817 1916 sollicitos
1852 1852 1909 1918 ille

254 1956 403 2039 reddidit,
428 1957 484 2043 qui
508 1956 635 2021 animae
658 1977 752 2022 meae
777 1977 885 2021 curam
909 1977 969 2043 per
992 1956 1156 2042 spiritales
1179 1956 1324 2020 medicos
1347 1955 1389 2020 sd
1413 1961 1534 2019 statum
1557 1954 1704 2020 indultae
1722 1954 1909 2019 valitudinis

254 2061 361 2126 redire
401 2060 566 2147 conpellit.
623 2081 708 2147 quae
742 2061 783 2124 sit
817 2061 849 2124 in
884 2079 936 2124 me
971 2059 1156 2124 substantia
1192 2059 1426 2138 membrorum,
1465 2059 1639 2145 religiosae
1677 2057 1909 2122 sollicitudinis

252 2165 506 2250 investigatione
537 2164 740 2250 perquiritis,
774 2183 909 2250 quorum
940 2169 1044 2226 status
1072 2162 1201 2226 animae
1233 2169 1360 2248 partem
1384 2165 1566 2248 neglegens
1589 2167 1657 2224 toto
1680 2161 1792 2225 mundi
1815 2161 1909 2226 istius

253 2273 409 2353 gravatur
431 2269 579 2355 imperio.
624 2269 713 2353 agite
737 2267 884 2331 oratione
908 2287 960 2330 mc
984 2266 1083 2330 talem
1106 2267 1194 2346 ficri,
1225 2267 1355 2351 qualem
1379 2266 1530 2333 adseritis
1553 2264 1801 2346 blandimentis,
1832 2265 1940 2351 quia4

254 2371 319 2436 luci
348 2373 461 2436 nescia
489 2371 650 2457 propositi
674 2370 776 2434 vestri
807 2367 965 2433 claritudo
988 2389 1085 2453 quem
1108 2368 1227 2433 bonum
1256 2390 1331 2434 esse
1360 2370 1529 2455 praedicat
1556 2375 1633 2435 ante
1659 2375 1788 2455 tempus
1814 2371 1908 2435 inno-

254 2476 392 2556 centiae,
416 2474 587 2540 adnuntiat
610 2495 686 2538 mox
708 2473 863 2537 futurum.
901 2471 1056 2536 iratribus
1080 2473 1162 2536 meis
1186 2478 1219 2536 ct
1242 2475 1418 2554 conservis,
1442 2494 1523 2560 quos
1547 2472 1728 2553 direxistis,
1751 2481 1908 2558 quantum

255 2578 412 2644 exhibere
436 2578 549 2642 solacii
572 2578 672 2663 potui,
698 2585 772 2641 voto
795 2575 904 2662 potius
921 2595 1018 2661 quam
1036 2596 1071 2638 re
1088 2574 1225 2640 idonens
1241 2596 1306 2639 uon
1322 2575 1450 2660 negavi.
1489 2583 1641 2662 superest
1657 2582 1693 2640 ut
1708 2577 1940 2662 accipientes5

255 2681 414 2767 obsequia
443 2703 518 2747 mea
541 2702 615 2745 cum
637 2681 789 2745 universo
813 2679 863 2744 cui
888 2679 1049 2764 praeestis
1073 2679 1212 2742 concilio
1237 2701 1296 2766 per
1319 2679 1371 2744 dei
1395 2681 1626 2767 omnipotentis
1648 2681 1909 2746 misericordiam

255 2786 412 2851 coniurati
440 2784 504 2851 deo
533 2806 593 2872 pro
623 2785 783 2871 parvitate
816 2803 890 2847 mea
919 2783 1073 2868 precibus
1104 2783 1279 2862 insistatis,
1311 2789 1346 2846 ut
1376 2783 1428 2846 cui
1458 2781 1551 2848 deest
1579 2805 1638 2869 per
1661 2785 1808 2848 actiones
1832 2805 1909 2849 snas

176 2915 182 2930 ·
254 2889 373 2954 fiducia
394 2889 562 2968 bonorum,
585 2909 646 2974 per
668 2887 823 2972 suffragia
845 2893 956 2952 vestra
979 2888 1157 2973 contingat.

891 3193 1034 3263 ccxlx
1056 3196 1167 3284 (never.
1183 3202 1214 3276 5,
1231 3197 1276 3282 7).

812 3389 1083 3463 EVPREPlAE
1110 3389 1359 3465 ENNODIVS.

365 3537 537 3648 Quamvis
568 3589 667 3655 saepe
701 3569 824 3654 ingenii
850 3567 914 3632 mei
943 3567 1081 3632 maciem
1105 3567 1333 3652 cognovisses,
1366 3567 1545 3653 periclitari
1568 3574 1679 3634 tamen
1703 3568 1825 3634 ieiunia
1848 3569 1939 3633 crisi

255 3673 333 3738 olim
357 3672 486 3760 probati
509 3673 662 3736 iussionis
686 3673 858 3737 celeritate
881 3671 1025 3735 voluisti.
1073 3670 1130 3735 sed
1155 3692 1216 3756 ego
1241 3691 1304 3735 non
1328 3670 1437 3734 abnuo
1461 3671 1616 3736 oboedire
1640 3672 1803 3757 diligenti,
1826 3680 1862 3738 ut
1886 3674 1913 3737 si

255 3775 429 3842 facundiae
453 3774 547 3841 deest
562 3777 725 3850 meritum,
749 3776 856 3860 gratis
874 3774 1049 3838 subveniat
1065 3771 1279 3859 obsequendi.
1317 3775 1426 3838 varice
1444 3781 1519 3838 sunt
1535 3771 1693 3839 donorum
1709 3776 1913 3856 caelestium,

179 3927 184 3944 .-
256 3880 335 3945 lieet
369 3880 411 3945 ab
445 3900 510 3943 ιιιιο
544 3887 679 3945 auctore
713 3877 972 3963 progrediantur,
1009 3877 1155 3962 specics:
1195 3877 1293 3941 alium
1328 3877 1533 3943 commendat
1567 3879 1740 3964 perfectio,
1774 3881 1912 3945 alterum

255 3982 399 4047 insinuat
422 3981 508 4067 quod
531 3983 603 4045 sine
625 3980 780 4046 tarditate
805 3981 915 4068 aliqua
937 3981 1008 4044 vult
1031 4002 1158 4066 parere.
1203 3980 1343 4045 domnae
1366 4002 1459 4046 meac
1476 3979 1644 4067 (lynegiae
1667 3981 1834 4068 epitafium
1858 3979 1945 4048 vixi

256 4107 322 4151 una
349 4085 430 4150 hors
460 4084 585 4149 habens
614 4084 777 4150 tractandi
802 4086 943 4171 spatium
967 4085 1135 4150 inelimata
1160 4085 1334 4150 velocitate
1359 4086 1525 4171 conposui.
1571 4084 1645 4150 vide
1669 4087 1913 4168 necessitatem,

256 4196 293 4253 ut
313 4189 404 4253 illam
426 4195 591 4252 tantorum
613 4189 804 4252 meritorum
829 4187 983 4252 feminam
1006 4187 1179 4252 verborum
1203 4187 1342 4251 saltibus
1367 4189 1578 4272 explicarem.
1617 4195 1730 4275 parcat
1753 4189 1915 4254 sterilitati

256 4313 350 4358 meae
374 4291 573 4357 venerabilis
606 4292 714 4355 anima
745 4290 908 4377 accipiens
939 4313 997 4377 pro
1029 4291 1196 4356 schemate
1227 4289 1377 4355 dictionis
1401 4290 1543 4355 studium
1566 4292 1636 4357 sine
1659 4293 1746 4357 nube
1769 4290 1913 4356 dictoris.

261 4403 311 4470 tu,
342 4396 387 4460 mi
416 4394 563 4477 domina,
595 4394 768 4481 epistolam
798 4395 1005 4480 praesentiae
1032 4415 1126 4458 meae
1155 4394 1226 4458 vice
1258 4393 1467 4480 conplectens
1496 4414 1568 4464 cra.
1600 4399 1636 4458 ut
1663 4396 1796 4481 spiritus
1826 4395 1914 4460 illius

259 4496 419 4564 scabridis
441 4519 646 4585 nequaquam
668 4497 819 4563 laedatur
842 4497 970 4563 officiis.

288 4675 465 4682 ..m-..w

363 4791 511 4862 [CCXVIII]
538 4791 710 4847 tmodmtB
806 4791 822 4844 4
840 4794 1065 4861 disperatioBVL
1077 4795 1240 4862 (dissperatis
1253 4795 1306 4857 Ba)
1403 4794 1545 4846 bsclidam
1557 4811 1628 4862 spem
1640 4795 1664 4858 ὁ,
1681 4811 1752 4862 spem
1765 4811 1821 4862 arcp.
1834 4797 1879 4848 lin.
1894 4795 1919 4847 P

258 4881 275 4934 6
301 4883 413 4935 animam
430 4882 455 4932 Β
481 4889 504 4933 et
526 4899 582 4948 rap.
604 4882 649 4932 lta.
670 4879 762 4945 T2P2,
795 4881 827 4932 ad
850 4881 928 4932 imam
949 4880 1006 4945 VL,
1032 4881 1064 4932 ad
1093 4898 1173 4932 unam
1199 4878 1296 4932 T¹0P¹
1405 4881 1511 4932 uberate
1528 4877 1569 4930 Β1
1711 4879 1727 4932 7
1750 4884 1854 4934 satiauit
1871 4882 1915 4934 Be

259 4963 293 5018 10
309 4968 435 5032 sollicitus
447 4966 473 5018 B
597 4965 627 5017 11
647 4967 769 5033 spiritalis
780 4966 807 5017 Β
893 4967 1005 5018 medicos
1022 4983 1077 5033 resp.
1092 4967 1138 5018 lia.
1151 4966 1176 5016 B
1293 4965 1326 5016 11
1343 4965 1513 5018 substantiam
1526 4965 1551 5016 B
1677 4963 1709 5017 13
1727 4969 1880 5034 perquiratis
1892 4968 1917 5018 Β

258 5071 367 5120 qnorum
388 5092 413 5105 ..
432 5061 528 5120 partem
550 5053 578 5104 irs
592 5053 629 5104 lit.
646 5050 671 5101 Β
776 5052 908 5118 necligens
924 5050 966 5101 13¹
1109 5050 1142 5102 14
1164 5053 1304 5104 orationem
1324 5051 1329 5117 Ι
1348 5059 1374 5103 et
1397 5053 1474 5104 talem
1491 5051 1524 5116 Β,
1548 5069 1588 5103 me
1610 5053 1689 5104 talem
1711 5054 1825 5106 orations
1842 5055 1918 5105 ceteri

257 5140 383 5192 adssrimr
396 5136 437 5189 13¹
545 5137 577 5190 16
596 5139 714 5205 quintum
728 5137 753 5187 B
865 5134 896 5188 ll
914 5139 1002 5190 solacii
1014 5136 1055 5188 B¹
1167 5137 1199 5189 18
1216 5141 1323 5206 precatis
1341 5137 1365 5203 (r
1380 5156 1411 5190 cs:
1428 5157 1444 5190 a
1459 5137 1538 5202 corr.)
1550 5137 1576 5189 B
1650 5139 1847 5191 misericordiam
1865 5137 1917 5206 (am

258 5241 313 5290 asp.
327 5224 384 5290 lin.)
397 5223 423 5276 Β
528 5222 560 5276 19
577 5225 686 5276 aetionis
698 5220 741 5273 13¹
846 5221 881 5274 10
899 5225 1031 5291 contingat
1048 5225 1105 5275 finit
1117 5223 1142 5274 Β

363 5328 486 5396 [CCXIX]
519 5327 553 5380 11
572 5331 724 5397 supraepiaa
737 5327 793 5378 BV
920 5325 956 5378 11
976 5335 1064 5380 tamen
1084 5335 1145 5380 ants
1163 5328 1258 5379 ieiunia
1276 5327 1346 5394 (ante
1364 5347 1421 5395 arcp.
1434 5329 1478 5379 lin.
1493 5328 1527 5389 Ρ)
1541 5327 1579 5377 Pb
1708 5325 1743 5379 13
1760 5330 1862 5395 pronati
1873 5327 1917 5380 Β(ι

258 5416 378 5467 uoluistis
396 5413 452 5480 (alt.
470 5433 483 5468 s
501 5433 557 5482 sap.
571 5414 629 5479 lia.)
641 5414 667 5465 B
761 5411 796 5464 14
812 5411 959 5480 subveniat}
972 5413 1149 5467 neniatdirm.
1246 5411 1280 5465 16
1296 5414 1471 5482 cynasgiasB
1527 5415 1666 5481 epytafium
1677 5413 1710 5478 Β,
1726 5415 1883 5482 epitaphium
1898 5413 1923 5464 V

260 5501 294 5554 28
312 5503 481 5568 ssxplicarem
500 5499 541 5552 B¹
658 5498 692 5552 19
710 5500 869 5552 uenerabilis
890 5540 995 5552 ......
1015 5503 1070 5554 sine
1089 5502 1173 5568 suppl.
1192 5503 1219 5551 ia
1237 5519 1284 5568 rap.
1305 5505 1352 5569 ias.
1367 5501 1410 5554 132
1490 5503 1619 5568 accipiens
1631 5501 1665 5564 B,
1685 5502 1827 5570 suscipiens
1844 5505 1919 5554 ceteri

259 5595 369 5640 ammte
385 5587 414 5652 V,
432 5597 557 5640 scemam
569 5586 595 5636 B
706 5583 741 5636 30
758 5587 794 5636 mi
807 5585 840 5649 B,
857 5603 906 5638 cm.
919 5588 995 5638 ceteri
1068 5588 1182 5653 spirituis
1195 5587 1220 5636 Β
1289 5589 1394 5656 spiritus
1412 5589 1494 5639 saucti
1511 5589 1582 5638 illius
1600 5587 1680 5650 (illius
1698 5605 1753 5653 sap,
1768 5588 1812 5638 lin.
1827 5587 1861 5650 P)
1876 5587 1922 5639 ΟΡ

260 5673 290 5726 3ι
312 5675 437 5728 massa
455 5676 483 5738 (b
501 5675 581 5738 sm.)
594 5672 619 5722 n
