<?xml version="1.0" encoding="UTF-8"?>
<!DOCTYPE html PUBLIC "-//W3C//DTD XHTML 1.0 Transitional//EN"
    "http://www.w3.org/TR/xhtml1/DTD/xhtml1-transitional.dtd">
<html xmlns="http://www.w3.org/1999/xhtml" xml:lang="en" lang="en">
 <head>
  <title>
</title>
<meta http-equiv="Content-Type" content="text/html;charset=utf-8" />
  <meta name='ocr-system' content='tesseract 3.04.00' />
  <meta name='ocr-capabilities' content='ocr_page ocr_carea ocr_par ocr_line ocrx_word'/>
</head>
<body>
  <div class='ocr_page' id='page_1' title='image "./monumentagerman06mittgoog_0300.png"; bbox 0 0 4566 6532; ppageno 0'>
   <div class='ocr_carea' id='block_1_1' title="bbox 609 391 1853 466">
    <p class='ocr_par' dir='ltr' id='par_1_1' title="bbox 609 391 1853 466">
     <span class='ocr_line' id='line_1_1' title="bbox 609 391 1853 466; baseline 0.01 -15"><span class='ocrx_word' id='word_1_1' title='bbox 609 391 741 452; x_wconf 73' lang='lat' dir='ltr'><strong>cenom</strong></span> <span class='ocrx_word' id='word_1_2' title='bbox 759 393 883 466; x_wconf 73' lang='lat' dir='ltr'><strong>OEPIS&#39;l&#39;.</strong></span> <span class='ocrx_word' id='word_1_3' title='bbox 900 397 925 460; x_wconf 85' lang='grc'><strong>6.</strong></span> <span class='ocrx_word' id='word_1_4' title='bbox 943 396 989 466; x_wconf 73' lang='grc'><strong>26)</strong></span> <span class='ocrx_word' id='word_1_5' title='bbox 1009 429 1044 442; x_wconf 90' lang='grc'>-</span> <span class='ocrx_word' id='word_1_6' title='bbox 1063 393 1449 466; x_wconf 70' lang='grc' dir='ltr'><strong>06110111(ΒΡ16Τ.6,69).</strong></span> <span class='ocrx_word' id='word_1_7' title='bbox 1791 397 1853 462; x_wconf 76' lang='grc'><strong>227</strong></span> 
     </span>
    </p>
   </div>
   <div class='ocr_carea' id='block_1_2' title="bbox 201 570 1885 1586">
    <p class='ocr_par' dir='ltr' id='par_1_2' title="bbox 201 570 1885 1586">
     <span class='ocr_line' id='line_1_2' title="bbox 202 570 1853 660; baseline 0 -24"><span class='ocrx_word' id='word_1_8' title='bbox 202 571 341 650; x_wconf 87' lang='lat' dir='ltr'><strong>locutus,</strong></span> <span class='ocrx_word' id='word_1_9' title='bbox 364 589 450 655; x_wconf 89' lang='lat' dir='ltr'><strong>quae</strong></span> <span class='ocrx_word' id='word_1_10' title='bbox 472 589 525 634; x_wconf 90' lang='lat' dir='ltr'><strong>me</strong></span> <span class='ocrx_word' id='word_1_11' title='bbox 549 591 650 635; x_wconf 83' lang='lat' dir='ltr'><strong>causa</strong></span> <span class='ocrx_word' id='word_1_12' title='bbox 672 570 715 636; x_wconf 90' lang='lat' dir='ltr'><strong>ab</strong></span> <span class='ocrx_word' id='word_1_13' title='bbox 739 570 790 636; x_wconf 88' lang='lat' dir='ltr'><strong>his</strong></span> <span class='ocrx_word' id='word_1_14' title='bbox 814 573 934 638; x_wconf 88' lang='lat' dir='ltr'><strong>muniis</strong></span> <span class='ocrx_word' id='word_1_15' title='bbox 950 571 1177 660; x_wconf 78' lang='lat' dir='ltr'>suspenderet,</span> <span class='ocrx_word' id='word_1_16' title='bbox 1201 570 1351 657; x_wconf 91' lang='lat' dir='ltr'><strong>relinquo</strong></span> <span class='ocrx_word' id='word_1_17' title='bbox 1368 571 1587 638; x_wconf 89' lang='lat' dir='ltr'><strong>conscientiae</strong></span> <span class='ocrx_word' id='word_1_18' title='bbox 1603 578 1745 648; x_wconf 83' lang='lat' dir='ltr'><strong>restrae,</strong></span> <span class='ocrx_word' id='word_1_19' title='bbox 1768 593 1853 658; x_wconf 89' lang='lat' dir='ltr'><strong>quae</strong></span> 
     </span>
     <span class='ocr_line' id='line_1_3' title="bbox 201 672 1883 762; baseline 0.001 -24"><span class='ocrx_word' id='word_1_20' title='bbox 201 674 302 738; x_wconf 82' lang='lat' dir='ltr'><strong>faciat</strong></span> <span class='ocrx_word' id='word_1_21' title='bbox 323 672 572 758; x_wconf 82' lang='lat' dir='ltr'><strong>obsequentem.</strong></span> <span class='ocrx_word' id='word_1_22' title='bbox 603 672 702 738; x_wconf 90' lang='lat' dir='ltr'><strong>deum</strong></span> <span class='ocrx_word' id='word_1_23' title='bbox 717 681 828 740; x_wconf 88' lang='lat' dir='ltr'><strong>tamen</strong></span> <span class='ocrx_word' id='word_1_24' title='bbox 845 683 1000 762; x_wconf 77' lang='lat' dir='ltr'><strong>precatus</strong></span> <span class='ocrx_word' id='word_1_25' title='bbox 1016 675 1047 739; x_wconf 91' lang='lat' dir='ltr'><strong>in</strong></span> <span class='ocrx_word' id='word_1_26' title='bbox 1065 675 1153 740; x_wconf 90' lang='lat' dir='ltr'><strong>bona</strong></span> <span class='ocrx_word' id='word_1_27' title='bbox 1167 692 1219 738; x_wconf 89' lang='lat' dir='ltr'><strong>me</strong></span> <span class='ocrx_word' id='word_1_28' title='bbox 1235 672 1414 738; x_wconf 83' lang='lat' dir='ltr'><strong>valitudine</strong></span> <span class='ocrx_word' id='word_1_29' title='bbox 1429 675 1483 740; x_wconf 81' lang='lat' dir='ltr'><strong>rel</strong></span> <span class='ocrx_word' id='word_1_30' title='bbox 1498 675 1692 760; x_wconf 83' lang='lat' dir='ltr'><strong>Lupicinum</strong></span> <span class='ocrx_word' id='word_1_31' title='bbox 1707 678 1883 740; x_wconf 74' lang='lat' dir='ltr'><strong>nostruml</strong></span> 
     </span>
     <span class='ocr_line' id='line_1_4' title="bbox 203 775 1854 864; baseline 0.001 -22"><span class='ocrx_word' id='word_1_32' title='bbox 203 798 277 842; x_wconf 87' lang='lat' dir='ltr'><strong>esse</strong></span> <span class='ocrx_word' id='word_1_33' title='bbox 300 777 456 860; x_wconf 86' lang='lat' dir='ltr'><strong>significo,</strong></span> <span class='ocrx_word' id='word_1_34' title='bbox 482 775 541 840; x_wconf 93' lang='lat' dir='ltr'><strong>hoc</strong></span> <span class='ocrx_word' id='word_1_35' title='bbox 558 775 598 841; x_wconf 93' lang='lat' dir='ltr'><strong>de</strong></span> <span class='ocrx_word' id='word_1_36' title='bbox 614 777 707 842; x_wconf 84' lang='lat' dir='ltr'><strong>vobis</strong></span> <span class='ocrx_word' id='word_1_37' title='bbox 732 778 868 864; x_wconf 87' lang='lat' dir='ltr'><strong>cupiens</strong></span> <span class='ocrx_word' id='word_1_38' title='bbox 892 791 977 863; x_wconf 87' lang='lat' dir='ltr'><strong>quae</strong></span> <span class='ocrx_word' id='word_1_39' title='bbox 1001 800 1021 842; x_wconf 88' lang='lat' dir='ltr'><strong>a</strong></span> <span class='ocrx_word' id='word_1_40' title='bbox 1044 799 1096 843; x_wconf 92' lang='lat' dir='ltr'><strong>me</strong></span> <span class='ocrx_word' id='word_1_41' title='bbox 1121 783 1198 842; x_wconf 89' lang='lat' dir='ltr'><strong>sunt</strong></span> <span class='ocrx_word' id='word_1_42' title='bbox 1216 783 1390 863; x_wconf 86' lang='lat' dir='ltr'><strong>prorogata</strong></span> <span class='ocrx_word' id='word_1_43' title='bbox 1406 797 1616 862; x_wconf 75' lang='lat' dir='ltr'><strong>cognoscere.</strong></span> <span class='ocrx_word' id='word_1_44' title='bbox 1651 779 1726 843; x_wconf 94' lang='lat' dir='ltr'><strong>nolo</strong></span> <span class='ocrx_word' id='word_1_45' title='bbox 1743 785 1854 844; x_wconf 86' lang='lat' dir='ltr'><strong>tamen</strong></span> 
     </span>
     <span class='ocr_line' id='line_1_5' title="bbox 204 879 1855 967; baseline -0.002 -20"><span class='ocrx_word' id='word_1_46' title='bbox 204 901 314 947; x_wconf 90' lang='lat' dir='ltr'><strong>curam</strong></span> <span class='ocrx_word' id='word_1_47' title='bbox 338 885 481 944; x_wconf 87' lang='lat' dir='ltr'><strong>vestram</strong></span> <span class='ocrx_word' id='word_1_48' title='bbox 507 880 701 963; x_wconf 89' lang='lat' dir='ltr'><strong>sequestrati</strong></span> <span class='ocrx_word' id='word_1_49' title='bbox 725 881 869 966; x_wconf 90' lang='lat' dir='ltr'><strong>pignoris</strong></span> <span class='ocrx_word' id='word_1_50' title='bbox 893 881 982 946; x_wconf 87' lang='lat' dir='ltr'><strong>lasce</strong></span> <span class='ocrx_word' id='word_1_51' title='bbox 1005 880 1208 967; x_wconf 88' lang='lat' dir='ltr'><strong>deprimatis.</strong></span> <span class='ocrx_word' id='word_1_52' title='bbox 1255 879 1380 944; x_wconf 90' lang='lat' dir='ltr'><strong>credite</strong></span> <span class='ocrx_word' id='word_1_53' title='bbox 1404 881 1625 946; x_wconf 86' lang='lat' dir='ltr'><strong>eonscientiae</strong></span> <span class='ocrx_word' id='word_1_54' title='bbox 1648 893 1756 960; x_wconf 87' lang='lat' dir='ltr'><strong>meae,</strong></span> <span class='ocrx_word' id='word_1_55' title='bbox 1783 881 1855 966; x_wconf 90' lang='lat' dir='ltr'><strong>plus</strong></span> 
     </span>
     <span class='ocr_line' id='line_1_6' title="bbox 202 981 1855 1070; baseline -0.001 -21"><span class='ocrx_word' id='word_1_56' title='bbox 202 985 249 1049; x_wconf 93' lang='lat' dir='ltr'><strong>illi</strong></span> <span class='ocrx_word' id='word_1_57' title='bbox 275 1004 335 1070; x_wconf 91' lang='lat' dir='ltr'><strong>per</strong></span> <span class='ocrx_word' id='word_1_58' title='bbox 363 981 505 1046; x_wconf 88' lang='lat' dir='ltr'><strong>studium</strong></span> <span class='ocrx_word' id='word_1_59' title='bbox 536 981 642 1046; x_wconf 80' lang='lat' dir='ltr'>debeo</span> <span class='ocrx_word' id='word_1_60' title='bbox 672 1003 768 1067; x_wconf 92' lang='lat' dir='ltr'><strong>quam</strong></span> <span class='ocrx_word' id='word_1_61' title='bbox 795 984 869 1069; x_wconf 90' lang='lat' dir='ltr'><strong>ipsa</strong></span> <span class='ocrx_word' id='word_1_62' title='bbox 897 981 1054 1048; x_wconf 85' lang='lat' dir='ltr'><strong>exhibere</strong></span> <span class='ocrx_word' id='word_1_63' title='bbox 1083 988 1212 1068; x_wconf 86' lang='lat' dir='ltr'><strong>poteras</strong></span> <span class='ocrx_word' id='word_1_64' title='bbox 1241 1001 1299 1068; x_wconf 91' lang='lat' dir='ltr'><strong>per</strong></span> <span class='ocrx_word' id='word_1_65' title='bbox 1328 988 1488 1049; x_wconf 89' lang='lat' dir='ltr'><strong>naturam.</strong></span> <span class='ocrx_word' id='word_1_66' title='bbox 1533 984 1658 1048; x_wconf 89' lang='lat' dir='ltr'><strong>utinam</strong></span> <span class='ocrx_word' id='word_1_67' title='bbox 1688 985 1855 1069; x_wconf 80' lang='lat' dir='ltr'><strong>ingenium</strong></span> 
     </span>
     <span class='ocr_line' id='line_1_7' title="bbox 202 1083 1854 1172; baseline 0 -22"><span class='ocrx_word' id='word_1_68' title='bbox 202 1087 289 1151; x_wconf 90' lang='lat' dir='ltr'><strong>illius</strong></span> <span class='ocrx_word' id='word_1_69' title='bbox 313 1085 474 1151; x_wconf 85' lang='lat' dir='ltr'><strong>beneficia</strong></span> <span class='ocrx_word' id='word_1_70' title='bbox 497 1105 639 1171; x_wconf 89' lang='lat' dir='ltr'><strong>superna</strong></span> <span class='ocrx_word' id='word_1_71' title='bbox 661 1086 846 1150; x_wconf 86' lang='lat' dir='ltr'><strong>meliorent!</strong></span> <span class='ocrx_word' id='word_1_72' title='bbox 882 1107 960 1151; x_wconf 84' lang='lat' dir='ltr'><strong>vere</strong></span> <span class='ocrx_word' id='word_1_73' title='bbox 976 1085 1059 1164; x_wconf 89' lang='lat' dir='ltr'><strong>dico,</strong></span> <span class='ocrx_word' id='word_1_74' title='bbox 1080 1084 1171 1148; x_wconf 86' lang='lat' dir='ltr'><strong>vobis</strong></span> <span class='ocrx_word' id='word_1_75' title='bbox 1188 1083 1229 1148; x_wconf 93' lang='lat' dir='ltr'><strong>ad</strong></span> <span class='ocrx_word' id='word_1_76' title='bbox 1244 1083 1394 1170; x_wconf 89' lang='lat' dir='ltr'><strong>longiora</strong></span> <span class='ocrx_word' id='word_1_77' title='bbox 1410 1084 1669 1170; x_wconf 81' lang='lat' dir='ltr'><strong>digredientibus</strong></span> <span class='ocrx_word' id='word_1_78' title='bbox 1684 1088 1854 1172; x_wconf 88' lang='lat' dir='ltr'><strong>utriusque</strong></span> 
     </span>
     <span class='ocr_line' id='line_1_8' title="bbox 203 1187 1855 1276; baseline -0.001 -22"><span class='ocrx_word' id='word_1_79' title='bbox 203 1189 349 1276; x_wconf 87' lang='lat' dir='ltr'><strong>parentis</strong></span> <span class='ocrx_word' id='word_1_80' title='bbox 372 1187 558 1252; x_wconf 88' lang='lat' dir='ltr'><strong>sollicitudo</strong></span> <span class='ocrx_word' id='word_1_81' title='bbox 581 1209 633 1252; x_wconf 93' lang='lat' dir='ltr'><strong>me</strong></span> <span class='ocrx_word' id='word_1_82' title='bbox 656 1188 801 1274; x_wconf 90' lang='lat' dir='ltr'><strong>respicit,</strong></span> <span class='ocrx_word' id='word_1_83' title='bbox 825 1210 922 1274; x_wconf 87' lang='lat' dir='ltr'><strong>quam</strong></span> <span class='ocrx_word' id='word_1_84' title='bbox 945 1189 1111 1275; x_wconf 91' lang='lat' dir='ltr'><strong>potuimus</strong></span> <span class='ocrx_word' id='word_1_85' title='bbox 1134 1189 1166 1251; x_wconf 96' lang='lat' dir='ltr'><strong>in</strong></span> <span class='ocrx_word' id='word_1_86' title='bbox 1189 1208 1289 1251; x_wconf 92' lang='lat' dir='ltr'><strong>unum</strong></span> <span class='ocrx_word' id='word_1_87' title='bbox 1312 1188 1408 1272; x_wconf 90' lang='lat' dir='ltr'><strong>positi</strong></span> <span class='ocrx_word' id='word_1_88' title='bbox 1432 1208 1505 1252; x_wconf 90' lang='lat' dir='ltr'><strong>cum</strong></span> <span class='ocrx_word' id='word_1_89' title='bbox 1529 1189 1707 1254; x_wconf 76' lang='lat' dir='ltr'><strong>ambitione</strong></span> <span class='ocrx_word' id='word_1_90' title='bbox 1730 1189 1855 1275; x_wconf 85' lang='lat' dir='ltr'><strong>partiri.</strong></span> 
     </span>
     <span class='ocr_line' id='line_1_9' title="bbox 203 1291 1885 1378; baseline 0 -22"><span class='ocrx_word' id='word_1_91' title='bbox 203 1292 335 1357; x_wconf 91' lang='lat' dir='ltr'><strong>domina</strong></span> <span class='ocrx_word' id='word_1_92' title='bbox 368 1291 430 1369; x_wconf 90' lang='lat' dir='ltr'><strong>mi,</strong></span> <span class='ocrx_word' id='word_1_93' title='bbox 465 1291 693 1356; x_wconf 89' lang='lat' dir='ltr'><strong>salutationem</strong></span> <span class='ocrx_word' id='word_1_94' title='bbox 729 1292 952 1378; x_wconf 87' lang='lat' dir='ltr'><strong>plenissimam</strong></span> <span class='ocrx_word' id='word_1_95' title='bbox 983 1291 1098 1356; x_wconf 90' lang='lat' dir='ltr'><strong>dicens</strong></span> <span class='ocrx_word' id='word_1_96' title='bbox 1133 1310 1262 1376; x_wconf 87' lang='lat' dir='ltr'><strong>precor,</strong></span> <span class='ocrx_word' id='word_1_97' title='bbox 1299 1297 1335 1354; x_wconf 93' lang='lat' dir='ltr'><strong>ut</strong></span> <span class='ocrx_word' id='word_1_98' title='bbox 1368 1297 1496 1355; x_wconf 90' lang='lat' dir='ltr'><strong>tantum</strong></span> <span class='ocrx_word' id='word_1_99' title='bbox 1530 1291 1607 1356; x_wconf 86' lang='lat' dir='ltr'><strong>milri</strong></span> <span class='ocrx_word' id='word_1_100' title='bbox 1642 1293 1787 1356; x_wconf 85' lang='lat' dir='ltr'><strong>caritatis</strong></span> <span class='ocrx_word' id='word_1_101' title='bbox 1821 1295 1885 1356; x_wconf 85' lang='lat' dir='ltr'><strong>et3</strong></span> 
     </span>
     <span class='ocr_line' id='line_1_10' title="bbox 204 1393 1855 1482; baseline 0 -22"><span class='ocrx_word' id='word_1_102' title='bbox 204 1395 361 1460; x_wconf 85' lang='lat' dir='ltr'><strong>orationis</strong></span> <span class='ocrx_word' id='word_1_103' title='bbox 384 1395 576 1479; x_wconf 82' lang='lat' dir='ltr'><strong>suffragium</strong></span> <span class='ocrx_word' id='word_1_104' title='bbox 600 1394 797 1476; x_wconf 90' lang='lat' dir='ltr'><strong>concedatis,</strong></span> <span class='ocrx_word' id='word_1_105' title='bbox 821 1403 979 1482; x_wconf 89' lang='lat' dir='ltr'><strong>quantum</strong></span> <span class='ocrx_word' id='word_1_106' title='bbox 1003 1417 1055 1460; x_wconf 89' lang='lat' dir='ltr'><strong>me</strong></span> <span class='ocrx_word' id='word_1_107' title='bbox 1079 1394 1120 1459; x_wconf 84' lang='lat' dir='ltr'><strong>ad</strong></span> <span class='ocrx_word' id='word_1_108' title='bbox 1145 1393 1297 1458; x_wconf 89' lang='lat' dir='ltr'><strong>desiderii</strong></span> <span class='ocrx_word' id='word_1_109' title='bbox 1320 1397 1420 1460; x_wconf 83' lang='lat' dir='ltr'><strong>vestri</strong></span> <span class='ocrx_word' id='word_1_110' title='bbox 1444 1397 1596 1462; x_wconf 78' lang='lat' dir='ltr'><strong>ellectum</strong></span> <span class='ocrx_word' id='word_1_111' title='bbox 1620 1396 1754 1462; x_wconf 90' lang='lat' dir='ltr'><strong>tendere</strong></span> <span class='ocrx_word' id='word_1_112' title='bbox 1778 1417 1855 1460; x_wconf 92' lang='lat' dir='ltr'><strong>con-</strong></span> 
     </span>
     <span class='ocr_line' id='line_1_11' title="bbox 205 1497 378 1586; baseline 0 -24"><span class='ocrx_word' id='word_1_113' title='bbox 205 1497 378 1586; x_wconf 90' lang='lat' dir='ltr'><strong>probastis.</strong></span> 
     </span>
    </p>
   </div>
   <div class='ocr_carea' id='block_1_3' title="bbox 790 1735 1274 2008">
    <p class='ocr_par' dir='ltr' id='par_1_3' title="bbox 790 1735 1274 2008">
     <span class='ocr_line' id='line_1_12' title="bbox 819 1735 1238 1824; baseline 0 -20"><span class='ocrx_word' id='word_1_114' title='bbox 819 1735 982 1806; x_wconf 81' lang='lat' dir='ltr'><strong>ucxulv</strong></span> <span class='ocrx_word' id='word_1_115' title='bbox 1003 1738 1112 1824; x_wconf 67' lang='lat' dir='ltr'><strong>(rerer.</strong></span> <span class='ocrx_word' id='word_1_116' title='bbox 1125 1741 1155 1818; x_wconf 91' lang='grc'><strong>6,</strong></span> <span class='ocrx_word' id='word_1_117' title='bbox 1172 1738 1238 1822; x_wconf 81' lang='grc'>27).</span> 
     </span>
     <span class='ocr_line' id='line_1_13' title="bbox 790 1931 1274 2008; baseline -0.002 0"><span class='ocrx_word' id='word_1_118' title='bbox 790 1933 1026 2008; x_wconf 82' lang='lat' dir='ltr'><strong>ENNODIVS</strong></span> <span class='ocrx_word' id='word_1_119' title='bbox 1053 1931 1274 2008; x_wconf 81' lang='lat' dir='ltr'><strong>SENARIO.</strong></span> 
     </span>
    </p>
   </div>
   <div class='ocr_carea' id='block_1_4' title="bbox 141 2081 1890 2924">
    <p class='ocr_par' dir='ltr' id='par_1_4' title="bbox 203 2081 1884 2403">
     <span class='ocr_line' id='line_1_14' title="bbox 324 2081 1884 2196; baseline 0 -20"><span class='ocrx_word' id='word_1_120' title='bbox 324 2081 422 2178; x_wconf 78' lang='lat' dir='ltr'><strong>Vber</strong></span> <span class='ocrx_word' id='word_1_121' title='bbox 456 2112 688 2178; x_wconf 87' lang='lat' dir='ltr'><strong>conscientiam</strong></span> <span class='ocrx_word' id='word_1_122' title='bbox 722 2116 862 2176; x_wconf 84' lang='lat' dir='ltr'><strong>vestram</strong></span> <span class='ocrx_word' id='word_1_123' title='bbox 894 2129 952 2196; x_wconf 87' lang='lat' dir='ltr'><strong>pro</strong></span> <span class='ocrx_word' id='word_1_124' title='bbox 988 2128 1130 2194; x_wconf 88' lang='lat' dir='ltr'><strong>superna</strong></span> <span class='ocrx_word' id='word_1_125' title='bbox 1165 2107 1410 2196; x_wconf 75' lang='lat' dir='ltr'><strong>dispensatione</strong></span> <span class='ocrx_word' id='word_1_126' title='bbox 1442 2108 1634 2174; x_wconf 84' lang='lat' dir='ltr'><strong>vicissitudo</strong></span> <span class='ocrx_word' id='word_1_127' title='bbox 1667 2110 1884 2186; x_wconf 88' lang='lat' dir='ltr'><strong>comitetur;t</strong></span> 
     </span>
     <span class='ocr_line' id='line_1_15' title="bbox 203 2211 1856 2305; baseline -0.004 -23"><span class='ocrx_word' id='word_1_128' title='bbox 203 2217 319 2282; x_wconf 87' lang='lat' dir='ltr'><strong>reddat</strong></span> <span class='ocrx_word' id='word_1_129' title='bbox 348 2237 406 2305; x_wconf 91' lang='lat' dir='ltr'><strong>pro</strong></span> <span class='ocrx_word' id='word_1_130' title='bbox 437 2217 598 2303; x_wconf 82' lang='lat' dir='ltr'><strong>parvitate</strong></span> <span class='ocrx_word' id='word_1_131' title='bbox 629 2235 703 2278; x_wconf 87' lang='lat' dir='ltr'><strong>mea</strong></span> <span class='ocrx_word' id='word_1_132' title='bbox 733 2213 928 2292; x_wconf 90' lang='lat' dir='ltr'><strong>altissimus,</strong></span> <span class='ocrx_word' id='word_1_133' title='bbox 960 2211 1045 2296; x_wconf 91' lang='lat' dir='ltr'><strong>quod</strong></span> <span class='ocrx_word' id='word_1_134' title='bbox 1077 2212 1225 2296; x_wconf 87' lang='lat' dir='ltr'><strong>agnoscit</strong></span> <span class='ocrx_word' id='word_1_135' title='bbox 1247 2233 1267 2276; x_wconf 92' lang='lat' dir='ltr'><strong>a</strong></span> <span class='ocrx_word' id='word_1_136' title='bbox 1289 2211 1396 2292; x_wconf 84' lang='lat' dir='ltr'><strong>vobis,</strong></span> <span class='ocrx_word' id='word_1_137' title='bbox 1431 2213 1485 2298; x_wconf 93' lang='lat' dir='ltr'><strong>qui</strong></span> <span class='ocrx_word' id='word_1_138' title='bbox 1509 2233 1641 2298; x_wconf 84' lang='lat' dir='ltr'><strong>semper</strong></span> <span class='ocrx_word' id='word_1_139' title='bbox 1670 2214 1856 2279; x_wconf 86' lang='lat' dir='ltr'><strong>amantibus</strong></span> 
     </span>
     <span class='ocr_line' id='line_1_16' title="bbox 204 2315 1856 2403; baseline -0.001 -19"><span class='ocrx_word' id='word_1_140' title='bbox 204 2321 317 2386; x_wconf 87' lang='lat' dir='ltr'><strong>fideles</strong></span> <span class='ocrx_word' id='word_1_141' title='bbox 341 2320 506 2399; x_wconf 83' lang='lat' dir='ltr'><strong>extitistis,</strong></span> <span class='ocrx_word' id='word_1_142' title='bbox 530 2318 631 2383; x_wconf 89' lang='lat' dir='ltr'><strong>luisse</strong></span> <span class='ocrx_word' id='word_1_143' title='bbox 649 2317 824 2381; x_wconf 89' lang='lat' dir='ltr'><strong>conlatum.</strong></span> <span class='ocrx_word' id='word_1_144' title='bbox 858 2321 968 2380; x_wconf 90' lang='lat' dir='ltr'><strong>certus</strong></span> <span class='ocrx_word' id='word_1_145' title='bbox 988 2320 1100 2400; x_wconf 89' lang='lat' dir='ltr'><strong>portus</strong></span> <span class='ocrx_word' id='word_1_146' title='bbox 1117 2322 1168 2380; x_wconf 90' lang='lat' dir='ltr'><strong>est</strong></span> <span class='ocrx_word' id='word_1_147' title='bbox 1184 2315 1327 2403; x_wconf 90' lang='lat' dir='ltr'><strong>pectoris</strong></span> <span class='ocrx_word' id='word_1_148' title='bbox 1343 2316 1443 2380; x_wconf 84' lang='lat' dir='ltr'><strong>vestri</strong></span> <span class='ocrx_word' id='word_1_149' title='bbox 1460 2315 1625 2382; x_wconf 87' lang='lat' dir='ltr'><strong>invenisse</strong></span> <span class='ocrx_word' id='word_1_150' title='bbox 1642 2315 1856 2403; x_wconf 87' lang='lat' dir='ltr'><strong>diligentiam.</strong></span> 
     </span>
    </p>

    <p class='ocr_par' dir='ltr' id='par_1_5' title="bbox 141 2419 1890 2820">
     <span class='ocr_line' id='line_1_17' title="bbox 141 2419 1857 2508; baseline -0.006 -16"><span class='ocrx_word' id='word_1_151' title='bbox 141 2481 145 2492; x_wconf 93' lang='lat'><strong>.</strong></span> <span class='ocrx_word' id='word_1_152' title='bbox 206 2427 285 2489; x_wconf 88' lang='lat' dir='ltr'><strong>estis</strong></span> <span class='ocrx_word' id='word_1_153' title='bbox 302 2425 364 2490; x_wconf 87' lang='lat' dir='ltr'><strong>hac</strong></span> <span class='ocrx_word' id='word_1_154' title='bbox 380 2424 629 2490; x_wconf 86' lang='lat' dir='ltr'><strong>conversatione</strong></span> <span class='ocrx_word' id='word_1_155' title='bbox 652 2421 804 2508; x_wconf 90' lang='lat' dir='ltr'><strong>praediti,</strong></span> <span class='ocrx_word' id='word_1_156' title='bbox 829 2426 864 2484; x_wconf 93' lang='lat' dir='ltr'><strong>ut</strong></span> <span class='ocrx_word' id='word_1_157' title='bbox 885 2420 1063 2484; x_wconf 90' lang='lat' dir='ltr'><strong>amicorum</strong></span> <span class='ocrx_word' id='word_1_158' title='bbox 1081 2441 1172 2506; x_wconf 89' lang='lat' dir='ltr'><strong>spem</strong></span> <span class='ocrx_word' id='word_1_159' title='bbox 1188 2420 1340 2485; x_wconf 82' lang='lat' dir='ltr'><strong>beneficii</strong></span> <span class='ocrx_word' id='word_1_160' title='bbox 1359 2419 1543 2484; x_wconf 90' lang='lat' dir='ltr'><strong>conlatione</strong></span> <span class='ocrx_word' id='word_1_161' title='bbox 1560 2420 1708 2486; x_wconf 84' lang='lat' dir='ltr'><strong>vincatis.</strong></span> <span class='ocrx_word' id='word_1_162' title='bbox 1740 2438 1857 2483; x_wconf 91' lang='lat' dir='ltr'><strong>secun·</strong></span> 
     </span>
     <span class='ocr_line' id='line_1_18' title="bbox 205 2522 1857 2612; baseline -0.003 -20"><span class='ocrx_word' id='word_1_163' title='bbox 205 2528 279 2592; x_wconf 89' lang='lat' dir='ltr'><strong>dam</strong></span> <span class='ocrx_word' id='word_1_164' title='bbox 297 2528 550 2594; x_wconf 90' lang='lat' dir='ltr'><strong>admonitionem</strong></span> <span class='ocrx_word' id='word_1_165' title='bbox 563 2525 726 2605; x_wconf 89' lang='lat' dir='ltr'><strong>desidero,</strong></span> <span class='ocrx_word' id='word_1_166' title='bbox 743 2531 779 2589; x_wconf 91' lang='lat' dir='ltr'><strong>ut</strong></span> <span class='ocrx_word' id='word_1_167' title='bbox 794 2525 973 2589; x_wconf 86' lang='lat' dir='ltr'><strong>iniunctum</strong></span> <span class='ocrx_word' id='word_1_168' title='bbox 992 2523 1054 2587; x_wconf 88' lang='lat' dir='ltr'><strong>iter</strong></span> <span class='ocrx_word' id='word_1_169' title='bbox 1069 2523 1238 2612; x_wconf 88' lang='lat' dir='ltr'><strong>adripiam.</strong></span> <span class='ocrx_word' id='word_1_170' title='bbox 1262 2523 1339 2588; x_wconf 89' lang='lat' dir='ltr'><strong>date</strong></span> <span class='ocrx_word' id='word_1_171' title='bbox 1356 2524 1483 2588; x_wconf 86' lang='lat' dir='ltr'><strong>felicem</strong></span> <span class='ocrx_word' id='word_1_172' title='bbox 1499 2522 1670 2588; x_wconf 88' lang='lat' dir='ltr'><strong>dexteram</strong></span> <span class='ocrx_word' id='word_1_173' title='bbox 1683 2523 1857 2588; x_wconf 82' lang='lat' dir='ltr'><strong>humilitati</strong></span> 
     </span>
     <span class='ocr_line' id='line_1_19' title="bbox 205 2625 1890 2718; baseline -0.004 -22"><span class='ocrx_word' id='word_1_174' title='bbox 205 2653 297 2696; x_wconf 87' lang='lat' dir='ltr'><strong>mese</strong></span> <span class='ocrx_word' id='word_1_175' title='bbox 322 2639 355 2696; x_wconf 91' lang='lat' dir='ltr'><strong>et</strong></span> <span class='ocrx_word' id='word_1_176' title='bbox 378 2652 535 2718; x_wconf 89' lang='lat' dir='ltr'><strong>prospera</strong></span> <span class='ocrx_word' id='word_1_177' title='bbox 557 2650 686 2694; x_wconf 91' lang='lat' dir='ltr'><strong>mecum</strong></span> <span class='ocrx_word' id='word_1_178' title='bbox 702 2636 811 2693; x_wconf 84' lang='lat' dir='ltr'><strong>vestra</strong></span> <span class='ocrx_word' id='word_1_179' title='bbox 826 2627 972 2692; x_wconf 86' lang='lat' dir='ltr'><strong>dividite.</strong></span> <span class='ocrx_word' id='word_1_180' title='bbox 1007 2625 1136 2691; x_wconf 90' lang='lat' dir='ltr'><strong>domine</strong></span> <span class='ocrx_word' id='word_1_181' title='bbox 1154 2627 1208 2706; x_wconf 94' lang='lat' dir='ltr'><strong>mi,</strong></span> <span class='ocrx_word' id='word_1_182' title='bbox 1230 2627 1437 2692; x_wconf 80' lang='lat' dir='ltr'><strong>salutationis</strong></span> <span class='ocrx_word' id='word_1_183' title='bbox 1461 2627 1620 2713; x_wconf 88' lang='lat' dir='ltr'><strong>obsequia</strong></span> <span class='ocrx_word' id='word_1_184' title='bbox 1642 2628 1890 2712; x_wconf 82' lang='lat' dir='ltr'><strong>praesentans2</strong></span> 
     </span>
     <span class='ocr_line' id='line_1_20' title="bbox 206 2729 1859 2820; baseline -0.004 -23"><span class='ocrx_word' id='word_1_185' title='bbox 206 2755 340 2820; x_wconf 90' lang='lat' dir='ltr'><strong>quaeso,</strong></span> <span class='ocrx_word' id='word_1_186' title='bbox 362 2741 398 2798; x_wconf 92' lang='lat' dir='ltr'><strong>ut</strong></span> <span class='ocrx_word' id='word_1_187' title='bbox 419 2734 446 2800; x_wconf 92' lang='lat' dir='ltr'><strong>si</strong></span> <span class='ocrx_word' id='word_1_188' title='bbox 469 2754 576 2798; x_wconf 89' lang='lat' dir='ltr'><strong>rerum</strong></span> <span class='ocrx_word' id='word_1_189' title='bbox 594 2733 744 2796; x_wconf 91' lang='lat' dir='ltr'><strong>dominus</strong></span> <span class='ocrx_word' id='word_1_190' title='bbox 760 2731 847 2817; x_wconf 88' lang='lat' dir='ltr'><strong>apud</strong></span> <span class='ocrx_word' id='word_1_191' title='bbox 862 2731 1055 2796; x_wconf 81' lang='lat' dir='ltr'><strong>Ravennam</strong></span> <span class='ocrx_word' id='word_1_192' title='bbox 1070 2731 1211 2795; x_wconf 86' lang='lat' dir='ltr'><strong>feliciter</strong></span> <span class='ocrx_word' id='word_1_193' title='bbox 1227 2729 1491 2812; x_wconf 83' lang='lat' dir='ltr'><strong>commorabitur,</strong></span> <span class='ocrx_word' id='word_1_194' title='bbox 1514 2729 1673 2808; x_wconf 90' lang='lat' dir='ltr'><strong>indicetis,</strong></span> <span class='ocrx_word' id='word_1_195' title='bbox 1697 2734 1859 2815; x_wconf 84' lang='lat' dir='ltr'><strong>quatenus</strong></span> 
     </span>
    </p>

    <p class='ocr_par' dir='ltr' id='par_1_6' title="bbox 164 2834 988 2924">
     <span class='ocr_line' id='line_1_21' title="bbox 164 2834 988 2924; baseline -0.005 -24"><span class='ocrx_word' id='word_1_196' title='bbox 164 2919 166 2924; x_wconf 23' lang='grc' dir='ltr'>Ι</span> <span class='ocrx_word' id='word_1_197' title='bbox 207 2838 277 2900; x_wconf 85' lang='lat' dir='ltr'><strong>sine</strong></span> <span class='ocrx_word' id='word_1_198' title='bbox 301 2837 454 2921; x_wconf 89' lang='lat' dir='ltr'><strong>ambiguo</strong></span> <span class='ocrx_word' id='word_1_199' title='bbox 477 2843 654 2922; x_wconf 87' lang='lat' dir='ltr'><strong>praecepta</strong></span> <span class='ocrx_word' id='word_1_200' title='bbox 679 2841 789 2900; x_wconf 89' lang='lat' dir='ltr'><strong>vestra</strong></span> <span class='ocrx_word' id='word_1_201' title='bbox 810 2834 988 2921; x_wconf 90' lang='lat' dir='ltr'><strong>perficiam.</strong></span> 
     </span>
    </p>
   </div>
   <div class='ocr_carea' id='block_1_5' title="bbox 772 3144 1292 3432">
    <p class='ocr_par' dir='ltr' id='par_1_7' title="bbox 772 3144 1292 3432">
     <span class='ocr_line' id='line_1_22' title="bbox 800 3144 1235 3247; baseline 0 -19"><span class='ocrx_word' id='word_1_202' title='bbox 800 3144 801 3147; x_wconf 9' lang='grc' dir='ltr'><strong>Ἴ</strong></span> <span class='ocrx_word' id='word_1_203' title='bbox 829 3158 970 3230; x_wconf 75' lang='lat' dir='ltr'><strong>(lGXOV</strong></span> <span class='ocrx_word' id='word_1_204' title='bbox 992 3161 1103 3247; x_wconf 77' lang='lat' dir='ltr'><strong>(cerer.</strong></span> <span class='ocrx_word' id='word_1_205' title='bbox 1119 3163 1150 3242; x_wconf 89' lang='grc'><strong>6,</strong></span> <span class='ocrx_word' id='word_1_206' title='bbox 1168 3160 1235 3247; x_wconf 81' lang='lat'><strong>28).</strong></span> 
     </span>
     <span class='ocr_line' id='line_1_23' title="bbox 772 3355 1292 3432; baseline 0.004 -2"><span class='ocrx_word' id='word_1_207' title='bbox 772 3356 1010 3432; x_wconf 84' lang='lat' dir='ltr'>ENNODIVS</span> <span class='ocrx_word' id='word_1_208' title='bbox 1038 3355 1292 3432; x_wconf 80' lang='lat' dir='ltr'><strong>GVDILEVO.</strong></span> 
     </span>
    </p>
   </div>
   <div class='ocr_carea' id='block_1_6' title="bbox 205 3505 1893 4248">
    <p class='ocr_par' dir='ltr' id='par_1_8' title="bbox 205 3505 1893 4248">
     <span class='ocr_line' id='line_1_24' title="bbox 327 3505 1887 3622; baseline -0.005 -20"><span class='ocrx_word' id='word_1_209' title='bbox 327 3505 454 3603; x_wconf 78' lang='lat' dir='ltr'><strong>Solent</strong></span> <span class='ocrx_word' id='word_1_210' title='bbox 477 3535 595 3622; x_wconf 90' lang='lat' dir='ltr'><strong>quibus</strong></span> <span class='ocrx_word' id='word_1_211' title='bbox 618 3531 757 3600; x_wconf 80' lang='lat' dir='ltr'><strong>felicitas</strong></span> <span class='ocrx_word' id='word_1_212' title='bbox 780 3538 813 3598; x_wconf 92' lang='lat' dir='ltr'><strong>et</strong></span> <span class='ocrx_word' id='word_1_213' title='bbox 836 3533 985 3619; x_wconf 90' lang='lat' dir='ltr'><strong>potentia</strong></span> <span class='ocrx_word' id='word_1_214' title='bbox 1014 3533 1076 3599; x_wconf 93' lang='lat' dir='ltr'><strong>deo</strong></span> <span class='ocrx_word' id='word_1_215' title='bbox 1105 3533 1276 3600; x_wconf 86' lang='lat' dir='ltr'><strong>ordinante</strong></span> <span class='ocrx_word' id='word_1_216' title='bbox 1306 3531 1499 3598; x_wconf 88' lang='lat' dir='ltr'><strong>conceditur</strong></span> <span class='ocrx_word' id='word_1_217' title='bbox 1528 3531 1668 3596; x_wconf 91' lang='lat' dir='ltr'><strong>humiles</strong></span> <span class='ocrx_word' id='word_1_218' title='bbox 1697 3529 1887 3600; x_wconf 80' lang='lat' dir='ltr'><strong>consolarit</strong></span> 
     </span>
     <span class='ocr_line' id='line_1_25' title="bbox 208 3627 1858 3725; baseline -0.005 -20"><span class='ocrx_word' id='word_1_219' title='bbox 208 3641 316 3706; x_wconf 86' lang='lat' dir='ltr'><strong>officio</strong></span> <span class='ocrx_word' id='word_1_220' title='bbox 339 3641 522 3706; x_wconf 86' lang='lat' dir='ltr'><strong>litterarum</strong></span> <span class='ocrx_word' id='word_1_221' title='bbox 546 3645 579 3703; x_wconf 90' lang='lat' dir='ltr'><strong>et</strong></span> <span class='ocrx_word' id='word_1_222' title='bbox 601 3657 758 3725; x_wconf 88' lang='lat' dir='ltr'><strong>prospera</strong></span> <span class='ocrx_word' id='word_1_223' title='bbox 782 3657 842 3702; x_wconf 89' lang='lat' dir='ltr'><strong>sua</strong></span> <span class='ocrx_word' id='word_1_224' title='bbox 864 3638 1056 3724; x_wconf 83' lang='lat' dir='ltr'><strong>paginarum</strong></span> <span class='ocrx_word' id='word_1_225' title='bbox 1075 3636 1336 3724; x_wconf 85' lang='lat' dir='ltr'><strong>promulgatione</strong></span> <span class='ocrx_word' id='word_1_226' title='bbox 1353 3627 1478 3722; x_wconf 82' lang='lat' dir='ltr'><strong>partiri.</strong></span> <span class='ocrx_word' id='word_1_227' title='bbox 1514 3657 1576 3722; x_wconf 92' lang='lat' dir='ltr'><strong>ego</strong></span> <span class='ocrx_word' id='word_1_228' title='bbox 1593 3636 1695 3700; x_wconf 88' lang='lat' dir='ltr'><strong>multo</strong></span> <span class='ocrx_word' id='word_1_229' title='bbox 1711 3640 1858 3721; x_wconf 88' lang='lat' dir='ltr'><strong>ternpore</strong></span> 
     </span>
     <span class='ocr_line' id='line_1_26' title="bbox 207 3735 1858 3831; baseline -0.007 -19"><span class='ocrx_word' id='word_1_230' title='bbox 207 3755 244 3812; x_wconf 92' lang='lat' dir='ltr'><strong>ut</strong></span> <span class='ocrx_word' id='word_1_231' title='bbox 272 3747 324 3812; x_wconf 88' lang='lat' dir='ltr'><strong>bis</strong></span> <span class='ocrx_word' id='word_1_232' title='bbox 353 3747 544 3814; x_wconf 84' lang='lat' dir='ltr'><strong>sublevarer</strong></span> <span class='ocrx_word' id='word_1_233' title='bbox 572 3745 689 3810; x_wconf 89' lang='lat' dir='ltr'><strong>muniis</strong></span> <span class='ocrx_word' id='word_1_234' title='bbox 719 3745 908 3831; x_wconf 84' lang='lat' dir='ltr'><strong>expectavi,</strong></span> <span class='ocrx_word' id='word_1_235' title='bbox 938 3743 996 3810; x_wconf 88' lang='lat' dir='ltr'><strong>sed</strong></span> <span class='ocrx_word' id='word_1_236' title='bbox 1026 3743 1233 3809; x_wconf 86' lang='lat' dir='ltr'><strong>cessantibus</strong></span> <span class='ocrx_word' id='word_1_237' title='bbox 1263 3742 1356 3807; x_wconf 84' lang='lat' dir='ltr'><strong>vobis</strong></span> <span class='ocrx_word' id='word_1_238' title='bbox 1384 3739 1608 3808; x_wconf 87' lang='lat' dir='ltr'><strong>necessarium</strong></span> <span class='ocrx_word' id='word_1_239' title='bbox 1639 3735 1761 3802; x_wconf 90' lang='lat' dir='ltr'><strong>credidi</strong></span> <span class='ocrx_word' id='word_1_240' title='bbox 1793 3757 1858 3801; x_wconf 94' lang='lat' dir='ltr'><strong>non</strong></span> 
     </span>
     <span class='ocr_line' id='line_1_27' title="bbox 205 3839 1858 3936; baseline -0.008 -21"><span class='ocrx_word' id='word_1_241' title='bbox 205 3856 330 3930; x_wconf 88' lang='lat' dir='ltr'><strong>tacere,</strong></span> <span class='ocrx_word' id='word_1_242' title='bbox 353 3856 390 3916; x_wconf 91' lang='lat' dir='ltr'><strong>ut</strong></span> <span class='ocrx_word' id='word_1_243' title='bbox 413 3849 499 3936; x_wconf 93' lang='lat' dir='ltr'><strong>quod</strong></span> <span class='ocrx_word' id='word_1_244' title='bbox 523 3869 615 3914; x_wconf 90' lang='lat' dir='ltr'><strong>arnor</strong></span> <span class='ocrx_word' id='word_1_245' title='bbox 637 3870 701 3914; x_wconf 94' lang='lat' dir='ltr'><strong>non</strong></span> <span class='ocrx_word' id='word_1_246' title='bbox 725 3849 843 3934; x_wconf 85' lang='lat' dir='ltr'><strong>exigit,</strong></span> <span class='ocrx_word' id='word_1_247' title='bbox 877 3849 970 3913; x_wconf 87' lang='lat' dir='ltr'><strong>iuxta</strong></span> <span class='ocrx_word' id='word_1_248' title='bbox 993 3847 1220 3934; x_wconf 84' lang='lat' dir='ltr'><strong>evangelicam</strong></span> <span class='ocrx_word' id='word_1_249' title='bbox 1245 3847 1419 3911; x_wconf 90' lang='lat' dir='ltr'><strong>lectionem</strong></span> <span class='ocrx_word' id='word_1_250' title='bbox 1442 3850 1608 3909; x_wconf 90' lang='lat' dir='ltr'><strong>mereatur</strong></span> <span class='ocrx_word' id='word_1_251' title='bbox 1630 3839 1858 3927; x_wconf 90' lang='lat' dir='ltr'><strong>inportunitas.</strong></span> 
     </span>
     <span class='ocr_line' id='line_1_28' title="bbox 206 3947 1893 4040; baseline -0.007 -22"><span class='ocrx_word' id='word_1_252' title='bbox 206 3954 336 4020; x_wconf 89' lang='lat' dir='ltr'><strong>domine</strong></span> <span class='ocrx_word' id='word_1_253' title='bbox 360 3955 414 4036; x_wconf 90' lang='lat' dir='ltr'><strong>mi,</strong></span> <span class='ocrx_word' id='word_1_254' title='bbox 437 3954 668 4020; x_wconf 89' lang='lat' dir='ltr'><strong>salutationem</strong></span> <span class='ocrx_word' id='word_1_255' title='bbox 691 3953 915 4040; x_wconf 87' lang='lat' dir='ltr'><strong>plenissimam</strong></span> <span class='ocrx_word' id='word_1_256' title='bbox 939 3951 1053 4017; x_wconf 89' lang='lat' dir='ltr'><strong>dicens</strong></span> <span class='ocrx_word' id='word_1_257' title='bbox 1076 3972 1210 4038; x_wconf 92' lang='lat' dir='ltr'><strong>quaeso,</strong></span> <span class='ocrx_word' id='word_1_258' title='bbox 1233 3957 1269 4014; x_wconf 92' lang='lat' dir='ltr'><strong>ut</strong></span> <span class='ocrx_word' id='word_1_259' title='bbox 1284 3970 1336 4015; x_wconf 92' lang='lat' dir='ltr'><strong>me</strong></span> <span class='ocrx_word' id='word_1_260' title='bbox 1353 3950 1522 4035; x_wconf 85' lang='lat' dir='ltr'><strong>antiquum</strong></span> <span class='ocrx_word' id='word_1_261' title='bbox 1539 3947 1698 4012; x_wconf 89' lang='lat' dir='ltr'><strong>cultorem</strong></span> <span class='ocrx_word' id='word_1_262' title='bbox 1714 3949 1893 4014; x_wconf 82' lang='lat' dir='ltr'><strong>restrum2</strong></span> 
     </span>
     <span class='ocr_line' id='line_1_29' title="bbox 205 4049 1861 4145; baseline -0.007 -23"><span class='ocrx_word' id='word_1_263' title='bbox 205 4059 262 4123; x_wconf 92' lang='lat' dir='ltr'><strong>illo</strong></span> <span class='ocrx_word' id='word_1_264' title='bbox 292 4059 430 4124; x_wconf 76' lang='lat' dir='ltr'><strong>locastis</strong></span> <span class='ocrx_word' id='word_1_265' title='bbox 458 4079 522 4145; x_wconf 87' lang='lat' dir='ltr'><strong>quo</strong></span> <span class='ocrx_word' id='word_1_266' title='bbox 553 4059 629 4123; x_wconf 93' lang='lat' dir='ltr'><strong>olim</strong></span> <span class='ocrx_word' id='word_1_267' title='bbox 658 4058 854 4145; x_wconf 88' lang='lat' dir='ltr'><strong>promisistis</strong></span> <span class='ocrx_word' id='word_1_268' title='bbox 883 4057 1004 4124; x_wconf 81' lang='lat' dir='ltr'><strong>affectu</strong></span> <span class='ocrx_word' id='word_1_269' title='bbox 1034 4063 1069 4123; x_wconf 93' lang='lat' dir='ltr'><strong>et</strong></span> <span class='ocrx_word' id='word_1_270' title='bbox 1100 4075 1259 4144; x_wconf 88' lang='lat' dir='ltr'><strong>prospera</strong></span> <span class='ocrx_word' id='word_1_271' title='bbox 1285 4060 1397 4120; x_wconf 85' lang='lat' dir='ltr'><strong>vestra</strong></span> <span class='ocrx_word' id='word_1_272' title='bbox 1426 4052 1620 4139; x_wconf 87' lang='lat' dir='ltr'><strong>paginamm</strong></span> <span class='ocrx_word' id='word_1_273' title='bbox 1649 4070 1701 4114; x_wconf 92' lang='lat' dir='ltr'><strong>me</strong></span> <span class='ocrx_word' id='word_1_274' title='bbox 1733 4049 1861 4114; x_wconf 80' lang='lat' dir='ltr'><strong>iacietis</strong></span> 
     </span>
     <span class='ocr_line' id='line_1_30' title="bbox 206 4161 619 4248; baseline 0.007 -23"><span class='ocrx_word' id='word_1_275' title='bbox 206 4161 384 4228; x_wconf 87' lang='lat' dir='ltr'><strong>directione</strong></span> <span class='ocrx_word' id='word_1_276' title='bbox 409 4181 619 4248; x_wconf 84' lang='lat' dir='ltr'><strong>cognoscere.</strong></span> 
     </span>
    </p>
   </div>
   <div class='ocr_carea' id='block_1_7' title="bbox 799 4399 1264 4672">
    <p class='ocr_par' dir='ltr' id='par_1_9' title="bbox 799 4399 1264 4672">
     <span class='ocr_line' id='line_1_31' title="bbox 824 4399 1247 4488; baseline -0.014 -18"><span class='ocrx_word' id='word_1_277' title='bbox 824 4399 986 4470; x_wconf 74' lang='lat' dir='ltr'>COXUVI</span> <span class='ocrx_word' id='word_1_278' title='bbox 1009 4401 1118 4487; x_wconf 81' lang='lat' dir='ltr'><strong>(esrsr.</strong></span> <span class='ocrx_word' id='word_1_279' title='bbox 1133 4405 1163 4482; x_wconf 92' lang='grc'><strong>6,</strong></span> <span class='ocrx_word' id='word_1_280' title='bbox 1180 4401 1247 4488; x_wconf 77' lang='lat'><strong>29).</strong></span> 
     </span>
     <span class='ocr_line' id='line_1_32' title="bbox 799 4595 1264 4672; baseline 0 0"><span class='ocrx_word' id='word_1_281' title='bbox 799 4597 1035 4672; x_wconf 81' lang='lat' dir='ltr'>ENNODIVS</span> <span class='ocrx_word' id='word_1_282' title='bbox 1062 4595 1264 4672; x_wconf 75' lang='lat' dir='ltr'><strong>FAVSTO.</strong></span> 
     </span>
    </p>
   </div>
   <div class='ocr_carea' id='block_1_8' title="bbox 208 4743 1887 4966">
    <p class='ocr_par' dir='ltr' id='par_1_10' title="bbox 208 4743 1887 4966">
     <span class='ocr_line' id='line_1_33' title="bbox 319 4743 1887 4860; baseline -0.005 -18"><span class='ocrx_word' id='word_1_283' title='bbox 319 4743 490 4855; x_wconf 80' lang='lat' dir='ltr'><strong>Quamvis</strong></span> <span class='ocrx_word' id='word_1_284' title='bbox 518 4776 648 4841; x_wconf 90' lang='lat' dir='ltr'><strong>sublimi</strong></span> <span class='ocrx_word' id='word_1_285' title='bbox 676 4776 746 4841; x_wconf 82' lang='lat' dir='ltr'><strong>viro</strong></span> <span class='ocrx_word' id='word_1_286' title='bbox 776 4781 810 4840; x_wconf 92' lang='lat' dir='ltr'><strong>et</strong></span> <span class='ocrx_word' id='word_1_287' title='bbox 837 4774 925 4840; x_wconf 89' lang='lat' dir='ltr'><strong>omni</strong></span> <span class='ocrx_word' id='word_1_288' title='bbox 953 4774 1143 4860; x_wconf 91' lang='lat' dir='ltr'><strong>integritate</strong></span> <span class='ocrx_word' id='word_1_289' title='bbox 1174 4769 1322 4859; x_wconf 87' lang='lat' dir='ltr'><strong>praedito</strong></span> <span class='ocrx_word' id='word_1_290' title='bbox 1348 4767 1472 4835; x_wconf 81' lang='lat' dir='ltr'><strong>Sabino</strong></span> <span class='ocrx_word' id='word_1_291' title='bbox 1495 4765 1635 4832; x_wconf 90' lang='lat' dir='ltr'><strong>Romam</strong></span> <span class='ocrx_word' id='word_1_292' title='bbox 1662 4769 1887 4853; x_wconf 83' lang='lat' dir='ltr'><strong>properantel</strong></span> 
     </span>
     <span class='ocr_line' id='line_1_34' title="bbox 208 4868 1859 4966; baseline -0.007 -22"><span class='ocrx_word' id='word_1_293' title='bbox 208 4886 277 4945; x_wconf 91' lang='lat' dir='ltr'><strong>tute</strong></span> <span class='ocrx_word' id='word_1_294' title='bbox 300 4881 493 4966; x_wconf 87' lang='lat' dir='ltr'><strong>peginamm</strong></span> <span class='ocrx_word' id='word_1_295' title='bbox 517 4879 625 4943; x_wconf 83' lang='lat' dir='ltr'><strong>officia</strong></span> <span class='ocrx_word' id='word_1_296' title='bbox 649 4879 896 4955; x_wconf 84' lang='lat' dir='ltr'><strong>commisissem,</strong></span> <span class='ocrx_word' id='word_1_297' title='bbox 918 4884 956 4943; x_wconf 92' lang='lat' dir='ltr'><strong>ut</strong></span> <span class='ocrx_word' id='word_1_298' title='bbox 977 4874 1176 4964; x_wconf 85' lang='lat' dir='ltr'><strong>resignanda</strong></span> <span class='ocrx_word' id='word_1_299' title='bbox 1199 4895 1260 4961; x_wconf 87' lang='lat' dir='ltr'><strong>per·</strong></span> <span class='ocrx_word' id='word_1_300' title='bbox 1276 4873 1403 4939; x_wconf 89' lang='lat' dir='ltr'><strong>litteras</strong></span> <span class='ocrx_word' id='word_1_301' title='bbox 1418 4871 1525 4936; x_wconf 89' lang='lat' dir='ltr'><strong>fidelis</strong></span> <span class='ocrx_word' id='word_1_302' title='bbox 1540 4871 1662 4935; x_wconf 89' lang='lat' dir='ltr'><strong>relator</strong></span> <span class='ocrx_word' id='word_1_303' title='bbox 1678 4868 1859 4946; x_wconf 89' lang='lat' dir='ltr'><strong>adsereret,</strong></span> 
     </span>
    </p>
   </div>
   <div class='ocr_carea' id='block_1_9' title="bbox 205 5123 1860 5675">
    <p class='ocr_par' dir='ltr' id='par_1_11' title="bbox 206 5123 1858 5294">
     <span class='ocr_line' id='line_1_35' title="bbox 310 5123 1858 5208; baseline -0.009 -17"><span class='ocrx_word' id='word_1_304' title='bbox 310 5138 324 5191; x_wconf 91' lang='lat' dir='ltr'><strong>l</strong></span> <span class='ocrx_word' id='word_1_305' title='bbox 343 5141 504 5208; x_wconf 82' lang='lat' dir='ltr'><strong>suspenderit</strong></span> <span class='ocrx_word' id='word_1_306' title='bbox 519 5142 608 5192; x_wconf 81' lang='lat' dir='ltr'><strong>malim</strong></span> <span class='ocrx_word' id='word_1_307' title='bbox 723 5136 741 5190; x_wconf 76' lang='grc'>2</span> <span class='ocrx_word' id='word_1_308' title='bbox 759 5138 942 5205; x_wconf 88' lang='lat' dir='ltr'><strong>usllopicinum</strong></span> <span class='ocrx_word' id='word_1_309' title='bbox 955 5136 1032 5190; x_wconf 85' lang='lat' dir='ltr'><strong>BVL</strong></span> <span class='ocrx_word' id='word_1_310' title='bbox 1144 5133 1337 5203; x_wconf 65' lang='lat' dir='ltr'><strong>conprensa·</strong></span> <span class='ocrx_word' id='word_1_311' title='bbox 1349 5131 1375 5185; x_wconf 99' lang='grc' dir='ltr'><em>Β</em></span> <span class='ocrx_word' id='word_1_312' title='bbox 1485 5129 1501 5183; x_wconf 82' lang='grc'><strong>7</strong></span> <span class='ocrx_word' id='word_1_313' title='bbox 1520 5131 1630 5198; x_wconf 82' lang='lat' dir='ltr'><strong>respiest</strong></span> <span class='ocrx_word' id='word_1_314' title='bbox 1642 5128 1668 5181; x_wconf 89' lang='lat' dir='ltr'><em>B</em></span> <span class='ocrx_word' id='word_1_315' title='bbox 1779 5125 1797 5178; x_wconf 89' lang='grc'><strong>8</strong></span> <span class='ocrx_word' id='word_1_316' title='bbox 1814 5123 1858 5192; x_wconf 91' lang='lat' dir='ltr'><strong>mi]</strong></span> 
     </span>
     <span class='ocr_line' id='line_1_36' title="bbox 206 5217 1448 5294; baseline -0.006 -18"><span class='ocrx_word' id='word_1_317' title='bbox 206 5226 269 5277; x_wconf 89' lang='lat' dir='ltr'><strong>mibi</strong></span> <span class='ocrx_word' id='word_1_318' title='bbox 281 5223 358 5276; x_wconf 82' lang='lat' dir='ltr'><strong>BVL</strong></span> <span class='ocrx_word' id='word_1_319' title='bbox 425 5226 599 5294; x_wconf 80' lang='lat' dir='ltr'><strong>plenissimam</strong></span> <span class='ocrx_word' id='word_1_320' title='bbox 611 5225 645 5290; x_wconf 92' lang='grc' dir='ltr'><strong>Β,</strong></span> <span class='ocrx_word' id='word_1_321' title='bbox 662 5224 763 5292; x_wconf 78' lang='lat' dir='ltr'><strong>plenam</strong></span> <span class='ocrx_word' id='word_1_322' title='bbox 782 5224 858 5276; x_wconf 81' lang='lat' dir='ltr'><strong>ceteri</strong></span> <span class='ocrx_word' id='word_1_323' title='bbox 960 5221 1145 5290; x_wconf 81' lang='lat' dir='ltr'><strong>9suffragiom</strong></span> <span class='ocrx_word' id='word_1_324' title='bbox 1161 5220 1202 5270; x_wconf 74' lang='lat' dir='ltr'><strong>Va</strong></span> <span class='ocrx_word' id='word_1_325' title='bbox 1271 5219 1411 5271; x_wconf 72' lang='lat' dir='ltr'><strong>concidatis</strong></span> <span class='ocrx_word' id='word_1_326' title='bbox 1422 5217 1448 5269; x_wconf 91' lang='grc' dir='ltr'><em>Β</em></span> 
     </span>
    </p>

    <p class='ocr_par' dir='ltr' id='par_1_12' title="bbox 205 5312 1860 5572">
     <span class='ocr_line' id='line_1_37' title="bbox 310 5312 1860 5396; baseline -0.011 -14"><span class='ocrx_word' id='word_1_327' title='bbox 310 5325 454 5396; x_wconf 72' lang='lat' dir='ltr'><strong>[ccxciv]</strong></span> <span class='ocrx_word' id='word_1_328' title='bbox 492 5326 525 5380; x_wconf 77' lang='lat'><strong>12</strong></span> <span class='ocrx_word' id='word_1_329' title='bbox 537 5331 689 5381; x_wconf 81' lang='lat' dir='ltr'><strong>comittstur</strong></span> <span class='ocrx_word' id='word_1_330' title='bbox 701 5327 727 5378; x_wconf 88' lang='grc' dir='ltr'><em>Β</em></span> <span class='ocrx_word' id='word_1_331' title='bbox 859 5323 893 5378; x_wconf 86' lang='grc'><strong>13</strong></span> <span class='ocrx_word' id='word_1_332' title='bbox 910 5327 1037 5394; x_wconf 77' lang='lat' dir='ltr'><strong>prauitats</strong></span> <span class='ocrx_word' id='word_1_333' title='bbox 1049 5325 1075 5376; x_wconf 91' lang='grc' dir='ltr'><em>Β</em></span> <span class='ocrx_word' id='word_1_334' title='bbox 1205 5321 1239 5376; x_wconf 82' lang='grc'><strong>14</strong></span> <span class='ocrx_word' id='word_1_335' title='bbox 1256 5323 1339 5376; x_wconf 80' lang='lat' dir='ltr'><strong>fidelis</strong></span> <span class='ocrx_word' id='word_1_336' title='bbox 1350 5322 1376 5375; x_wconf 89' lang='lat' dir='ltr'><em>B</em></span> <span class='ocrx_word' id='word_1_337' title='bbox 1508 5317 1729 5388; x_wconf 63' lang='lat' dir='ltr'><strong>lepusculum</strong></span> <span class='ocrx_word' id='word_1_338' title='bbox 1741 5312 1791 5378; x_wconf 86' lang='lat' dir='ltr'><strong>B¹,</strong></span> <span class='ocrx_word' id='word_1_339' title='bbox 1813 5314 1860 5366; x_wconf 84' lang='lat' dir='ltr'><strong>diti</strong></span> 
     </span>
     <span class='ocr_line' id='line_1_38' title="bbox 205 5397 1860 5484; baseline -0.011 -16"><span class='ocrx_word' id='word_1_340' title='bbox 205 5425 234 5468; x_wconf 87' lang='lat' dir='ltr'><strong>ut</strong></span> <span class='ocrx_word' id='word_1_341' title='bbox 340 5417 450 5470; x_wconf 72' lang='lat' dir='ltr'><strong>utemur</strong></span> <span class='ocrx_word' id='word_1_342' title='bbox 472 5416 501 5467; x_wconf 80' lang='lat' dir='ltr'><strong>iu</strong></span> <span class='ocrx_word' id='word_1_343' title='bbox 517 5434 567 5484; x_wconf 73' lang='lat' dir='ltr'><strong>arg.</strong></span> <span class='ocrx_word' id='word_1_344' title='bbox 584 5416 633 5483; x_wconf 81' lang='lat' dir='ltr'><strong>ios.</strong></span> <span class='ocrx_word' id='word_1_345' title='bbox 651 5423 674 5468; x_wconf 79' lang='lat' dir='ltr'><strong>st</strong></span> <span class='ocrx_word' id='word_1_346' title='bbox 696 5431 724 5467; x_wconf 87' lang='lat' dir='ltr'><strong>ss</strong></span> <span class='ocrx_word' id='word_1_347' title='bbox 745 5415 816 5466; x_wconf 65' lang='lat' dir='ltr'><strong>instro</strong></span> <span class='ocrx_word' id='word_1_348' title='bbox 834 5413 917 5465; x_wconf 78' lang='lat' dir='ltr'><strong>lineos</strong></span> <span class='ocrx_word' id='word_1_349' title='bbox 934 5413 1019 5480; x_wconf 68' lang='lat' dir='ltr'><strong>sappi.</strong></span> <span class='ocrx_word' id='word_1_350' title='bbox 1035 5408 1079 5461; x_wconf 76' lang='lat'><strong>13²</strong></span> <span class='ocrx_word' id='word_1_351' title='bbox 1217 5407 1250 5462; x_wconf 91' lang='grc'><strong>16</strong></span> <span class='ocrx_word' id='word_1_352' title='bbox 1273 5409 1393 5477; x_wconf 74' lang='lat' dir='ltr'><strong>arripiam</strong></span> <span class='ocrx_word' id='word_1_353' title='bbox 1414 5407 1439 5457; x_wconf 85' lang='lat' dir='ltr'><strong><em>V</em></strong></span> <span class='ocrx_word' id='word_1_354' title='bbox 1573 5402 1605 5456; x_wconf 78' lang='grc'><strong>11</strong></span> <span class='ocrx_word' id='word_1_355' title='bbox 1629 5401 1675 5470; x_wconf 92' lang='lat' dir='ltr'><strong>mi]</strong></span> <span class='ocrx_word' id='word_1_356' title='bbox 1699 5402 1763 5455; x_wconf 89' lang='lat' dir='ltr'><strong>milri</strong></span> <span class='ocrx_word' id='word_1_357' title='bbox 1782 5397 1860 5452; x_wconf 83' lang='lat' dir='ltr'><strong>BVL</strong></span> 
     </span>
     <span class='ocr_line' id='line_1_39' title="bbox 205 5501 657 5572; baseline -0.009 -14"><span class='ocrx_word' id='word_1_358' title='bbox 205 5511 370 5572; x_wconf 75' lang='lat' dir='ltr'><strong>praesentans</strong></span> <span class='ocrx_word' id='word_1_359' title='bbox 382 5502 415 5568; x_wconf 89' lang='lat' dir='ltr'><strong>B,</strong></span> <span class='ocrx_word' id='word_1_360' title='bbox 432 5510 566 5571; x_wconf 79' lang='lat' dir='ltr'><strong>praestans</strong></span> <span class='ocrx_word' id='word_1_361' title='bbox 582 5501 657 5554; x_wconf 70' lang='lat' dir='ltr'><strong>Van</strong></span> 
     </span>
    </p>

    <p class='ocr_par' dir='ltr' id='par_1_13' title="bbox 308 5593 1604 5675">
     <span class='ocr_line' id='line_1_40' title="bbox 308 5593 1604 5675; baseline -0.012 -14"><span class='ocrx_word' id='word_1_362' title='bbox 308 5604 441 5675; x_wconf 81' lang='lat' dir='ltr'>[CCXCV]</span> <span class='ocrx_word' id='word_1_363' title='bbox 476 5603 510 5658; x_wconf 76' lang='lat'><strong>21</strong></span> <span class='ocrx_word' id='word_1_364' title='bbox 530 5607 635 5659; x_wconf 88' lang='lat' dir='ltr'><strong>humilis</strong></span> <span class='ocrx_word' id='word_1_365' title='bbox 646 5607 672 5658; x_wconf 94' lang='grc' dir='ltr'><em>Β</em></span> <span class='ocrx_word' id='word_1_366' title='bbox 774 5603 810 5658; x_wconf 75' lang='grc'><strong>26</strong></span> <span class='ocrx_word' id='word_1_367' title='bbox 826 5603 974 5673; x_wconf 85' lang='lat' dir='ltr'><strong>exspectaui</strong></span> <span class='ocrx_word' id='word_1_368' title='bbox 991 5601 1016 5652; x_wconf 85' lang='lat' dir='ltr'><em>V</em></span> <span class='ocrx_word' id='word_1_369' title='bbox 1114 5599 1149 5653; x_wconf 75' lang='lat'><strong>25</strong></span> <span class='ocrx_word' id='word_1_370' title='bbox 1166 5595 1210 5666; x_wconf 81' lang='lat' dir='ltr'><strong>ml]</strong></span> <span class='ocrx_word' id='word_1_371' title='bbox 1228 5598 1292 5650; x_wconf 89' lang='lat' dir='ltr'><strong>milri</strong></span> <span class='ocrx_word' id='word_1_372' title='bbox 1304 5595 1382 5648; x_wconf 84' lang='lat' dir='ltr'><strong>BVL</strong></span> <span class='ocrx_word' id='word_1_373' title='bbox 1450 5595 1565 5648; x_wconf 86' lang='lat' dir='ltr'><strong>anticum</strong></span> <span class='ocrx_word' id='word_1_374' title='bbox 1578 5593 1604 5644; x_wconf 88' lang='grc' dir='ltr'><em>Β</em></span> 
     </span>
    </p>
   </div>
   <div class='ocr_carea' id='block_1_10' title="bbox 307 5700 1377 5782">
    <p class='ocr_par' dir='ltr' id='par_1_14' title="bbox 307 5700 1377 5782">
     <span class='ocr_line' id='line_1_41' title="bbox 307 5700 1377 5782; baseline -0.011 -18"><span class='ocrx_word' id='word_1_375' title='bbox 307 5708 454 5782; x_wconf 83' lang='lat' dir='ltr'>[CCXCVI]</span> <span class='ocrx_word' id='word_1_376' title='bbox 489 5708 524 5763; x_wconf 74' lang='lat'><strong>29</strong></span> <span class='ocrx_word' id='word_1_377' title='bbox 542 5709 693 5780; x_wconf 87' lang='lat' dir='ltr'><strong>pradictoB</strong></span> <span class='ocrx_word' id='word_1_378' title='bbox 761 5705 970 5762; x_wconf 77' lang='lat' dir='ltr'><strong>sauinoBVLP</strong></span> <span class='ocrx_word' id='word_1_379' title='bbox 1036 5703 1181 5774; x_wconf 77' lang='lat' dir='ltr'><strong>properanti</strong></span> <span class='ocrx_word' id='word_1_380' title='bbox 1201 5701 1266 5754; x_wconf 83' lang='lat' dir='ltr'><strong>coni.</strong></span> <span class='ocrx_word' id='word_1_381' title='bbox 1280 5700 1377 5753; x_wconf 83' lang='lat' dir='ltr'><strong>Hortel</strong></span> 
     </span>
    </p>
   </div>
   <div class='ocr_carea' id='block_1_11' title="bbox 1600 5785 1655 5852">
    <p class='ocr_par' dir='ltr' id='par_1_15' title="bbox 1600 5785 1655 5852">
     <span class='ocr_line' id='line_1_42' title="bbox 1600 5785 1655 5852; baseline 0 -32"><span class='ocrx_word' id='word_1_382' title='bbox 1600 5785 1655 5852; x_wconf 67' lang='grc'><strong>291</strong></span> 
     </span>
    </p>
   </div>
   <div class='ocr_carea' id='block_1_12' title="bbox 0 0 2295 6532">
    <p class='ocr_par' dir='ltr' id='par_1_16' title="bbox 0 0 2295 6532">
     <span class='ocr_line' id='line_1_43' title="bbox 0 0 2295 6532; baseline 0 0"><span class='ocrx_word' id='word_1_383' title='bbox 0 0 2295 6532; x_wconf 95' lang='lat' dir='ltr'><strong> </strong></span> 
     </span>
    </p>
   </div>
  </div>
 </body>
</html>
