4612 6442
435 379 474 438 10
1122 373 1161 426 vr
1180 370 1303 439 (nesso.
1322 373 1346 436 1,
1364 371 1401 439 a).

431 547 570 611 bominis
600 545 758 610 montium
785 551 912 608 secreta
942 543 1142 631 respondent
1169 553 1217 627 et,
1248 544 1324 609 dum
1355 550 1511 628 angustus
1541 544 1663 607 clamor
1689 543 1841 622 vincitur,
1876 542 2089 606 valitudinem

404 653 528 715 2suam
553 650 717 714 elementa
739 647 962 712 manifestant.
1000 647 1199 732 evangelicis
1215 648 1272 712 tali
1295 648 1382 711 facto
1405 648 1579 712 obsecutus
1602 646 1741 710 oraculis
1764 646 1905 711 fructum
1927 644 1968 709 de
1991 666 2088 730 prae-

289 766 343 809 nuc.
356 773 388 820 ιι,
398 773 418 810 s.
432 754 518 838 cepti
547 773 618 816 sum
641 751 780 817 veritate
809 751 957 831 sortitus,
990 751 1081 815 euius
1111 750 1257 815 declarat
1286 751 1469 830 instructio,
1502 750 1588 836 quod
1617 750 1758 835 pulsanti
1787 770 1886 835 saepe
1913 755 2027 834 surgat
2056 755 2090 812 et

430 857 553 920 tribuat
576 855 668 935 deus,
692 855 720 918 si
742 876 807 919 non
829 861 964 940 propter
985 855 1147 936 meritum,
1174 855 1226 919 vel
1248 860 1381 941 propter
1402 854 1681 939 inportunitatem.
1719 853 1862 918 facessat
1877 853 2014 939 posthac
2038 853 2087 916 in-

431 959 574 1025 fidelium
595 959 682 1023 male
706 965 801 1023 cauta
823 957 998 1023 discussio:
1028 957 1209 1042 integritati
1241 958 1423 1022 sententiae
1446 957 1578 1042 periclis
1600 957 1825 1042 praesentibus
1846 955 1985 1021 idoneus
2008 955 2088 1020 mihi

431 1038 527 1127 testis
543 1062 731 1148 adstipulor.
769 1061 933 1147 frequenti
949 1061 1096 1125 oratione
1120 1067 1231 1147 optata
1253 1061 1427 1146 promerui,
1453 1081 1646 1124 concessum
1669 1067 1719 1124 est
1741 1081 1876 1147 precum
1899 1057 2091 1123 adsiduitati

400 1165 519 1252 3quod
541 1166 724 1250 negabatur
746 1165 900 1228 examini.
946 1163 1050 1227 debeo
1074 1162 1168 1227 vobis
1192 1163 1385 1242 amicitiam,
1408 1163 1629 1247 querimoniae
1652 1184 1763 1244 meas,
1787 1184 1883 1248 quas,
1906 1161 1983 1226 dum
2005 1163 2090 1225 votis

433 1270 585 1336 effectum
606 1269 766 1348 tribuitis,
796 1268 868 1354 plus
892 1267 1018 1332 amabo.
1063 1265 1162 1329 fuerit
1189 1266 1266 1330 licet
1296 1267 1386 1352 origo
1414 1272 1525 1330 vestra
1547 1287 1567 1328 a
1590 1267 1676 1330 iusto
1705 1265 1816 1330 dolore
1838 1257 1992 1346 veniens,
2023 1265 2089 1328 fre-

433 1378 571 1459 quenter
594 1395 614 1436 a
636 1372 746 1453 vobis,
776 1376 949 1458 postquam
976 1369 1205 1455 praestitistis,
1236 1370 1336 1433 ctiam
1359 1370 1505 1434 inlaesus
1527 1369 1690 1457 incipiam.
1735 1369 1940 1434 delenificam
1964 1368 2089 1454 allega-

432 1477 556 1542 tionem
579 1475 750 1562 amplexus
774 1473 960 1560 epistularis
983 1472 1117 1558 alloquii
1141 1494 1203 1557 ago
1236 1479 1333 1558 atque
1362 1473 1468 1538 habeo
1499 1474 1636 1558 gratias,
1667 1472 1754 1560 quod
1781 1494 1833 1536 me
1863 1473 1918 1537 diu
1948 1473 2088 1536 tristium

401 1580 585 1644 ⁴inoluistis
609 1601 682 1644 esse
706 1578 909 1665 participem.
954 1577 1080 1640 fecistis
1104 1576 1166 1641 hoo
1189 1576 1324 1641 forsitan
1339 1583 1414 1641 voto
1439 1583 1472 1641 et
1495 1577 1601 1642 studio
1625 1577 1835 1659 consulentis,
1860 1577 1920 1642 sed
1943 1576 2090 1641 adscribo

431 1683 576 1770 peccatis
599 1684 691 1764 meis,
715 1682 802 1767 quod
824 1681 1009 1762 maioribus,
1033 1680 1110 1745 dum
1132 1681 1323 1767 temperatis
1347 1681 1498 1766 alloquio,
1524 1703 1595 1744 sum
1618 1682 1757 1745 iactatus
1781 1680 1969 1765 angoribus.
2012 1680 2092 1744 mihi

431 1787 489 1850 uni
517 1787 550 1850 in
578 1786 749 1850 adversum
779 1785 913 1872 provisa
941 1785 1147 1870 contingunt,
1182 1784 1258 1848 dum
1290 1786 1441 1869 graviora
1468 1807 1597 1870 semper
1619 1785 1651 1848 in
1675 1806 1822 1848 maerore
1846 1785 1983 1849 aestimo
2007 1805 2091 1869 quae

431 1895 600 1971 tacentur,
633 1889 710 1974 quia
740 1887 837 1952 credo
869 1888 956 1974 quod
984 1888 1025 1952 de
1052 1886 1274 1952 mediocribus
1306 1909 1406 1974 saepe
1438 1888 1718 1953 communicentur
1740 1887 1840 1953 verba
1868 1887 2091 1972 languoribus,

432 2013 505 2057 oum
528 1993 720 2078 proximitas
742 1991 866 2056 funeris
889 1991 1027 2077 imperet
1043 1991 1182 2055 ‘silentia
1206 1991 1269 2055 cito
1293 1991 1482 2078 rumpenda.
1523 1991 1585 2055 deo
1609 1992 1743 2076 gratias,
1767 1990 1821 2077 qui
1839 2013 1878 2056 ca
1899 2012 1983 2076 quae
2008 1989 2090 2054 dura

434 2095 650 2162 aestimantur
673 2096 848 2160 clementia
871 2095 957 2159 bene
974 2095 1072 2159 vertit
1095 2100 1235 2180 atquae
1260 2115 1303 2158 ex
1324 2095 1440 2159 merito
1464 2101 1576 2158 nostro
1593 2101 1731 2159 ventura
1753 2095 1943 2180 collegimus
1967 2116 2010 2158 ex
2033 2114 2092 2158 sua

402 2200 515 2266 5facit
536 2199 747 2263 miseratione
770 2197 951 2262 transferri.
996 2197 1173 2263 voluissem
1197 2204 1307 2262 tamen
1338 2199 1439 2262 talem
1469 2197 1556 2262 circa
1585 2200 1781 2283 parvitatem
1807 2219 1914 2263 meam
1944 2197 2091 2282 dignatio

432 2308 544 2367 vestra
559 2303 721 2366 tenuisset
737 2302 902 2382 affectum,
926 2307 1075 2386 utquam
1093 2302 1246 2365 comitem
1262 2322 1361 2386 saepe
1378 2301 1505 2386 gaudiis
1522 2300 1729 2381 adhibuistis,
1755 2323 1828 2365 cum
1844 2322 1882 2365 eo
1906 2300 2092 2384 elegissetis

433 2406 531 2470 ctiam
554 2406 694 2470 adversa
716 2405 841 2491 partiri.
887 2427 929 2468 an
952 2405 1075 2490 putatis
1098 2406 1166 2468 tale
1190 2405 1387 2468 beneficium
1409 2405 1443 2469 in
1466 2413 1635 2490 acceptum
1659 2427 1711 2469 me
1734 2426 1808 2470 csse
1836 2406 2031 2483 relaturum,
2064 2403 2093 2466 si

433 2509 474 2572 ab
498 2508 641 2573 aestibus
663 2508 807 2595 pectoris
831 2508 932 2573 vestri
955 2515 1120 2593 tamquam
1143 2508 1229 2572 male
1259 2507 1366 2572 fidelis
1398 2507 1574 2573 excludar?
1620 2531 1684 2573 non
1707 2515 1773 2590 est,
1803 2515 1839 2573 ut
1861 2508 1975 2589 videa,
2005 2506 2092 2593 apud
2140 2521 2141 2524 ’

434 2632 493 2676 vos
522 2612 588 2677 mei
613 2613 696 2677 ratio
730 2612 918 2698 dispensate
951 2612 1089 2676 consilii.
1141 2632 1202 2697 ego
1234 2611 1315 2676 mihi
1345 2613 1451 2697 perire
1485 2613 1623 2696 gratiam
1655 2618 1749 2697 puto,
1787 2612 1850 2676 nisi
1882 2633 1955 2676 eam
1984 2633 2092 2675 rerum

402 2716 579 2780 bomnium
602 2716 771 2780 vobiscum
794 2715 1085 2780 communicatione
1108 2714 1269 2782 nutriatis.
1316 2713 1466 2796 desinite,
1490 2735 1623 2800 quaeso,
1653 2715 1687 2779 in
1710 2715 1771 2780 hac
1794 2714 1873 2779 mihi
1896 2723 1989 2801 parte
2014 2736 2092 2779 con-

435 2820 543 2884 sulere
566 2825 676 2884 vestra
698 2818 853 2905 inpendio
876 2819 979 2885 verba
1002 2819 1158 2903 cupienti:
1183 2818 1234 2882 cui
1258 2818 1285 2882 si
1303 2818 1404 2882 votivi
1427 2825 1590 2903 negentur
1612 2819 1742 2898 affatus,
1765 2819 1924 2900 fatiscam,
1947 2825 1984 2884 ut
2006 2824 2095 2884 terra

293 2924 423 3028 Slffigfl’·
437 2923 490 2987 cui
514 2923 605 2988 caelo
629 2922 710 2986 nihil
733 2923 868 3008 liquitur
889 2944 950 3004 nec
973 2943 1075 2987 venas
1099 2942 1175 2985 suas
1200 2942 1278 2985 suco
1302 2921 1406 2985 bibuli
1433 2922 1555 2986 umoris
1586 2921 1740 2998 infundit,
1769 2922 1856 2988 unde
1885 2923 2006 2986 innatis
2035 2921 2094 2986 ali-

432 3033 545 3092 menta
562 3026 678 3091 culmis
695 3025 852 3092 exhibeat
870 3031 903 3090 et
919 3025 961 3090 ad
976 3025 1095 3090 falcem
1110 3024 1263 3110 gravidas
1287 3025 1403 3089 aristas
1426 3024 1576 3091 adducat.
1614 3032 1651 3089 ut
1672 3026 1773 3111 piscis
1797 3048 1883 3112 aqua
1907 3027 2092 3090 abstractus

433 3130 587 3196 vitalibus
605 3123 817 3195 'indumentis
854 3131 1002 3216 privatus
1037 3129 1256 3213 extinguitur,
1291 3129 1339 3192 sio
1372 3149 1435 3212 ego
1469 3126 1637 3192 subductis
1669 3129 1802 3215 alloquii
1833 3131 1934 3195 vestri
1963 3130 2093 3193 fluentis

433 3233 612 3300 interimor.
662 3240 822 3319 quaerant
853 3234 910 3298 alii
939 3231 1026 3320 quod
1058 3233 1219 3298 delectet:
1256 3253 1318 3316 ego
1348 3253 1400 3296 ros
1429 3231 1470 3296 ad
1500 3233 1640 3296 animam
1671 3234 1874 3319 pertinentes
1908 3234 2094 3320 expostulo.

405 3337 512 3401 tmihi
535 3357 601 3401 non
623 3342 691 3400 tam
714 3335 850 3402 delicias
866 3337 968 3402 verba
984 3343 1094 3400 vestra
1116 3337 1246 3422 pariunt
1270 3357 1366 3421 quam
1390 3335 1539 3400 salutem.
1577 3357 1646 3400 rem
1662 3338 1769 3402 fateor
1791 3337 1889 3402 nullis
1914 3338 2094 3401 coloratam

354 3489 355 3492 ,
435 3441 530 3523 fucis,
553 3439 651 3504 nullis
674 3440 868 3505 nebularum
892 3441 1055 3525 depictam
1078 3438 1268 3520 mendaciis,
1293 3439 1450 3524 quianon
1467 3460 1539 3503 sum
1555 3440 1729 3504 simulandi
1745 3441 1878 3505 artifex:
1903 3439 2093 3526 decerptum

435 3542 557 3629 aliquid
581 3544 668 3609 vitae
691 3564 785 3608 meae
809 3545 938 3626 censui,
966 3544 1044 3608 dum
1067 3543 1195 3608 tacetis.
1237 3543 1324 3606 male
1348 3563 1405 3606 vos
1428 3541 1542 3608 fideles
1566 3543 1734 3626 adseritis,
1765 3545 1793 3608 si
1816 3544 1859 3608 ad
1881 3565 1978 3608 aures
2000 3564 2092 3608 meas

435 3647 634 3732 generaliter
665 3646 816 3712 deflenda
845 3668 906 3732 per
934 3669 992 3712 vos
1022 3645 1211 3710 deferantur
1239 3644 1461 3726 incommoda,
1500 3647 1592 3730 quasi
1623 3647 1750 3712 nescire
1779 3648 1879 3711 alicui
1906 3646 2093 3710 Christiano

405 3751 537 3816 Sliceat
559 3751 697 3832 malum,
728 3752 780 3814 oui
809 3749 915 3815 Roma
938 3749 1134 3815 subcumbit.
1178 3737 1338 3812 barbaras
1361 3749 1511 3812 nationes
1536 3755 1569 3812 et
1592 3771 1612 3812 a
1634 3756 1746 3814 nostro
1769 3751 1870 3814 limite
1893 3756 1963 3815 toto
1986 3770 2094 3836 paene

435 3853 513 3918 orbe
544 3854 703 3919 discretas
735 3854 898 3918 continuis
926 3854 1010 3919 haec
1037 3853 1161 3918 conicio
1195 3854 1348 3918 lamentis
1380 3853 1604 3937 ingemescere
1628 3860 1662 3917 et
1689 3853 1731 3918 ad
1761 3855 1919 3919 solacium
1946 3860 2094 3918 nostrum

435 3957 586 4022 lacrimas
618 3957 833 4022 commodare.
884 3957 980 4021 huius
1007 3956 1055 4022 rei
1085 3955 1276 4040 magnitudo
1304 3962 1414 4021 vestra
1447 3954 1601 4021 adhibere
1632 3979 1667 4022 se
1695 3958 1836 4022 indicem
1864 3958 1964 4043 fugit,
1995 3963 2032 4021 ut
2059 3957 2094 4020 in

437 4061 614 4146 perniciem
636 4081 744 4125 meam
767 4060 933 4124 fallacium
956 4061 1143 4124 nuntiorum
1167 4059 1331 4124 diabolica
1354 4081 1427 4124 cum
1451 4060 1627 4125 securitate
1643 4068 1720 4126 vota
1742 4063 1952 4145 mentiantur,
1974 4069 2091 4126 utnon

438 4164 481 4228 sit
502 4163 543 4228 ad
568 4163 661 4228 ouius
677 4163 851 4228 ueritatem
873 4171 946 4249 post
968 4163 1099 4228 fabulas
1122 4161 1254 4226 redeam
1277 4183 1338 4227 neo
1362 4163 1417 4248 qui
1440 4164 1583 4227 animum
1607 4185 1715 4229 meum
1730 4166 1800 4229 ueri
1815 4165 2094 4231 demonstratione

281 4247 613 4344 diffisilsusstentet·
665 4288 744 4332 eave
772 4267 875 4347 faxis,
908 4267 953 4330 mi
983 4259 1128 4348 domine,
1160 4267 1329 4332 vobiscum
1360 4267 1439 4331 mihi
1471 4268 1535 4331 alia
1566 4289 1618 4333 res
1646 4275 1710 4334 est:
1746 4269 1812 4334 alia
1842 4269 1904 4334 fori
1932 4271 1994 4350 vis,
2029 4270 2096 4334 alia

299 4365 419 4472 ffiJffl·
437 4370 579 4437 triclinii.
616 4369 728 4434 audiat
744 4376 787 4450 te,
804 4391 888 4456 quae
903 4370 937 4435 in
953 4372 1199 4436 conversatione
1216 4371 1348 4457 publica
1363 4369 1526 4451 didiceris,
1543 4371 1667 4436 familia
1681 4372 1862 4437 domestica
1877 4380 2094 4438 retexentem.

438 4474 659 4539 subiectorum
682 4475 807 4539 animos
830 4479 863 4538 et
885 4473 1000 4539 fideles
1023 4480 1060 4538 ut
1083 4474 1206 4560 putatis
1236 4482 1362 4538 mentes
1389 4474 1584 4538 relationum
1607 4481 1788 4540 vestrarum
1818 4476 1897 4541 cibis
1925 4477 2019 4557 alite,
2051 4497 2093 4541 ne

439 4578 550 4644 ieiuna
572 4579 750 4645 amicorum
773 4579 873 4644 corda
896 4579 1013 4644 talibus
1036 4579 1169 4644 ferculis
1191 4580 1322 4664 inposta
1345 4577 1534 4642 moriantur.

540 4871 558 4922 2
580 4872 700 4925 elimenta
716 4871 743 4922 B
828 4873 979 4940 suangilicia
1000 4871 1045 4922 13⁶
1171 4871 1189 4924 3
1211 4879 1301 4938 surgat
1321 4871 1385 4922 deus
1407 4877 1433 4922 et
1455 4870 1552 4920 tribuat
1572 4869 1702 4922 VLTOPt
1828 4871 1846 4925 5
1868 4875 1989 4942 perieulis
2012 4868 2095 4924 Tora

437 4959 534 5011 idoneis
547 4958 592 5009 13⁶
695 4957 712 5010 6
729 4959 855 5026 astipulor
870 4959 895 5008 V
950 4959 1094 5010 assiduitati
1109 4957 1134 5007 V
1235 4955 1250 5006 7
1269 4973 1333 5022 quas
1345 4955 1378 5018 B,
1397 4972 1473 5021 quam
1485 4957 1561 5006 ceteri
1664 4957 1682 5008 8
1699 4959 1817 5012 tribuitss
1828 4959 1875 5010 Ba
1982 4957 2016 5010 10
2032 4960 2094 5011 allo-

436 5046 491 5112 quii
503 5044 536 5109 B,
554 5045 649 5110 eloquii
660 5044 736 5094 osted
797 5042 883 5110 atqua]
901 5046 957 5110 adq.
971 5043 996 5094 Β
1092 5041 1125 5094 11
1147 5039 1252 5108 secutis]
1272 5041 1396 5092 fecissetis
1407 5040 1441 5104 B,
1459 5042 1569 5091 feceritis
1582 5043 1642 5104 fort.
1703 5033 1803 5096 ascribo
1820 5045 1845 5094 V
1935 5043 1969 5096 14
1984 5045 2095 5112 langori-

436 5130 551 5183 busBV
642 5126 675 5179 17
692 5136 779 5181 tamen
796 5131 864 5195 quod
881 5131 958 5181 talam
971 5129 1030 5182 CPb
1127 5125 1160 5179 18
1177 5128 1313 5194 elegissitis
1326 5125 1372 5176 ΒΙΙ
1468 5123 1503 5177 20
1521 5133 1642 5193 tanquam
1658 5129 1682 5178 V
1774 5129 1808 5182 23
1821 5134 1935 5184 fatiscam
1944 5131 1978 5196 B,
1995 5135 2096 5184 fatiscet

437 5217 513 5269 sam
632 5212 667 5266 24
684 5216 791 5282 liquitur
802 5215 840 5280 B,
862 5217 988 5282 linquitur
1005 5216 1079 5267 esuri
1200 5211 1234 5262 26
1252 5214 1345 5264 uestris
1357 5213 1402 5262 Bo
1477 5214 1580 5264 fluentis
1601 5232 1657 5280 arcp.
1676 5217 1721 5268 lin.
1734 5215 1785 5266 Βὸ
1907 5217 1942 5269 28
1959 5219 2058 5270 dilioius
2069 5218 2096 5268 B

437 5303 578 5355 coloratum
589 5301 635 5352 13⁰
761 5298 797 5353 30
813 5303 935 5354 adseretis
946 5302 972 5351 B
1099 5299 1134 5351 32
1150 5300 1304 5351 subcumbet
1316 5297 1349 5361 B,
1367 5297 1512 5349 succumbit
1528 5296 1553 5346 V
1670 5299 1705 5352 33
1722 5303 1843 5354 discretas
1855 5303 1889 5367 B,
1906 5305 2003 5355 diuisas
2020 5305 2097 5355 ceteri

436 5387 471 5440 36
488 5389 521 5440 ad
538 5405 594 5454 sup.
609 5388 655 5438 liu.
668 5385 694 5436 B
798 5384 832 5438 37
849 5389 900 5443 alia
916 5389 965 5443 fori
982 5389 1031 5458 nis,
1048 5388 1099 5438 alia
1115 5386 1219 5443 siclinii
1237 5385 1335 5443 auditu
1352 5383 1549 5458 610109101οη
1567 5386 1638 5437 allud
1651 5389 1698 5446 sori
1710 5389 1759 5464 lus,
1777 5389 1848 5440 &llud
1858 5391 1962 5447 triclinii
1974 5389 2096 5447 odilione!

437 5474 472 5530 38
489 5475 710 5532 conuersationem
727 5472 769 5530 13¹
