4612 6442
256 599 396 714 flowing,

272 664 338 746 weldi
337 656 370 746 rttl

404 393 443 448 VI
924 397 945 453 1.
972 397 1019 452 DE
1037 396 1126 452 VITA
1143 393 1191 452 ΕΤ
1210 395 1370 454 scalpris
1389 395 1538 452 ENNODI

507 569 587 635 Post
609 569 714 648 v,erba
736 593 816 658 quae
838 571 933 638 modo
953 573 1122 653 attulimus,
1145 571 1343 638 Ennodins
1333 596 1366 637 ιιι
1388 569 1582 638 confessione
1605 595 1663 639 sua
1685 572 1730 636 sic
1752 571 1854 658 pergit
1876 576 1916 659 (p
1931 574 2003 652 303,
2016 573 2060 647 9ιι

371 665 547 754 ‘⁵,remans1
538 674 689 754 ''scluq
681 696 781 761 mops,
803 699 837 740 re
858 685 890 741 et
911 677 1043 741 consilio
1059 675 1189 748 destitut
1176 685 1236 757 tus,
1258 677 1308 740 cui
1331 677 1400 741 sola
1421 675 1591 742 remedium
1607 677 1741 741 tribuere
1756 685 1864 763 posset
1879 674 2062 740 adversitas.

371 847 372 850 Ἴ
403 800 442 842 ne
463 779 544 842 inter
565 787 724 865 parentes,
755 779 839 864 quod
862 788 910 844 est
932 781 1123 867 captivitatis
1146 789 1229 845 sorte
1251 780 1401 859 amariuS,
1428 779 1575 844 subsidia
1593 779 1720 845 vivendi
1749 779 1829 845 liber
1850 801 2010 866 poscerem
2031 789 2064 842 et

402 882 545 966 cognitus
569 881 832 968 peregrinantium
854 883 938 948 mala
958 883 1137 962 tolerarem,
1158 883 1314 969 extemplo
1336 883 1500 968 porrexisti
1524 892 1705 948 consuetam
1728 883 1899 964 dexteram,
1922 881 2062 947 defensio

402 1007 478 1066 mee,
501 995 533 1050 et
554 985 683 1052 domum
698 1011 792 1053 ceusu
815 998 846 1054 et
867 991 1015 1076 religione
1030 989 1244 1076 praedivitem,
1266 999 1302 1054 ιιι
1323 990 1474 1055 solacium
1497 1013 1599 1055 meum
1620 1015 1682 1056 non
1697 1001 1863 1078 respueret,
1885 991 2062 1078 conpulisti.

402 1090 530 1176 poposci
560 1091 592 1154 iu
619 1093 818 1158 matrimonio
840 1094 1005 1159 cuiusdam
1033 1094 1247 1159 nobilissimae
1274 1103 1305 1158 et
1336 1095 1393 1160 tibi
1423 1095 1502 1159 bene
1529 1105 1695 1182 conpertas
1727 1096 1890 1182 parvulam
1925 1095 2062 1174 filiolam,

401 1193 545 1279 protinus
666 1203 833 1283 exceptus‘.
871 1196 927 1263 sed
949 1206 1023 1285 post
1044 1197 1244 1264 intervallum
1259 1195 1416 1284 quoddam
1439 1199 1589 1285 temporis
1610 1199 1721 1263 morbo
1743 1198 1862 1263 exitiali
1878 1191 2062 1286 oppressum

401 1298 570 1385 mortisque
596 1299 746 1364 instantia
774 1302 941 1366 ιιιιιιιίιιιιιι
973 1311 1113 1367 sanctam
1135 1302 1233 1367 vitam
1261 1325 1328 1366 sese
1355 1301 1563 1390 spopondisse
1590 1311 1684 1389 atque
1710 1303 1890 1367 societatem
1914 1304 2062 1368 camilla

400 1401 516 1467 femina
536 1403 644 1468 initam
668 1404 843 1469 resolvisse.
887 1405 1081 1492 aliquantum
1105 1407 1200 1492 igitur
1222 1407 1371 1493 temporis
1394 1407 1593 1471 matrimonio
1616 1405 1797 1471 Ennodium
1820 1428 1912 1471 usum
1935 1427 2004 1472 esse
2026 1417 2061 1471 ιιι

401 1505 509 1572 credas
530 1506 622 1572 facile
637 1507 805 1572 inducaris.
842 1499 875 1573 at
897 1509 1055 1596 quomodo
1071 1510 1200 1574 clericus
1224 1510 1455 1574 consecratione
1477 1519 1571 1596 atque
1592 1510 1685 1574 etiam
1701 1507 1869 1575 diaconatu
1891 1510 2060 1575 honoratus

401 1611 545 1695 coniugio
566 1611 628 1676 frui
650 1613 763 1699 potuit,
784 1635 855 1677 cum
877 1622 926 1678 tot
939 1615 1072 1679 concilia
1094 1613 1166 1678 inde
1188 1614 1229 1678 ab
1251 1614 1392 1678 Nicaeae
1405 1614 1570 1700 episcopis
1588 1613 1778 1699 presbyteris
1801 1613 1941 1679 diaconis
1965 1616 2059 1680 casti-

400 1722 496 1778 tatem
519 1715 802 1803 continentiamque
820 1718 1061 1805 imperaverint?
1098 1726 1179 1782 recte
1201 1716 1261 1780 hoc
1284 1716 1468 1782 Sirmondus
1492 1718 1590 1782 sensit
1612 1727 1644 1782 et
1665 1740 1762 1782 uxore
1783 1719 1914 1783 remissa
1935 1717 2062 1783 tandem

400 1816 600 1884 diaconatum
622 1843 693 1884 eum
720 1819 869 1908 adeptum
898 1843 966 1886 esse
994 1821 1123 1886 censuit
1167 1819 1222 1885 sed
1253 1821 1316 1885 iam
1342 1829 1414 1886 ante
1443 1843 1558 1885 annum
1581 1824 1658 1901 495,
1687 1843 1760 1906 ergo
1787 1822 1971 1886 vicesimum
1998 1824 2062 1887 fere

400 1924 510 1988 aetatis
538 1946 654 1988 aunum
686 1947 781 2010 agens
811 1925 930 1990 clericis
961 1923 1181 1989 adnumeratus
1209 1934 1271 2004 est,
1308 1947 1425 2011 sponsa
1455 1933 1559 1989 autem
1585 1925 1666 2004 eius,
1695 1948 1766 1989 cum
1795 1947 1863 1989 eam
1891 1926 1925 1989 in
1954 1925 2061 1989 matri-

401 2027 540 2092 monium
562 2028 717 2114 poposcit,
739 2029 901 2093 etiamtum
924 2029 1057 2114 parvula
1078 2028 1175 2093 liliola
1196 2030 1275 2092 erat!
1314 2027 1390 2093 haec
1412 2051 1462 2092 res
1486 2051 1541 2114 per
1563 2051 1596 2092 se
1620 2028 1659 2093 ad
1682 2027 1902 2116 explicandum
1924 2028 2060 2094 difficilis

401 2153 530 2215 prorsus
544 2130 696 2197 librorum
710 2131 860 2197 mendosa
874 2133 1007 2197 lectione
1029 2132 1188 2219 implicata
1203 2141 1259 2210 est,
1282 2132 1335 2217 qui
1351 2140 1472 2217 praeter
1494 2131 1651 2216 egregium
1672 2131 1811 2197 codicem
1825 2132 2061 2198 Bruxellensem

402 2256 509 2299 omnes
531 2236 681 2321 praebent
703 2240 744 2322 (p.
763 2239 836 2316 304,
855 2239 935 2317 1);,
936 2236 996 2300 hoc
1018 2236 1152 2323 amplius
1176 2235 1366 2320 suffragator
1392 2257 1479 2299 meus
1502 2235 1631 2298 emeruit
1654 2258 1748 2321 quam
1770 2237 1914 2322 poposci,
1941 2247 1978 2301 ut
1998 2238 2061 2320 illa,

402 2360 481 2423 quae
503 2361 624 2403 mecum
646 2341 836 2405 matrimonii
857 2341 968 2405 habuit
990 2340 1189 2427 parilitatem,
1211 2339 1376 2423 religiosae
1398 2360 1522 2402 mecum
1543 2337 1737 2404 habitudinis
1760 2338 1873 2404 decora
1894 2341 2062 2426 partiretur

402 2449 433 2504 et
461 2441 548 2506 fieret
576 2442 725 2529 praeclari
759 2441 825 2506 dux
857 2441 973 2507 femina
1001 2442 1039 2506 tit
1026 2442 1106 2522 tuli‘,
1139 2440 1223 2506 uude
1249 2441 1424 2506 necessario
1445 2441 1541 2505 efficit
1528 2449 1579 2504 tur
1608 2441 1649 2505 ab
1677 2440 1824 2506 Ennodio
1853 2441 2038 2507 femina’m
2028 2468 2061 2508 ιιι

402 2547 634 2612 matrimonium
662 2556 820 2633 acceptam
853 2569 929 2610 esse.
974 2545 1029 2611 sed
1057 2545 1174 2610 auxilio
1196 2545 1409 2610 Bruxeliensis
1440 2519 1557 2609 codicis
1582 2567 1665 2663 nunc
1687 2543 1813 2664 demum
1840 2568 1888 2664 res
1866 2547 2062 2714 tinvoluta

404 2754 604 2840 subiugari‘
596 2779 615 2820 1.
630 2778 656 2820 e.
679 2761 723 2838 (ut
745 2779 816 2820 cum
838 2757 992 2843 permulta
1013 2755 1176 2821 latinitatis
1199 2763 1363 2842 corruptae
1385 2747 1527 2842 exempla
1550 2753 1690 2840 [Rbusch
1705 2754 1788 2818 Itala
1801 2778 1831 2840 p.
1843 2756 1918 2840 447]
1941 2753 2062 2836 docent,

403 2867 470 2921 tum
494 2858 572 2923 illud
594 2859 721 2924 Ennodi
744 2861 843 2946 ipsius
865 2885 897 2947 p.
912 2863 963 2940 58,
975 2863 1016 2926 29
1039 2861 1150 2947 ,qualis
1174 2859 1284 2924 habuit
1305 2859 1404 2941 effici‘)
1434 2860 1489 2923 illa
1516 2881 1595 2945 quae
1617 2880 1738 2922 mecum
1762 2859 1950 2924 matrimonii
1980 2861 2063 2948 pari-

403 2961 490 3026 litate
520 2962 680 3049 subiugari
707 2964 737 3028 in
766 2965 870 3029 animo
899 2964 1010 3052 habuit
1042 2968 1093 3048 (=
1114 2961 1249 3048 &heliab
1284 2963 1352 3027 fnit-
1371 2972 1518 3050 nuptura,
1547 2986 1609 3027 non
1639 2971 1745 3048 nupta.
1794 2984 1868 3047 ergo
1891 2962 2062 3045 'Enncdius

405 3086 553 3151 sponsam
577 3089 666 3132 suam
688 3091 847 3155 nunquam
870 3069 1069 3133 matrimonio
1092 3067 1152 3133 sibi
1175 3068 1326 3132 iunxerat.
1363 3067 1422 3132 hac
1444 3089 1476 3131 re
1498 3075 1601 3131 autem
1624 3066 1826 3153 comprobata
1849 3067 1910 3130 iam
1934 3067 2064 3154 explosa

405 3179 478 3233 ιιιιιι
499 3170 595 3235 verba
617 3193 699 3236 vana
721 3180 752 3236 et
774 3171 934 3237 Sirmondi
957 3172 1081 3257 ingenio
1104 3171 1196 3258 plane
1218 3170 1348 3256 indigna
1369 3193 1417 3250 ,ex
1432 3194 1494 3257 qua
1509 3173 1625 3253 (uxore)
1648 3179 1680 3234 et
1700 3170 1799 3234 lilium
1819 3170 1955 3250 sustulit,
1977 3168 2063 3256 quod

405 3273 579 3359 significare
601 3273 737 3360 quodam
759 3276 830 3342 loco
844 3275 986 3342 videtur.
1024 3276 1181 3341 invenitur
1203 3276 1235 3339 in
1258 3275 1404 3340 omnibus
1425 3273 1572 3361 operibus
1594 3297 1633 3338 ne
1656 3297 1753 3338 unum
1775 3273 1901 3361 quidem
1924 3275 2063 3355 verbum,

406 3398 468 3463 quo
497 3400 625 3443 uxorem
651 3388 705 3443 aut
727 3381 826 3445 lilium
854 3381 883 3445 ei
909 3380 1006 3445 fuisse
1034 3379 1207 3444 declaretur
1214 3404 1223 3458 ;
1254 3380 1350 3443 immo
1380 3378 1453 3443 inde
1475 3378 1560 3465 quod
1582 3403 1612 3466 p.
1628 3381 1701 3458 280,
1721 3381 1738 3444 7
1762 3379 1868 3444 omnia
1897 3401 1976 3465 quae
2002 3379 2064 3444 sibi

406 3480 566 3546 aFausto
589 3481 792 3561 donarentur,
821 3492 1047 3570 postmortem
1069 3506 1158 3554 suam
1182 3483 1214 3547 in
1236 3483 1320 3547 illius
1342 3484 1574 3570 possessionem
1595 3482 1734 3547 reditura
1755 3505 1823 3547 esse
1846 3482 1939 3562 dixit,
1965 3483 2064 3547 lilium

406 3586 446 3650 ab
468 3585 616 3650 Ennodio
639 3586 782 3652 heredem
812 3587 953 3652 relictum
980 3610 1043 3653 non
1072 3609 1140 3651 esse
1163 3587 1239 3652 satis
1261 3588 1367 3672 liquet
1412 3610 1507 3673 quare
1529 3587 1607 3651 nihil
1637 3596 1734 3651 restat
1755 3588 1815 3652 nisi
1838 3595 1873 3650 ut
1895 3610 1966 3651 cum
1988 3587 2064 3653 Bol-

374 3725 375 3728 =
405 3685 550 3754 landistis
573 3691 623 3774 (A.
639 3690 671 3755 S.
694 3691 754 3756 Iul.
769 3691 869 3779 IVp.
886 3695 959 3776 271)
979 3692 1173 3779 suspicemur
1196 3689 1428 3756 Sirmondum'
1419 3714 1452 3756 m
1471 3691 1583 3756 falsam
1605 3691 1689 3756 illam
1711 3692 1893 3756 sententiam
1916 3690 2064 3756 incidisse

406 3791 577 3858 adductum
599 3795 749 3883 epitaphii
772 3800 907 3862 versu3
916 3797 1056 3877 c:larus
1079 3794 1166 3883 prole
1188 3795 1328 3882 quidem,
1350 3797 1529 3881 generosior
1550 3796 1618 3882 ipse
1640 3795 1844 3882 propinquis,
1872 3818 2062 3917 quamquam

406 3897 561 3964 vocabulo
582 3899 680 3986 prolis
702 3899 806 3965 hic
775 3925 840 3966 vrm
863 3902 1020 3987 prosapiei
1042 3900 1092 3965 vel
1114 3900 1221 3986 stirpis
1244 3921 1312 3964 esse
1334 3899 1366 3962 in
1389 3908 1537 3986 promptu
1559 3909 1615 3964 est

510 4001 636 4081 Quodsi
650 4003 815 4070 Ennodius
839 4009 879 4092 (p
895 4008 967 4084 303,
985 4007 1088 4082 lass.)
1111 4005 1274 4068 confitetur
1296 4025 1328 4067 se
1351 4004 1383 4066 iu
1406 4001 1533 4068 domum
1549 4026 1683 4090 sponsae
1698 4013 1855 4091 receptum
1871 4004 2064 4091 aliquamdiu

407 4107 547 4173 omnium
568 4131 670 4173 rerum
693 4110 784 4196 copia
805 4108 994 4188 diffluxisse,
1021 4108 1125 4173 subito
1152 4119 1258 4173 autern
1280 4106 1352 4174 ad
1344 4109 1484 4196 mopiam
1506 4106 1668 4173 reductum
1690 4131 1771 4189 esse,
1799 4108 1832 4172 id
1859 4108 1958 4196 ipsius
1982 4119 2063 4174 certe

407 4213 499 4299 culpa
527 4222 559 4277 et
587 4211 738 4278 effusione
768 4213 834 4278 fleri
865 4236 928 4278 non
955 4214 1066 4300 potuit
1121 4235 1231 4298 nempe
1260 4212 1314 4298 qui
1345 4213 1508 4298 coniugem
1536 4235 1598 4278 non
1628 4211 1753 4292 habuit,
1786 4211 1891 4276 dotem
1922 4214 2063 4301 coniugis

407 4316 593 4403 prolimdere
615 4317 757 4403 nequivit
779 4323 898 4402 (contra
919 4317 1053 4382 Teuffeli
1074 4317 1146 4382 hist
1169 4317 1228 4382 litt
1250 4315 1342 4381 Rom.
1358 4316 1482 4397 4791).
1527 4317 1620 4380 aliam
1642 4317 1748 4403 potius
1772 4339 1912 4396 causam,
1938 4341 1993 4382 cur
2014 4341 2063 4383 res

406 4422 569 4489 familiaris
592 4446 726 4512 sponsae
748 4425 908 4490 deminuta
929 4426 979 4504 sit,
1001 4424 1211 4489 divinabimus
1234 4424 1405 4510 cogitantes
1428 4423 1588 4510 sponsalia
1609 4424 1642 4487 in
1663 4446 1761 4489 annos
1784 4425 1956 4490 490-494
1972 4421 2065 4488 deve-

407 4528 500 4608 nisse,
528 4529 642 4615 quibus
671 4529 863 4616 temporibus
892 4538 959 4594 tota
986 4528 1081 4593 Italia
1106 4527 1260 4615 superior,
1288 4527 1430 4615 inprimis
1461 4536 1564 4593 autem
1590 4527 1731 4612 regiones
1758 4527 1840 4592 circa
1866 4527 2012 4592 '.l'icinum
2034 4535 2065 4592 et

407 4629 623 4697 Mediolanum
646 4635 736 4714 sitae,
763 4642 799 4699 ut
819 4631 985 4698 Ennodius
1008 4632 1075 4719 ipse
1109 4631 1141 4696 in
1168 4632 1235 4698 vita
1261 4631 1421 4719 Epiphani
1445 4629 1606 4711 disseruit,
1636 4631 1791 4696 coutinuis
1819 4631 1970 4696 bellorum
1999 4641 2064 4698 tur

408 4735 533 4803 binibus
556 4746 698 4803 vastatae
727 4746 809 4803 sunt.
853 4747 946 4824 atque
972 4737 1031 4802 hac
1058 4733 1166 4816 causa,
1193 4735 1279 4823 quod
1300 4735 1428 4802 divitiae
1451 4757 1585 4823 sponsae
1607 4733 1747 4822 dilapsae
1769 4745 1854 4816 sunt,
1881 4735 2062 4802 Ennodium

407 4849 598 4906 commotum
619 4863 702 4921 esse,
731 4851 767 4906 ut
788 4864 844 4928 spe
871 4842 1016 4928 copiosae
1038 4840 1122 4906 dotis
1149 4840 1317 4906 destitutus
1340 4862 1490 4928 sponsam
1512 4838 1705 4918 destitueret,
1734 4839 1889 4926 malignus
1911 4842 2063 4929 interpres

407 4944 493 5011 haud
514 4947 580 5012 scio
602 4969 642 5011 an
664 4947 806 5011 coniciet
848 4970 920 5011 nam
943 4944 1020 5032 quid
1042 4944 1081 5011 de
1102 4945 1213 5012 morbo
1234 4945 1302 5025 illo,
1329 4967 1391 5031 quo
1413 4945 1455 5010 ad
1477 4965 1589 5008 ιιιιιιιιιι
1612 4943 1857 5010 ecclesiasticum
1879 4945 2063 5032 perductum

408 5071 442 5114 se
463 5071 532 5116 esse
553 5051 688 5131 dictitat,
711 5050 907 5115 sentiendum
929 5051 987 5130 sit,
1008 5050 1090 5114 infra
1111 5048 1298 5116 videbimus.

324 5177 396 5218 nesus
511 5154 674 5235 Quamdiu
695 5178 743 5236 ,ex
765 5153 910 5220 mendico
937 5156 971 5218 in
992 5177 1094 5240 regem
1118 5161 1266 5219 mutatus‘
1294 5152 1407 5240 opibus
1436 5173 1569 5238 sponsae
1596 5175 1673 5218 usus
1696 5152 1739 5217 sit
1760 5154 1931 5232 nescimus;
1959 5162 2064 5218 tamen

408 5259 486 5325 illud
508 5269 631 5349 tempus
659 5286 722 5328 non
744 5263 789 5328 ita
814 5263 908 5328 breve
929 5263 1027 5327 fuisse
1055 5262 1277 5349 comprobatur
1299 5259 1403 5326 verbis
1432 5263 1472 5346 (p.
1487 5261 1560 5338 303,
1572 5263 1624 5344 21)
1646 5260 1834 5348 ,produxisti
1856 5267 2006 5348 tempora‘
2033 5269 2064 5324 et
2169 5335 2170 5339 η

409 5367 449 5450 (p.
465 5367 538 5444 303,
549 5369 601 5447 29)
628 5365 753 5453 ,gaudia
779 5366 950 5454 producta‘.
994 5367 1184 5456 calamitate,
1211 5389 1273 5452 qua
1294 5366 1406 5429 iterum
1430 5363 1470 5428 ad
1492 5364 1631 5451 inopiam
1654 5364 1797 5430 mdacms
1820 5373 1880 5443 est,
1908 5363 2064 5450 descripta

409 5470 485 5534 haec
507 5469 678 5556 sequuntur
701 5474 740 5556 (p.
756 5473 829 5550 303,
838 5474 905 5555 29):
928 5472 1043 5550 ,statim
1068 5471 1131 5536 alio
1145 5470 1272 5557 quidem
1295 5470 1413 5548 itinere,
1436 5489 1499 5532 non
1522 5477 1627 5532 tamen
1649 5469 1768 5554 impare
1791 5467 1965 5534 subvenisti
1987 5467 2064 5550 (soil.

408 5573 504 5656 deus).
540 5573 692 5640 ordinasti
715 5585 751 5639 ut
772 5597 827 5662 per
850 5575 985 5640 officium
1007 5576 1172 5640 levitarum
1195 5582 1322 5638 coactus
1345 5593 1471 5637 sanarer
1492 5579 1524 5634 et
1545 5570 1663 5656 inpacti
1685 5571 1812 5636 honoris
1835 5571 1957 5636 sarcina
1979 5567 2064 5656 quod

409 5681 569 5766 premebat
589 5703 608 5744 a
631 5703 679 5744 me
702 5680 825 5768 pondus
849 5686 1023 5745 amoveret‘.
1068 5689 1191 5766 tempus
1219 5675 1344 5766 quoad
1367 5674 1515 5742 ecclesiae
1536 5674 1669 5738 honores
1693 5674 1875 5762 adspirandi
1897 5673 2064 5738 consilium
