4538 6436
741 415 777 470 u
797 415 929 482 (opusc.
949 418 986 484 e),
1010 417 1031 470 s
1051 417 1173 486 (osen.
1193 417 1218 484 2,
1236 417 1272 486 r).
1796 423 1838 484 or

179 588 380 668 nobilitatis,
416 586 653 673 subripientem
681 588 809 653 miseris
836 591 1108 656 vestimentorum
1138 591 1292 678 largitate
1322 591 1414 678 pellit
1441 592 1598 677 algorem.
1643 612 1746 678 prope
1775 592 1838 656 iam
1854 593 1914 657 134

178 693 295 758 iterum
317 690 575 757 necessitatibus
601 692 711 757 ferunt
732 693 889 758 auxilium
912 694 1033 759 decora
1055 696 1223 778 fastorum,
1247 701 1281 761 et
1295 695 1400 760 veteri
1418 694 1610 760 infidelitate
1633 694 1784 781 deposita
1806 696 1839 760 in

185 797 242 862 tali
265 795 517 882 praeparatione
549 816 666 860 census
694 794 867 882 dispendia
890 798 1076 864 efficiuntur
1098 799 1189 863 lucra
1211 799 1404 863 animarum.
1449 820 1527 864 ecce
1551 819 1637 864 nuno
1660 798 1700 863 ad
1723 805 1836 885 gesta-

179 901 296 965 toriam
312 899 428 964 sellam
444 899 642 985 apostolicae
656 899 868 966 confessionis
880 908 993 967 vestra
1008 903 1141 967 mittunt
1156 903 1269 967 limina
1285 901 1483 982 candidatos,
1500 909 1533 968 et
1546 901 1701 968 uberibus
1715 902 1837 989 gaudio

113 1026 125 1061 s
178 1010 334 1068 exactore
357 1002 490 1068 fletibus
514 1004 644 1068 conlata
666 1002 721 1069 dci
744 1003 904 1069 beneficio
927 1003 1011 1069 dona
1034 1007 1252 1091 geminantur.
1298 1005 1379 1081 Quis
1402 1013 1565 1093 tempore,
1596 1025 1659 1091 quo
1683 1007 1835 1093 pretiosis
1854 1003 1913 1066 ¹35

85 1125 107 1167 s
121 1117 160 1158 ³⁵²
179 1108 339 1173 siccamus
369 1107 473 1173 ubera
500 1106 676 1195 partubus,
708 1128 771 1195 quo
795 1108 921 1194 prolem
944 1115 1089 1173 nostram
1113 1115 1249 1174 aeterne
1271 1109 1423 1195 genetrix
1447 1129 1559 1174 rursus
1581 1109 1729 1196 peritura
1751 1131 1838 1176 nuno

178 1212 328 1300 suscipit,
358 1211 450 1276 cuius
478 1217 553 1298 post
581 1211 719 1299 primam
743 1211 951 1278 nativitatem
974 1209 1170 1297 grandaevis
1194 1212 1316 1278 fetibus
1340 1213 1433 1278 alvus
1457 1213 1621 1300 impletur,
1651 1213 1837 1299 quaemihi

177 1317 301 1403 prolem
325 1311 551 1402 regenerando
575 1314 704 1381 dulcem
728 1316 807 1381 facit
829 1335 902 1380 esee
926 1335 1023 1399 quam
1048 1316 1171 1402 peperi,
1195 1336 1280 1402 quac
1302 1315 1344 1381 ad
1368 1338 1404 1382 ae
1421 1317 1593 1382 venientes
1616 1317 1743 1382 senium
1757 1317 1838 1385 facit

178 1439 301 1485 exuere
318 1425 352 1484 et
367 1417 408 1484 ad
424 1419 512 1484 vitae
528 1419 689 1506 principia
703 1418 811 1484 redire
828 1420 1022 1500 confractos,
1043 1421 1116 1506 quie
1133 1420 1217 1485 hanc
1230 1421 1431 1500 felicitatem,
1456 1441 1546 1507 rogo,
1569 1421 1835 1508 interpellatione

101 1543 127 1580 ¹⁰
179 1529 376 1589 commutat?
421 1522 495 1610 quis
523 1545 583 1610 per
610 1522 807 1589 discordiam
835 1523 983 1609 viperina
1008 1529 1119 1590 mente
1151 1526 1352 1611 conpositam
1382 1524 1473 1589 aurei
1495 1524 1575 1588 mihi
1598 1525 1721 1590 saeculi
1746 1525 1838 1591 iubet
1852 1519 1913 1584 136

176 1629 283 1716 perire
299 1627 482 1693 beneficia?
517 1627 590 1713 quis
608 1627 641 1692 in
658 1627 871 1694 renovatione
887 1647 962 1691 mea
977 1647 1129 1691 occasum
1152 1626 1375 1693 clandestinus
1397 1627 1537 1714 inspirat
1559 1632 1593 1692 et
1614 1648 1674 1713 per
1695 1627 1836 1696 blandae

177 1731 293 1798 frontis
324 1731 467 1817 speciem
495 1731 671 1796 inimicitiis
700 1731 787 1796 vires
817 1728 976 1815 adquirit?
1018 1719 1216 1816 'generosam
1244 1732 1277 1796 in
1305 1731 1363 1796 tali
1392 1732 1525 1817 negotio
1553 1731 1739 1818 prosapiem
1769 1753 1835 1798 non

181 1855 333 1922 agnosco.
371 1834 399 1900 ai
415 1835 471 1921 qui
487 1842 563 1900 eunt
579 1841 690 1900 tamen
706 1855 915 1916 summorum,
939 1855 1018 1919 quos
1034 1835 1154 1900 vilibus
1171 1837 1376 1923 tempestatis
1399 1835 1495 1902 buius
1517 1836 1663 1924 procella
1686 1837 1832 1920 sociavit,

177 1939 249 2003 aliis
281 1936 471 2003 auctoribus
503 1937 685 2004 facinorum
713 1938 966 2030 participatione
994 1940 1209 2006 maculantur.
1256 1939 1411 2028 splendor
1440 1941 1623 2026 sanguinis,
1655 1940 1716 2005 etsi
1743 1935 1911 2006 com-137

111 2060 124 2094 r·
177 2043 363 2106 munionem
394 2041 566 2106 criminum
598 2041 751 2123 incurrit,
782 2042 887 2108 nescit
915 2051 1025 2108 tamen
1056 2042 1173 2108 ducem
1197 2065 1233 2110 ae
1262 2046 1420 2132 praebere
1444 2044 1669 2131 peccantibus.
1714 2043 1836 2111 babeat

175 2145 311 2212 forsitan
335 2152 463 2211 reatum
486 2146 527 2211 de
550 2147 705 2232 neglecta
727 2147 891 2229 cautione,
914 2167 980 2212 non
1003 2144 1105 2212 habet
1127 2147 1260 2232 dignum
1285 2147 1481 2236 supplicium
1503 2147 1544 2214 de
1566 2149 1728 2214 scelerum
1744 2149 1835 2234 prin-

176 2251 295 2335 cipatu.
330 2249 390 2315 sub
407 2249 548 2337 quadam
561 2248 762 2316 verecundia
778 2249 924 2336 iungitur
938 2249 1218 2336 delinquentibus,
1242 2251 1298 2338 qui
1313 2251 1354 2316 ad
1372 2251 1484 2318 adulta
1500 2251 1607 2338 iurgia
1622 2258 1835 2317 convocatur:

176 2374 241 2419 non
262 2361 409 2420 merctur
430 2354 697 2442 desperationem
720 2354 857 2448 perditi,
888 2355 922 2419 in
947 2374 1011 2439 quo
1040 2353 1147 2420 facilis
1178 2361 1303 2420 tantum
1329 2354 1505 2421 credulitas
1529 2357 1732 2443 inprobatur.
1777 2347 1912 2420 vos138

175 2458 283 2543 potius
307 2458 421 2541 video,
449 2459 620 2525 triviorum
647 2458 810 2545 germina,
837 2479 897 2523 vos
920 2479 1082 2542 agnosco,
1111 2459 1145 2524 in
1169 2459 1286 2546 quibus
1308 2466 1445 2525 naturae
1468 2459 1577 2524 vilitas
1601 2461 1835 2527 convenientes

98 2577 124 2616 ²⁰
177 2561 240 2626 sibi
256 2583 365 2629 mores
381 2564 521 2652 peperit,
545 2583 625 2649 quos
642 2561 864 2650 degenerasse
882 2561 1014 2627 claritas
1035 2561 1153 2644 fuerat,
1177 2563 1232 2649 qui
1249 2583 1309 2649 pcr
1330 2562 1488 2629 mentitae
1512 2563 1642 2629 titulum
1666 2562 1835 2651 religionis

176 2664 328 2751 gaudetis
357 2667 540 2754 inpunitate
564 2667 733 2746 vitiorum,
766 2685 904 2752 quorum
934 2665 1021 2730 labia
1051 2687 1228 2752 numquam
1256 2671 1312 2732 aut
1339 2665 1500 2731 honorum
1525 2688 1624 2754 sapor
1646 2667 1756 2754 tetigit
1778 2671 1836 2732 aut

175 2771 304 2856 quietis,
328 2771 383 2858 qui
405 2770 456 2837 faa
480 2791 577 2837 omne
600 2771 720 2856 origini
742 2766 888 2858 parendo
911 2769 1057 2852 violatis,
1081 2791 1162 2856 quos
1186 2769 1227 2834 de
1249 2769 1387 2836 latebris
1412 2777 1446 2836 et
1469 2770 1633 2857 specubus
1656 2769 1833 2858 productos

84 2895 157 2944 aas
175 2895 334 2961 praesens
351 2897 451 2942 cause
466 2875 670 2942 monstravit.
708 2873 880 2962 quisenta
904 2874 1190 2940 concinnationem
1212 2874 1289 2939 mali
1312 2874 1418 2957 huius,
1442 2875 1497 2960 qui
1520 2875 1649 2957 essetis,
1672 2875 1829 2960 agnovit?
1849 2881 1909 2943 139

176 2979 232 3044 diu
254 2979 383 3046 fovistis
406 2987 554 3062 secreta,
583 2980 701 3067 quibus
724 3000 783 3044 vos
806 2999 873 3043 nox
897 2980 1122 3064 generationis
1145 2977 1326 3044 abdiderat.
1371 2977 1475 3044 redite
1497 2965 1607 3066 potius
1632 2976 1672 3044 ad
1696 2979 1835 3044 amicam

98 3097 122 3134 ²³·
176 3085 386 3168 caecitatem,
423 3085 518 3151 nobis
547 3104 697 3150 serenam
730 3091 764 3149 et
794 3083 943 3150 diurnam
978 3084 1085 3150 lucem
1118 3084 1308 3169 relinquite:
1344 3080 1552 3148 concordiam
1588 3084 1748 3150 ecclesiae
1779 3087 1835 3148 eut

1847 1723 1901 1767 lsld.
1914 1724 1992 1768 Auter.

1869 1787 1904 1831 01³·
1919 1776 1933 1828 f
1944 1781 1965 1820 ⁴·

176 3187 327 3255 absentia
356 3196 413 3255 aut
445 3189 647 3256 correctione
680 3195 859 3276 praestate.
908 3188 935 3252 si
968 3194 1079 3254 tamen
1110 3188 1209 3252 vultis
1239 3208 1297 3252 vos
1327 3187 1491 3253 numerari
1523 3188 1610 3253 inter
1645 3185 1834 3274 splendidas

175 3293 357 3378 prosapies,
380 3299 512 3358 actuum
535 3290 766 3358 emendatione
790 3289 1008 3376 cognoscam’.

870 3601 898 3668 Ιι
920 3601 1028 3688 (crau.
1045 3606 1075 3684 2,
1092 3605 1137 3687 2).

635 3797 897 3874 EPITAFIVM
924 3797 1241 3872 HABVNDANTI
1268 3796 1312 3871 V.
1343 3797 1371 3871 l.

541 3966 727 4053 Numquam
749 3975 854 4036 morte
877 3967 963 4054 perit
985 3966 1111 4033 meritis
1134 3973 1210 4053 post
1232 3965 1329 4031 busta
1352 3969 1532 4054 superstes,

587 4070 719 4137 Funera
742 4071 916 4136 sublimem
939 4092 1005 4136 non
1028 4069 1162 4156 capiunt
1185 4071 1336 4136 animam.

543 4173 683 4260 Sanguis
706 4174 810 4240 bonor
832 4174 949 4261 genius
972 4173 1120 4262 probitas
1144 4173 1330 4239 constantia
1353 4192 1472 4238 census

587 4279 786 4347 Interimunt
808 4281 920 4346 multis
944 4279 1075 4346 dotibus
1099 4279 1248 4346 exitium.

471 4399 482 4432 ἵν
539 4382 579 4448 In
602 4404 775 4450 commune
798 4383 906 4450 bonus
929 4405 995 4449 non
1018 4383 1120 4449 sentit
1142 4382 1261 4448 damna
1284 4381 1438 4469 sepulcri.

588 4485 663 4552 Fila
684 4489 799 4574 legunt
821 4488 946 4554 Parcae
970 4508 1054 4574 quae
1077 4485 1237 4553 dederant
1259 4486 1399 4552 miserie.

541 4590 692 4657 Pendula
714 4592 880 4657 lassantur
902 4613 986 4678 quae
1010 4591 1143 4680 plebem
1165 4592 1308 4658 stamina
1330 4596 1478 4678 portant:

588 4693 703 4760 Fortia
725 4695 920 4782 contingunt
943 4696 1021 4760 licia
1043 4694 1220 4761 nobilibus.

543 4797 634 4862 (lana
657 4799 838 4865 venerandi
860 4800 1064 4866 renovabant
1087 4800 1221 4865 saccula
1243 4820 1363 4878 mores,

462 4919 487 4956 ¹⁰
591 4902 695 4989 Inque
718 4904 824 4969 vicem
847 4905 962 4990 templi
985 4910 1122 4990 pectora
1145 4902 1267 4968 munda
1290 4904 1374 4970 tulit.

279 5201 293 5253 1
313 5201 454 5254 nobilitatis
474 5198 508 5266 (is
525 5201 554 5252 in
571 5197 619 5264 lit.)
632 5199 658 5250 Β
795 5197 916 5252 dveetre
940 5201 1045 5252 mittunt
1062 5200 1167 5267 εσνὶρεί,
1189 5206 1221 5251 ut
1239 5198 1361 5250 multumt
1376 5195 1414 5260 B,
1437 5197 1489 5250 uda
1512 5198 1618 5251 mittunt
1634 5193 1764 5262 Vch,
1791 5195 1833 5248 uel

174 5290 296 5342 omittunt
307 5289 346 5352 Α,
368 5288 411 5340 uel
428 5288 577 5340 ammittunt
590 5286 628 5350 Β,
652 5286 695 5338 uel
714 5287 852 5338 admittunt
865 5285 888 5338 S
1025 5285 1043 5336 b
1060 5281 1187 5350 exactore]
1211 5284 1373 5337 exactoribus
1385 5282 1432 5334 Βιι
1571 5281 1588 5334 6
1606 5283 1722 5351 partibus
1738 5279 1835 5332 B⁰TB

174 5377 292 5445 genemix
309 5373 397 5437 BLR,
419 5374 531 5442 genitrix
549 5375 596 5426 rel.
737 5371 752 5423 7
771 5374 908 5441 impleatur
919 5374 964 5425 13⁶
1101 5371 1119 5423 9
1137 5369 1205 5439 quis]
1224 5371 1268 5438 qui
1280 5371 1326 5422 Β(ι
1467 5367 1501 5422 10
1517 5365 1685 5437 conpositam]
1708 5369 1833 5421 concitem

175 5463 272 5514 Hartcl
393 5458 425 5511 11
443 5461 613 5513 clandistinue
625 5459 651 5511 B
773 5457 806 5510 12
822 5457 926 5527 frontis]
949 5459 1046 5511 frondis
1062 5455 1103 5508 Vl
1180 5457 1299 5525 adquiret
1312 5457 1337 5507 B
1459 5455 1493 5507 14
1509 5452 1667 5521 auctoribus]
1689 5455 1797 5507 auribus
1808 5453 1834 5505 Β

175 5547 209 5600 15
225 5549 319 5600 lrabeat
329 5546 363 5611 Β,
383 5547 462 5600 habet
478 5547 554 5599 ceteri
659 5544 693 5598 18
711 5546 909 5613 disperationem
921 5545 947 5596 Β
1051 5542 1084 5595 19
1102 5544 1237 5596 tribiorum
1249 5545 1275 5596 Β
1378 5541 1413 5594 22
1430 5543 1550 5610 specibus
1561 5541 1587 5592 Β
1657 5541 1796 5608 productus
1808 5539 1835 5591 B

175 5633 209 5687 23
226 5652 330 5688 canum
343 5630 414 5684 ΒΨ
517 5631 553 5686 25
570 5633 678 5688 &seiae
690 5632 716 5683 B
819 5629 853 5683 27
871 5628 1034 5699 cognoscam]
1053 5632 1111 5683 linit
1128 5629 1191 5682 odd.
1205 5629 1282 5681 BVL

280 5735 325 5804 [L]
364 5735 399 5788 28
416 5720 611 5789 abuudantius.
630 5753 722 5789 uersus
737 5735 783 5787 Vn
887 5752 912 5787 r.
932 5734 946 5786 l
964 5735 1089 5802 superetis
1102 5734 1128 5785 Β
1233 5751 1257 5784 v.
1276 5732 1294 5786 5
1310 5731 1431 5786 eentetB

1591 5820 1628 5873 9·
