4566 6532
847 376 1002 432 cccnxnl
1020 377 1124 444 (olon.
1142 377 1196 445 21).
1786 379 1843 442 261

193 549 264 613 sinc
289 549 410 613 solacio
435 548 597 612 oratoriae
620 549 701 612 artis
725 549 874 634 aequitas
898 548 1078 615 adseratur.
1121 549 1208 635 eligo
1232 571 1396 636 pompam,
1420 568 1516 634 quam
1540 547 1687 633 probitas
1710 547 1848 614 detensa

192 653 363 738 parturiet.
403 651 561 738 procedat
584 658 698 716 contra
722 651 1023 736 eloquentissimum
1039 654 1143 717 virum
1167 653 1359 717 caelestium
1375 653 1486 717 favore
1501 651 1628 716 munita
1643 651 1847 738 simplicitas.

192 754 233 820 de
256 755 377 820 fiducia
399 756 542 840 partium
567 761 749 819 nostrarum
773 756 877 820 oritur
906 754 989 841 quod
1019 755 1188 820 audemus.
1233 777 1293 820 vos
1323 757 1562 838 tantummodo,
1590 755 1755 841 principes
1778 755 1849 836 viri,
1884 757 1927 850 3,

191 859 429 944 benignitatem
452 864 595 923 vestram
619 857 711 923 salva
734 859 860 922 aurium
884 859 1130 943 animorumque
1155 859 1306 924 cautione
1336 867 1518 945 praestate,
1547 881 1588 924 ne
1612 865 1768 924 coturnus
1790 839 1998 952 illep,1‚¹}¹,‘¹1'1.d

128 985 139 1020 τι
193 963 362 1028 sublimior
384 962 448 1027 oris
472 961 627 1027 facultate
652 982 717 1046 qua
738 962 909 1047 praevalet
932 961 964 1025 in
989 963 1197 1048 possessione
1222 983 1281 1027 sua
1304 962 1417 1028 credat
1446 984 1521 1029 esse
1545 963 1724 1028 victoriam.
1770 961 1848 1047 quid
1862 944 1956 996 ΜΨ·
1970 949 1990 988 ³·

193 1071 245 1130 cst
273 1065 363 1130 aliud
385 1064 543 1130 adversus
574 1066 645 1129 cius
672 1065 816 1149 impetus
846 1085 905 1128 nos
934 1066 1062 1145 iuvare,
1095 1067 1156 1130 nisi
1179 1067 1444 1151 peregrinantem
1468 1066 1626 1131 reducere
1650 1073 1725 1151 post
1747 1065 1849 1130 iuter·

192 1170 279 1234 valla
302 1169 483 1234 iustitiam?

882 1305 1161 1372 PRINCIPIVM.

303 1443 500 1525 Gauderem,
525 1444 707 1529 cognitores
730 1443 930 1528 amplissimi,
955 1443 1101 1508 evasisse
1118 1466 1170 1510 me
1188 1445 1343 1531 pedorem
1360 1447 1510 1526 carceris,
1535 1447 1643 1511 vincla
1657 1445 1846 1530 piratarum,
1881 1447 1901 1508 4

191 1547 255 1612 nisi
285 1568 434 1632 regresso
467 1547 545 1610 mihi
573 1567 807 1632 myoparonum
836 1547 907 1610 loco
938 1553 1031 1633 patcr
1061 1549 1231 1615 existerat.
1277 1550 1405 1634 quaerit
1427 1572 1447 1613 a
1470 1571 1522 1614 me
1547 1549 1719 1626 alimenta,
1751 1565 1848 1632 quem

192 1671 254 1716 nec
284 1671 364 1714 auro
391 1651 433 1715 ab
462 1650 610 1714 hostibus
639 1671 700 1714 nec
731 1650 875 1714 lacrimis
906 1649 1064 1715 liberavit.
1111 1658 1205 1736 putat
1235 1651 1320 1737 quod
1351 1651 1399 1714 illi
1423 1650 1546 1716 debeat
1575 1671 1745 1734 regressus
1776 1650 1847 1714 eius
1932 1638 1934 1643 '

191 1753 368 1841 prolicere,
393 1774 490 1839 quem
514 1775 587 1817 oum
610 1753 716 1838 potuit
738 1774 804 1817 non
827 1752 978 1817 redemit.
1024 1755 1143 1819 frustra
1166 1761 1295 1842 pastum
1319 1754 1478 1820 beneficio
1503 1755 1586 1840 legis
1610 1754 1769 1839 inploras‚
1792 1755 1847 1839 qui

191 1857 287 1922 factis
322 1856 387 1921 tuis
419 1862 556 1923 naturae
592 1857 664 1920 iura
700 1857 838 1921 solvisti.
889 1857 1040 1922 exhiberi
1073 1859 1193 1922 victum
1231 1858 1377 1944 patribus
1408 1858 1459 1922 ius
1493 1857 1651 1923 decernit.
1701 1877 1766 1921 non
1797 1861 1848 1922 est
1882 1863 1901 1924 5

192 1960 415 2026 tantummodo
447 1967 684 2024 sacramentum
719 1959 806 2024 istud
834 1960 867 2023 in
897 1961 1039 2026 nominc.
1084 1961 1172 2025 dicat
1195 1961 1246 2027 vel
1274 1963 1394 2048 pirata,
1426 1962 1452 2024 si
1476 1967 1569 2048 pater
1591 1980 1637 2024 cs.
1681 1959 1849 2024 meliorem

130 2109 133 2120 .
194 2086 246 2130 me
275 2065 378 2130 luisse
405 2070 533 2129 mortuo
564 2085 663 2150 saepe
693 2085 765 2129 cum
798 2064 955 2148 loqueris,
988 2085 1162 2150 numquam
1193 2064 1339 2130 ostendis
1363 2085 1453 2145 esse,
1485 2085 1558 2128 curn
1581 2063 1719 2128 iudicas.
1763 2063 1849 2126 viam

193 2170 361 2254 culparum
386 2168 533 2252 germani
556 2167 747 2232 decedentis
771 2168 950 2233 adtendite.
987 2170 1059 2254 ipsc
1082 2171 1186 2254 magis
1210 2170 1367 2254 genitoris
1389 2169 1535 2236 moribus
1557 2168 1665 2255 paruit
1680 2167 1735 2252 qui
1752 2151 1848 2252 prae*—

193 2273 278 2336 latus
301 2279 367 2335 cet:
392 2291 455 2356 ego
473 2292 536 2356 quo
553 2271 662 2336 omine
679 2272 779 2335 vitam
795 2293 902 2336 meam
919 2293 979 2358 por
995 2279 1170 2337 extrancos
1187 2273 1228 2338 ab
1245 2274 1318 2338 istis
1334 2279 1427 2338 actus
1444 2272 1623 2357 exegerim,
1646 2269 1848 2335 declaratum

194 2380 254 2456 est,
278 2395 352 2439 cum
374 2394 427 2439 me
450 2381 545 2460 pater
567 2373 790 2459 praedonibus
815 2382 931 2461 sponte
954 2375 1137 2462 dereliquit.
1176 2377 1284 2442 valida
1301 2378 1363 2443 sibi
1380 2375 1683 2443 rideturedversus
1700 2373 1847 2439 sobolem
1882 2377 1902 2438 6

193 2485 388 2563 argumenta
411 2499 607 2564 proponere,
631 2499 704 2541 cum
728 2479 975 2564 propensiorem
999 2481 1140 2565 gratiam
1164 2481 1324 2546 meruisse
1347 2481 1447 2545 iactet
1471 2479 1668 2565 culpabilem
1690 2478 1792 2542 lilium
1816 2481 1850 2542 et

116 2611 121 2622 ·
194 2581 378 2668 proximum
402 2583 601 2667 sepulturae.
648 2602 782 2666 quaeso,
807 2581 943 2662 iudices,
967 2585 1176 2669 pronuntiate
1200 2583 1277 2669 quid
1300 2585 1456 2650 debeam!
1500 2582 1628 2646 interim
1652 2581 1775 2646 clarum
1799 2587 1850 2644 cst

193 2707 246 2750 mc
270 2691 303 2750 ot
327 2685 489 2750 cineribus
512 2685 622 2748 vitiosi
647 2684 750 2748 luisse
773 2687 1002 2772 postpositum.
1047 2709 1112 2751 non
1136 2686 1304 2752 erubescit
1326 2685 1502 2772 quidquam
1525 2686 1567 2750 ab
1591 2705 1631 2750 eo
1653 2685 1849 2750 auctoritate

193 2789 341 2875 parentis
372 2789 522 2875 exigere,
554 2789 586 2852 in
615 2808 677 2874 quo
707 2810 781 2853 esse
804 2789 909 2853 noluit
932 2789 1017 2874 quod
1041 2795 1188 2854 vocatur.
1232 2789 1357 2854 utinam
1381 2789 1460 2852 mihi
1482 2787 1523 2853 ad
1546 2788 1606 2852 hos
1629 2807 1708 2850 usus
1730 2785 1848 2850 valitu-
1885 2791 1903 2850 'l

193 2892 302 2956 dinem
334 2893 512 2978 piratarum
545 2897 663 2957 catena
695 2897 910 2957 reservasset!
962 2893 1105 2958 lacerem
1138 2892 1341 2978 praebitione
1373 2891 1511 2956 indebiti
1545 2889 1693 2955 alimenti
1721 2895 1849 2976 patrem

194 3017 304 3060 meum
326 2995 450 3082 pudore
475 2995 650 3081 captivum,
680 3002 716 3059 ut
738 2995 878 3061 iniustus
900 2997 1026 3061 arbiter
1048 2996 1088 3060 de
1111 2997 1263 3082 propriae
1288 3002 1435 3080 gemeret
1456 2995 1628 3080 iniquitate
1652 2994 1849 3059 sententiae.

196 3100 286 3164 cibus
309 3100 406 3179 enim,
431 3101 486 3185 qui
510 3099 552 3163 ab
575 3100 632 3163 illo
654 3107 853 3186 praestatur,
877 3101 929 3164 cui
952 3099 1033 3165 nihil
1057 3101 1133 3164 boni
1149 3087 1296 3180 mereris,
1322 3099 1489 3164 exhaurit:
1511 3099 1622 3162 ieiuna
1638 3104 1713 3161 sunt
1730 3096 1849 3161 saturi-

192 3208 261 3266 tate
284 3224 344 3269 sua
366 3203 504 3281 viscera,
528 3223 611 3287 quae
635 3224 702 3267 uon
725 3203 850 3269 habent
874 3205 1106 3268 conscientiam
1129 3203 1281 3268 beneficii
1305 3207 1381 3267 ante
1405 3201 1535 3267 conlati.
1573 3200 1685 3266 nescio
1708 3199 1784 3284 quid
1807 3199 1848 3263 de
1882 3207 1902 3270 8

192 3305 318 3370 dnobus
349 3305 425 3370 liliis
456 3306 552 3370 homo
582 3307 638 3371 illc
663 3307 735 3392 spei
759 3327 837 3372 suae
862 3309 1025 3373 residuum
1049 3313 1159 3393 putet,
1190 3306 1245 3392 qui
1269 3328 1369 3371 unum
1391 3311 1498 3370 terrae
1522 3303 1679 3384 reddidit,
1711 3305 1851 3368 alterum

193 3431 312 3496 passus
336 3415 387 3474 cst
408 3411 441 3472 in
465 3418 626 3496 perpetua
649 3419 817 3497 raptorum
840 3411 1061 3477 dominatione
1086 3413 1220 3478 servari.
1259 3414 1408 3500 accipiat,
1431 3413 1496 3476 nisi
1514 3412 1732 3492 confunditur,
1757 3410 1850 3496 quid-

193 3513 270 3597 quid
294 3513 458 3578 cxhausta
479 3515 647 3600 suppliciis
670 3516 818 3580 membra
841 3523 1023 3601 gemerent.
1062 3537 1126 3580 non
1150 3517 1227 3580 novi
1250 3516 1326 3601 quid
1350 3537 1454 3582 senex
1478 3537 1497 3580 a
1519 3514 1692 3580 debilitato
1715 3515 1852 3599 flagitet.

195 3615 342 3694 interim,
372 3616 456 3701 qnod
480 3617 630 3697 adverto,
662 3639 773 3682 sumus
798 3618 893 3683 ambo
917 3618 1082 3705 pascendi.
1128 3617 1206 3704 quid
1230 3618 1309 3682 mihi
1332 3620 1494 3684 rationem
1516 3617 1665 3682 modicae
1687 3616 1853 3682 facultatis

195 3717 329 3782 adducis
356 3720 390 3783 in
420 3719 585 3785 medium?
631 3721 685 3806 qui
715 3742 814 3785 unum
847 3721 1008 3786 redimere
1039 3722 1156 3802 voluit,
1187 3723 1233 3785 sic
1260 3721 1473 3786 substantiam
1501 3743 1594 3786 suam
1617 3719 1778 3799 vendidit,
1811 3739 1852 3783 ne

195 3823 333 3908 pretium
358 3843 416 3909 pro
439 3829 578 3908 utroque
595 3823 771 3888 sufficeret.
815 3825 887 3909 quis
904 3823 1130 3889 infelicitatem
1148 3845 1265 3902 meam,
1290 3825 1360 3910 quis
1375 3824 1524 3889 miserias
1540 3824 1646 3910 possit
1663 3825 1850 3909 exponeret
1885 3827 1905 3888 9

195 3925 247 3990 oui
269 3932 346 4011 post
370 3925 489 3991 Cilicas
514 3935 547 3991 et
570 3927 658 4012 ipsa,
691 3947 788 4012 quam
810 3928 1001 4014 resumpsit,
1034 3948 1108 3992 esse
1131 3927 1237 3992 iertm
1259 3927 1393 3993 libertas
1418 3927 1582 3992 obnoxiat
1628 3927 1727 3992 dicite
1751 3947 1852 4012 quae-

195 4049 324 4111 sumus,
353 4028 492 4108 iudices,
526 4031 553 4094 si
580 4037 614 4093 et
642 4031 676 4093 in
708 4030 817 4116 patria
845 4051 919 4095 mea
949 4029 1115 4095 debitores
1137 4031 1429 4116 pronuntiabimur,
1463 4030 1540 4117 quid
1571 4031 1683 4096 evasi?
1729 4029 1854 4094 addidit

196 4139 324 4197 creator
346 4135 572 4198 sanctissimus
595 4134 708 4199 dolere
734 4155 797 4214 me,
821 4134 909 4220 quod
932 4135 1120 4200 emisissent
1142 4135 1252 4199 vincla
1273 4156 1473 4220 germanum.
1512 4133 1704 4220 quasivero
1727 4139 1852 4198 tantum

194 4257 215 4300 a
236 4236 331 4302 nobis
363 4238 476 4324 exigat
505 4243 624 4302 natura
654 4239 838 4320 servitium,
869 4243 905 4302 ut
934 4244 1115 4324 conpenset
1139 4238 1243 4324 erepti
1265 4238 1374 4303 fratris
1398 4237 1560 4319 hilaritas,
1592 4237 1678 4324 quod
1701 4237 1851 4303 remansi.

195 4362 341 4406 amorem
365 4341 524 4410 debemus
548 4342 655 4407 carnis
679 4342 774 4406 sociis
797 4342 950 4406 absoluti.
989 4341 1112 4406 credite
1136 4341 1258 4406 dicenti
1281 4342 1469 4407 manifesta:
1492 4341 1644 4407 nesciunt
1665 4340 1788 4407 intrare
1809 4341 1849 4406 de
1865 4343 1904 4404 10

195 4445 298 4509 altero
323 4444 444 4530 gaudia
466 4445 631 4510 hominem
656 4465 714 4531 pro
740 4466 776 4510 se
800 4447 981 4511 timentem.
1019 4444 1099 4509 illud
1125 4445 1212 4510 euim
1235 4445 1400 4531 inprobati
1422 4464 1512 4509 more
1537 4445 1656 4509 clamat
1680 4445 1850 4524 examinis,

195 4546 347 4612 ditiorem
371 4570 445 4613 esse
469 4547 709 4633 quodammodo
732 4570 752 4612 a
775 4570 838 4634 quo
862 4548 984 4634 aliquid
1008 4549 1164 4634 poscitur.
1201 4550 1300 4614 talem
1324 4548 1477 4613 technam
1499 4548 1532 4611 in
1557 4547 1851 4635 supplicationibus

198 4651 309 4717 fucata
331 4660 440 4717 servat
462 4652 643 4734 urbanitas,
671 4658 707 4716 ut
729 4659 840 4716 utatur
863 4652 1032 4736 conposita
1055 4651 1237 4717 humilitate
1260 4672 1318 4737 pro
1343 4651 1469 4731 iaculis,
1493 4659 1654 4736 qnatenus
1677 4657 1850 4715 conmento

317 4945 331 4998 1
359 4945 425 5014 sine]
454 4965 517 5000 sanc
540 4947 619 5000 sirm.
724 4949 852 5001 oraturiae
873 4947 899 4997 Β
1007 4949 1112 5000 detonsa
1135 4975 1167 4983 -
1188 4947 1313 4998 iustitiam
1337 4963 1386 4997 cm.
1402 4945 1428 4996 B
1565 4944 1582 4996 3
1606 4945 1681 4996 modo
1704 4963 1753 4996 om.
1772 4945 1851 4997 Sim.

195 5031 212 5084 9
228 5031 382 5100 cognitores]
406 5036 549 5087 conditores
565 5035 590 5086 Β
675 5037 785 5088 sunsisei
800 5035 826 5085 B
911 5051 1025 5087 carceres
1038 5033 1064 5084 B
1150 5033 1250 5085 uinclas
1261 5033 1286 5083 B
1415 5029 1448 5082 10
1466 5049 1582 5100 regresso
1604 5035 1630 5094 (o
1648 5049 1679 5083 er
1695 5049 1711 5083 a
1727 5033 1768 5084 ccl
1784 5032 1813 5096 u)
1826 5031 1852 5083 Β

194 5119 346 5171 existeritB
414 5122 566 5174 alimentum
578 5119 618 5172 ΒῙ
634 5139 701 5173 corr.
714 5130 813 5174 m.cnt.
919 5118 950 5172 11
969 5121 1062 5172 liberat
1077 5119 1172 5171 Vtro
1273 5117 1444 5186 1510qnorn]
1464 5120 1535 5186 loqui
1553 5117 1631 5171 rcsB
1735 5117 1768 5170 16
1786 5120 1852 5170 decl·

195 5206 278 5256 dentis
295 5206 379 5271 codd,
396 5224 443 5258 ern.
457 5207 536 5259 Sirra.
633 5209 756 5260 ostendite
771 5207 796 5257 V
887 5203 982 5275 paruit]
1008 5223 1054 5272 par
1071 5207 1121 5257 fuit
1133 5206 1237 5270 Horret,
1259 5207 1293 5272 cs.
1307 5223 1336 5271 p.
1349 5209 1409 5269 262,
1425 5209 1458 5258 12
1591 5203 1623 5256 l'l
1641 5205 1744 5256 homine
1760 5203 1852 5254 Bnrt

195 5293 319 5357 exlgerim
332 5291 357 5342 Β
481 5293 514 5345 18
531 5294 673 5361 dereliquid
685 5293 711 5344 B
831 5291 863 5342 21
882 5290 1061 5360 postpositum]
1085 5299 1168 5359 potest
1190 5293 1301 5360 positum
1319 5291 1344 5342 B
1430 5293 1568 5358 quicquam
1589 5291 1613 5340 V
1729 5287 1763 5341 23
1787 5291 1853 5357 pira-

196 5385 289 5427 torum
307 5376 332 5426 B
400 5379 539 5430 reseruasit
556 5379 582 5429 B
691 5375 726 5429 25
743 5378 868 5429 merueris
880 5377 977 5428 Horret
1050 5376 1194 5428 exuurstB
1302 5375 1337 5428 28
1354 5378 1516 5444 quicquidV
1595 5393 1599 5398 ·
1624 5375 1659 5430 29
1675 5387 1807 5445 gemerent
1819 5377 1852 5441 B,

194 5463 322 5527 gemerint
342 5462 398 5526 Vn,
425 5465 570 5530 gemuerint
592 5461 640 5527 T2,
669 5473 824 5532 gemuerunt
838 5465 861 5514 0
874 5473 897 5514 et
915 5463 1007 5527 Sim,
1033 5464 1164 5515 demerent
1183 5463 1279 5515 Ilartcl
1416 5463 1452 5516 30
1473 5465 1575 5517 interim
1591 5464 1629 5529 B,
1656 5465 1753 5516 interea
1777 5467 1853 5516 ceteri

194 5547 230 5600 32
247 5550 409 5600 sufficeritB
474 5552 593 5622 maserias
606 5551 631 5601 Β
735 5548 770 5601 33
787 5552 829 5602 cui
843 5549 875 5613 Β,
892 5551 1025 5616 qnicctcrr'
1091 5540 1219 5616 ciligssB
1282 5550 1420 5617 resumpsit
1437 5549 1574 5616 (poetas
1676 5549 1711 5600 32¹»
1728 5551 1852 5602 doloreB

195 5631 229 5684 37
247 5636 402 5686 dabimusB
506 5635 540 5687 38
558 5639 693 5688 timentum
706 5636 749 5687 13⁰
854 5635 889 5687 39
906 5645 1008 5703 tegnam
1021 5636 1119 5686 codices
1222 5633 1258 5686 40
1276 5635 1403 5703 fugstaB
1472 5637 1595 5700 quatinus
1608 5635 1662 5685 BV
