4612 6442
396 377 443 430 Lx
1036 372 1214 428 EPISTVLA
1236 370 1419 426 raoultul.

394 549 445 613 eui
479 549 644 613 crucifixus
685 557 733 612 est
766 545 918 625 mundus,
954 545 1103 632 templum
1138 566 1210 608 vere
1247 543 1465 629 dignissimum
1498 542 1661 621 trinitatis,
1704 527 1831 628 plenum
1861 543 2051 607 reverentiae

395 651 657 732 Christianitatis
686 673 725 715 ex
747 650 870 738 placida
894 651 1033 716 bonitate
1053 649 1271 728 mitissimum,
1300 648 1423 712 ieiuniis
1447 648 1649 732 castigatum,
1677 646 1870 711 orationibus
1893 646 2050 728 refectum,

394 755 530 841 puritate
551 755 806 820 mundissimum:
830 755 883 841 qui
906 755 982 820 mihi
1005 777 1110 819 sacras
1132 753 1278 839 exposuit
1301 753 1471 840 scripturas
1494 751 1637 816 et-llorcs
1660 761 1782 816 tenerae
1803 751 1960 836 lanuginis
1981 754 2050 840 ipse

394 860 545 946 suscepit:
568 860 621 947 qui
644 882 702 945 pro
724 859 788 923 lilio
810 868 842 925 ct
861 857 1016 945 discipulo
1037 879 1276 942 successoreque
1298 878 1356 920 suo
1377 856 1450 920 licet
1468 855 1598 941 indigno
1621 878 1682 920 non
1706 855 1831 941 ambigo
1853 855 1937 942 quod
1955 857 2047 942 (laus)

394 972 508 1028 exoret

354 1069 372 1133 7
499 1065 645 1131 Vincunt
667 1085 753 1152 erge,
775 1064 901 1129 domine
922 1064 975 1144 mi,
998 1063 1078 1128 tanti
1100 1063 1174 1127 iusti
1199 1063 1368 1127 orationem
1391 1071 1599 1149 peccatomm.
1642 1061 1738 1146 igitur
1759 1062 1834 1149 quia
1854 1061 2051 1126 conversatio

251 1185 311 1231 111.
327 1191 384 1236 aso
397 1179 501 1235 vestra
523 1171 556 1234 in
584 1169 677 1234 caelis
704 1179 765 1249 est,
794 1169 877 1233 sicut
899 1167 977 1231 dicit
1005 1167 1167 1254 apostolus
1197 1176 1311 1248 ,vestra
1339 1176 1442 1230 atttem
1470 1166 1666 1231 conversatio
1696 1165 1729 1229 in
1751 1165 1845 1230 caelis
1866 1170 1935 1244 cst‘,
1965 1173 2051 1230 orate

393 1297 465 1337 eum
487 1272 537 1336 his
560 1282 591 1337 et
621 1282 728 1358 rogate
758 1272 845 1336 illum
874 1294 976 1336 meum
1005 1271 1252 1336 sacratissimum
1279 1271 1488 1335 confessorem
1511 1269 1732 1348 Ambrosium,
1760 1279 1913 1356 quatenus
1944 1291 1993 1332 me
2015 1275 2052 1332 ut

394 1378 581 1464 peculiarem
608 1377 760 1442 famulum
787 1385 924 1456 tueatur,
953 1385 989 1439 ut
1015 1376 1176 1462 proprium
1208 1375 1308 1439 civem
1335 1375 1456 1454 foveat,
1487 1385 1523 1437 ut
1551 1373 1735 1438 familiarem
1766 1373 1926 1438 alumnum
1953 1381 2050 1451 eruat,

350 1484 370 1547 8
394 1482 541 1567 quoniam
569 1480 654 1568 apud
676 1480 838 1546 dominnm
863 1480 969 1545 Iesum
997 1479 1083 1565 qnod
1111 1479 1247 1546 oraverit
1274 1479 1425 1544 exorabit
1469 1478 1615 1564 quocirca
1640 1477 1836 1541 salutationis
1865 1477 2049 1563 obsequium

393 1585 580 1650 famulanter
606 1585 768 1650 insinuans
796 1606 937 1670 praecor,
965 1592 1000 1647 ut
1027 1606 1085 1670 pro
1107 1583 1287 1648 beatissimo
1310 1583 1380 1650 viro
1409 1581 1537 1646 domino
1565 1603 1634 1646 meo
1656 1580 1753 1645 Datin
1780 1581 1928 1668 episcopo
1955 1582 2050 1646 fratre

392 1697 498 1753 vestro
524 1710 646 1775 semper
676 1689 779 1754 oretis.
829 1709 963 1774 aequum
991 1696 1039 1751 cst
1066 1686 1163 1767 enim,
1194 1696 1229 1751 ut
1255 1709 1313 1773 pro
1341 1709 1394 1765 eo,
1423 1708 1516 1772 quem
1548 1684 1728 1750 monasterii
1756 1696 1863 1771 saepta
1890 1695 2050 1751 sacrarunt
2139 1681 2143 1685 '¹

392 1814 615 1872 successorem,
643 1794 735 1857 etiam
759 1792 971 1857 confessorum
995 1813 1156 1855 successor
1177 1790 1319 1876 egregius
1343 1790 1503 1854 beatorum
1526 1810 1654 1853 exorare
1676 1811 1737 1852 nen
1761 1787 1885 1854 desinas
1891 1814 1899 1868 ;
1930 1798 1961 1854 61
1982 1789 2050 1871 hoc,

392 1896 418 1960 si
446 1894 576 1981 dignum
608 1896 739 1977 ducitis,
772 1896 1000 1983 supplicamus,
1039 1902 1073 1958 ut
1101 1893 1303 1958 beatitudinis
1330 1903 1452 1958 vestrae
1485 1893 1655 1980 sospitatus
1690 1893 1878 1980 parvitatem
1912 1903 2048 1959 nostram

391 1999 529 2080 faciatis,
551 2001 633 2065 sicut
654 2001 804 2088 petimus,
828 2021 1046 2064 successorem.
1090 1998 1240 2085 Explicit

498 2242 591 2296 4laus
610 2237 714 2312 inclusi,
739 2247 824 2298 libens
842 2245 1000 2309 Mommsen,
1023 2246 1115 2297 beatus
1135 2247 1176 2297 ecl
1194 2246 1252 2312 pius
1269 2247 1331 2307 sort.
1436 2243 1610 2296 liorntioncm
1629 2243 1800 2312 peccaterum]
1824 2245 1940 2295 oratione
1961 2242 2048 2294 multi-

392 2331 507 2382 tudinem
526 2339 688 2398 peccalorum
707 2333 803 2384 conicio
911 2331 943 2382 10
960 2330 1091 2399 quoniam]
1115 2333 1160 2399 qni
1182 2331 1283 2383 Frelrcr
1389 2330 1420 2381 14
1439 2332 1576 2397 sospiturae
1593 2333 1693 2397 scripsi,
1716 2333 1863 2398 sospitatem
1881 2329 1945 2392 cod,
1969 2329 2049 2396 sospi-

392 2418 437 2468 tati
455 2416 556 2468 1111161
662 2419 695 2470 11)
714 2416 897 2485 successorem]
916 2421 1049 2472 certiorem
1068 2420 1132 2470 coni.
1151 2418 1252 2470 Freltcr

1067 2704 1375 2712 m

775 3039 1013 3123 ARNVLFl
1038 3040 1408 3123 LEXOVIENSIS
1433 3037 1671 3121 EPlSCOPl

414 3163 642 3246 srtsrvtu
664 3164 726 3244 AD
752 3164 1004 3247 HENRlCUM
1030 3165 1237 3247 Plsnnuu
1264 3164 1492 3246 ROMANAE
1516 3164 1767 3245 ECCLESIAE
1790 3162 2028 3245 LEGATUM.

879 3301 998 3370 (Amulli
1017 3318 1062 3371 op.
1081 3301 1124 3356 cd.
1143 3301 1220 3356 Giles
1239 3300 1341 3355 Oxonii
1361 3302 1436 3364 1844,
1456 3319 1482 3372 p.
1495 3302 1567 3371 131.)

1010 3422 1086 3490 [Vide
1103 3441 1182 3492 supra
1199 3442 1223 3491 p.
1238 3425 1249 3474 1
1267 3431 1293 3476 61
1311 3421 1429 3491 xxvia]

352 3578 367 3641 l
496 3536 551 3655 In
573 3609 635 3672 quo
651 3586 747 3651 verbo
769 3608 857 3672 reges
880 3587 979 3651 nostri
1001 3585 1041 3650 de
1063 3586 1260 3673 susceptione
1283 3585 1402 3651 domini
1424 3609 1525 3673 papae
1540 3587 1749 3668 convenerint,
1771 3595 1876 3653 vestra
1897 3587 2050 3673 sapientia

392 3713 453 3754 non
477 3691 609 3776 ignerat.
653 3699 685 3755 et
706 3699 812 3755 noster
839 3690 965 3777 quidem
995 3690 1035 3756 ad
1058 3691 1283 3757 ecclesiasticas
1313 3715 1463 3778 personas
1491 3693 1579 3778 mgni
1608 3693 1657 3756 sui
1679 3693 1798 3778 legatos
1824 3691 1995 3759 destinavit
2016 3694 2050 3758 in

275 3791 277 3796 ’
392 3795 541 3880 Angliam
564 3817 634 3859 curn
658 3795 772 3875 literis,
802 3818 880 3881 quas
902 3819 921 3860 a
943 3794 1072 3861 domino
1093 3820 1177 3884 papa
1199 3806 1370 3882 receperat,
1400 3806 1431 3861 et
1453 3798 1571 3884 scripto
1593 3797 1664 3879 illo,
1692 3797 1778 3884 quod
1800 3823 1820 3863 a
1841 3782 2048 3866 schismaticis

392 3907 440 3962 cst
461 3898 500 3962 (lc
522 3898 669 3986 Pupiensi
694 3900 911 3964 conventiculo
934 3899 1128 3982 fabricatum,
1150 3909 1185 3965 ut
1208 3901 1327 3966 scilieet
1348 3909 1480 3988 utroque
1502 3902 1618 3988 scripto
1640 3911 1788 3988 tanquam
1811 3903 2049 3990 allegationibus

392 4003 526 4088 partium
549 4003 693 4088 utrinque
716 4003 877 4089 proposito
901 4004 1014 4068 rectius
1037 4005 1161 4091 possint
1182 4005 1271 4090 quasi
1299 4003 1339 4068 de
1367 4005 1482 4070 indicio
1505 4006 1638 4071 formare
1660 4008 1824 4072 eonsilium
1846 4017 1878 4072 et
1900 4009 2048 4096 liquidius

349 4114 369 4175 2
392 4105 431 4169 de
453 4107 714 4193 contemplatione
729 4107 876 4172 falsitatis
892 4109 1054 4194 oppositae
1077 4131 1262 4195 cognoscere
1284 4109 1454 4175 veritatem.
1491 4111 1541 4174 eui
1563 4133 1638 4176 sane
1657 4112 1822 4198 colloquio,
1844 4114 1918 4200 quia
1940 4137 2050 4202 corpo-

391 4209 498 4274 taliter
519 4209 628 4274 adesse
651 4232 713 4274 non
736 4211 838 4296 potiri,
866 4234 922 4297 per
943 4212 1107 4298 epistolam
1130 4213 1241 4278 saltem
1263 4213 1411 4278 interesse
1434 4215 1554 4295 curavi,
1581 4225 1616 4280 ut
1637 4239 1788 4303 personae
1810 4218 1910 4284 vicem
1933 4221 2048 4305 pagina

391 4313 536 4399 suppleat
558 4323 589 4377 et
612 4313 703 4379 vivae
725 4315 812 4380 vocis
835 4315 1016 4380 instantiam
1046 4316 1180 4403 epistola
1205 4316 1305 4382 fidelis
1332 4318 1492 4383 instauret
1543 4320 1631 4385 cuius
1662 4322 1756 4386 etiam
1786 4324 1936 4409 epistolae
1964 4333 2048 4390 tran-

391 4418 542 4504 scriptum
572 4418 728 4483 sanctitati
761 4428 882 4483 vestrae
915 4420 1020 4484 censui
1051 4419 1286 4501 destinandum,
1325 4431 1360 4485 ut
1390 4421 1586 4487 devotionem
1623 4447 1724 4489 meam
1757 4428 1901 4512 quamvis
1936 4452 2047 4515 parum

392 4521 507 4602 utilem,
530 4521 702 4587 officiosam
724 4532 828 4588 tamen
851 4533 954 4589 vestra
977 4523 1102 4589 dileetio
1125 4535 1333 4611 recognoscat.

350 4632 370 4693 3
495 4625 546 4689 De
568 4634 688 4690 caetero
711 4627 825 4691 libmm
840 4627 1039 4693 ENNODII
1063 4629 1154 4694 vobis
1170 4630 1270 4710 mitto,
1292 4629 1427 4694 alienum
1449 4629 1584 4715 quidem,
1606 4632 1661 4697 sed
1683 4634 1711 4698 si
1733 4636 1923 4721 experientia
1944 4646 2048 4702 vestra

391 4728 578 4813 probaverit,
601 4731 820 4818 transcriptum
843 4755 914 4796 cum
937 4742 1054 4819 quanta
1075 4733 1141 4798 lieri
1164 4735 1278 4819 poterit
1299 4734 1497 4800 festinatione
1518 4736 1682 4801 remittam.
1726 4760 1784 4824 ego
1806 4750 1908 4806 autem
1931 4742 2046 4810 librum

390 4831 479 4896 illum
502 4855 564 4896 non
588 4832 736 4915 videmm,
759 4835 941 4922 priusquam
965 4836 1041 4900 milri
1062 4845 1166 4901 vestro
1188 4838 1298 4901 fuisset
1320 4838 1498 4923 assignatus
1521 4838 1646 4922 iudicio,
1669 4842 1798 4928 visoque
1813 4845 1944 4912 mimtus
1967 4871 2048 4929 stim,

390 4959 453 5021 qua
474 4937 609 5023 primum
632 4937 672 5002 ab
695 4949 821 5003 auctore
842 4939 1030 5005 confidentia
1052 4939 1155 5006 editus
1178 4950 1233 5005 aut
1254 4964 1317 5027 quo
1339 4941 1541 5028 postmodum
1564 4943 1604 5008 ab
1627 4945 1697 5009 aliis
1720 4945 1813 5014 116111
1833 4950 1940 5016 favore
1963 4961 2048 5018 trau·

350 5039 536 5125 ascriptus.
581 5063 680 5127 neque
707 5043 788 5106 enim
819 5042 896 5107 mihi
930 5043 1043 5130 dignus
1072 5044 1210 5126 videtur,
1246 5045 1334 5111 cuius
1364 5045 1469 5111 studio
1499 5047 1548 5113 vel
1578 5048 1750 5135 scripturae
1776 5061 1894 5120 tantum
1923 5066 2046 5144 tempus

392 5142 504 5208 debeat
526 5145 594 5210 sive
617 5168 727 5211 census
752 5147 903 5234 impendi,
933 5171 1005 5214 eum
1031 5159 1061 5214 ct
1084 5150 1229 5215 volumen
1252 5150 1387 5216 effusum
1410 5153 1465 5234 sit,
1491 5163 1523 5217 et
1545 5154 1586 5219 ad
1608 5155 1810 5243 intelligenda
1831 5183 1910 5246 quae
1933 5162 2049 5248 scripta

392 5257 466 5310 sunt
482 5247 616 5334 singula
652 5250 759 5315 multis
791 5260 824 5316 et
850 5251 998 5318 taediosis
1033 5263 1174 5340 operteat
1206 5255 1422 5321 iterationibus
1453 5258 1604 5346 replicari.
1646 5243 1760 5346 'prima
1787 5263 1942 5348 siqnidem
1970 5266 2048 5331 faeie

391 5350 528 5416 dillieilis
551 5361 582 5416 et
604 5353 755 5419 obscnms
779 5355 895 5420 incedit
917 5366 959 5436 et,
988 5380 1058 5422 cum
1081 5381 1183 5422 rerum
1206 5357 1420 5425 difficultatem
1450 5362 1540 5426 stilus
1562 5363 1696 5429 lucidior
1717 5366 1830 5431 debeat
1850 5371 1978 5456 aperire,
2000 5371 2048 5436 iu-

390 5455 593 5541 telligentiam
616 5457 722 5544 potius
750 5482 851 5524 sermo
878 5461 1061 5526 tenebrosus
1085 5462 1238 5528 obtundit.
1283 5486 1415 5552 cumque
1442 5466 1575 5532 multum
1602 5467 1716 5533 lrabeat
1743 5469 1858 5536 laboris
1885 5475 2048 5561 inspectio,

390 5558 467 5627 nihil
482 5560 577 5626 habet
591 5564 746 5629 assecutio
763 5565 945 5652 voluptatis,
961 5566 1034 5653 quia
1049 5589 1105 5632 nec
1120 5567 1317 5634 absolutione
1332 5570 1485 5635 sententia
1501 5573 1674 5659 complacet
1689 5597 1745 5638 uec
1760 5577 1861 5640 omtio
1877 5588 2047 5646 venustate.

350 5671 514 5736 5summa
543 5665 626 5730 enim
652 5667 718 5732 eius
746 5669 878 5734 intentio
911 5678 958 5735 est
993 5671 1083 5736 alitor
1112 5672 1217 5737 emnia
1246 5671 1364 5739 dixisse
1390 5697 1483 5762 quam
1513 5677 1623 5742 caeteri
1630 5725 1639 5757 ,
1668 5676 1799 5765 ideoque
1826 5690 1928 5747 totum
1961 5685 2047 5771 quod

2063 3955 2120 3986 nnnc
2136 3951 2187 3988 1160
