4596 6450
768 396 862 472 CCXX
881 397 984 464 (ulcu.
1003 398 1058 467 25),
1076 398 1186 454 CCXXI
1204 397 1308 466 (ulcr.
1327 398 1380 467 14).
1842 406 1903 467 175

246 564 312 628 iarn
341 563 475 630 duratas
503 566 638 652 spiculis
668 589 784 634 manus
811 570 853 637 ad
881 571 1032 638 calathos
1058 571 1291 656 frangebamus
1320 578 1353 637 et
1381 572 1455 637 illos
1487 593 1631 653 umeros,
1662 593 1744 658 quos
1775 575 1936 662 spoliati7

246 666 351 732 leonis
375 673 469 752 terga
489 669 716 752 calefecerant,
740 693 820 738 auro
838 673 992 738 distincta
1008 674 1061 738 vel
1075 675 1197 740 murice
1213 674 1302 760 palla
1318 674 1501 740 claudebat.
1541 696 1605 740 nou
1621 675 1729 741 facilis
1743 678 1902 742 transitus

247 769 316 849 luit,
340 771 493 838 iuvenem
516 780 663 838 nostmm
685 777 830 862 puellam
853 783 929 862 post
950 785 1083 862 gustum
1106 777 1213 842 laudis
1230 778 1364 850 imitari3
1388 799 1450 841 nee
1466 783 1575 842 astute
1592 780 1794 865 conponitur,
1817 779 1903 867 quod

248 895 313 939 nou
340 874 374 938 in
403 881 537 942 tenerae
567 877 684 944 aetatis
711 877 896 965 primordiis
920 880 1089 966 imperavi.
1134 879 1193 945 sed
1217 881 1292 965 quid
1317 887 1483 946 transacta
1506 882 1632 960 recolo,
1664 903 1736 946 cum
1760 884 1935 948 animum8

183 1023 188 1033 .
247 997 356 1042 meum
387 978 517 1046 futurae
549 983 746 1048 calamitatis
774 983 882 1070 pulset
907 985 1113 1050 immanitas?
1158 984 1253 1050 video
1277 983 1395 1048 Troiae
1422 984 1577 1049 fumantis
1601 985 1732 1050 excidia
1754 992 1788 1052 et
1810 993 1903 1052 statu

172 2442 196 2480 15

173 3989 201 4030 ³⁰

248 1103 321 1147 eam
344 1089 499 1152 manante
523 1085 714 1151 subversam
722 1111 730 1163 ;
754 1086 849 1153 video
874 1087 1029 1152 Hectoris
1053 1088 1179 1173 proelia
1200 1087 1320 1153 acerba
1343 1084 1558 1171 Graiugenis,
1581 1089 1636 1171 qui
1658 1087 1778 1153 idcirco
1801 1091 1904 1155 crevit

247 1186 470 1271 opinionibus,
503 1195 540 1253 ut
567 1189 675 1256 euboli
702 1212 811 1270 meae,
844 1190 919 1256 dum
949 1192 1126 1272 occumbit,
1158 1189 1316 1276 triumphi
1338 1195 1465 1254 creseat
1487 1188 1529 1252 ad
1551 1190 1708 1274 pretium;
1741 1198 1903 1277 raptatum

248 1288 415 1375 quadrigis
443 1289 550 1356 adhue
580 1292 734 1358 bellaturi
765 1315 883 1381 corpus
914 1316 1072 1380 agnosco,
1107 1301 1141 1360 et
1163 1293 1304 1360 Achillis
1330 1294 1397 1374 mei
1426 1293 1528 1358 minui
1551 1293 1730 1358 commodis
1754 1295 1839 1380 quod
1862 1318 1904 1362 ex

250 1392 394 1479 pondere
425 1394 587 1461 decrescit
615 1398 765 1472 extincti;
799 1399 894 1464 video
926 1398 1011 1484 quod
1042 1399 1109 1462 irae
1139 1399 1267 1484 prolicit
1296 1396 1403 1482 perire
1435 1395 1626 1481 conpendio.
1672 1397 1731 1462 sed
1754 1397 1830 1484 quid
1853 1399 1937 1463 hiso

249 1495 404 1562 laudibus
433 1519 550 1584 pascor
577 1500 746 1566 orbanda?
791 1501 916 1587 reliqua
944 1502 1076 1565 silentio
1100 1507 1226 1586 tegam,
1256 1522 1298 1564 ne
1322 1505 1398 1564 ante
1421 1497 1542 1563 doloris
1565 1505 1696 1585 tempus
1719 1501 1904 1565 narratione

247 1600 410 1666 conficiar.
455 1601 577 1669 habeat
606 1605 862 1672 consolationem
892 1605 934 1672 de
962 1604 1185 1672 taeitrunitate
1212 1603 1391 1670 aeternitas
1421 1607 1549 1683 nostra,
1584 1623 1681 1689 quam
1710 1625 1775 1668 nou
1805 1603 1906 1670 habat

248 1702 289 1768 de
312 1707 440 1768 natura.

905 1946 1047 2016 ccxxl
1069 1946 1164 2033 (orer.
1183 1949 1247 2032 14).

481 2141 530 2216 IN
557 2142 787 2217 LEGATVM
815 2143 897 2234 QVI
923 2143 1144 2217 PATRIAM
1170 2141 1405 2216 HOSTIBVS
1433 2139 1675 2214 PRODIDIT.

371 2285 416 2382 Si
439 2319 657 2386 excellentius
681 2319 805 2386 crimen
828 2323 888 2400 est,
913 2319 997 2404 quod
1021 2316 1120 2404 digna
1142 2319 1357 2384 veneratione
1381 2338 1521 2403 persona
1543 2316 1742 2395 conmiserit,
1765 2317 1933 2392 habetis,1

249 2417 386 2500 iudices,
409 2419 442 2484 in
465 2442 531 2488 uno
554 2423 686 2489 homine
709 2423 774 2489 duo
798 2423 1037 2489 diversissima:
1061 2429 1096 2488 et
1117 2421 1294 2510 proditoris
1318 2422 1470 2488 meritum
1486 2427 1520 2485 et
1536 2427 1779 2486 sacramentum
1793 2423 1904 2508 legati.

248 2522 307 2588 scd
336 2524 476 2588 vincitur
505 2526 539 2590 in
570 2527 651 2613 ipsis
679 2548 745 2592 vox
775 2533 930 2613 superata·
960 2525 1159 2612 primordiis;
1191 2527 1319 2592 facinus
1344 2525 1400 2588 vix
1423 2523 1538 2604 credo,
1568 2521 1653 2607 quod
1677 2545 1789 2609 arguo.
1834 2527 1906 2611 quis

249 2627 403 2692 aestimet
431 2628 464 2693 in
487 2630 648 2696 vocabulo
678 2631 876 2717 integritatis
907 2637 1165 2696 consummatam
1196 2629 1354 2696 eccidisse
1378 2626 1571 2714 perfidiam?
1617 2628 1764 2712 cogimur
1786 2626 1904 2712 dicere,

249 2730 327 2815 qnia
357 2732 401 2796 nil
431 2733 509 2798 mali
532 2741 588 2798 aut
610 2734 758 2821 proditor
779 2741 905 2800 metuat
926 2740 984 2799 aut
1005 2755 1102 2799 verus
1125 2735 1255 2819 legatus
1280 2732 1440 2797 admittat.
1486 2729 1564 2815 quid
1588 2731 1790 2796 accusationi
1812 2735 1938 2797 menet

250 2855 310 2919 pro
339 2834 528 2902 innocentia
555 2858 675 2905 nomen
704 2838 865 2925 opponis?
910 2839 1136 2922 insequentem
1164 2859 1281 2924 posses
1311 2835 1474 2920 effugere,
1508 2834 1536 2898 si
1560 2854 1650 2898 esses
1674 2834 1798 2899 meritis
1820 2834 1907 2920 quod

252 2939 390 3010 vocaris.
428 2961 523 3005 nemo
547 2942 673 3006 cautius
696 2942 801 3006 malus
825 2947 876 3006 est
892 2962 990 3027 qnam
1005 2940 1058 3025 qui
1075 2939 1289 3006 absconditur
1306 2937 1367 3003 sub
1383 2937 1605 3024 appellatione
1620 2936 1763 3022 pietatis.
1801 2944 1906 3004 tutum

252 3046 304 3106 cst
334 3041 515 3127 iniquitatis
547 3044 759 3126 exercitium,
793 3043 879 3130 quod
912 3043 1096 3108 honestatis
1127 3044 1252 3130 tegitur
1281 3041 1482 3107 indumento.
1533 3040 1674 3106 facessat
1704 3041 1905 3127 propositum

250 3145 438 3231 praestigiis
471 3147 578 3232 potius
607 3167 704 3231 quam
735 3153 846 3213 mente
876 3153 1039 3212 constare.
1085 3152 1243 3213 enervata
1274 3145 1424 3211 defensio
1456 3150 1521 3224 est,
1552 3164 1636 3227 qnae
1666 3141 1745 3207 nudi
1775 3143 1907 3209 honoris

250 3247 365 3312 nititur
397 3249 478 3314 nihil
507 3250 648 3316 valitura
682 3251 879 3317 testimonio.
929 3257 967 3315 ut
994 3251 1166 3316 nocentior
1201 3256 1316 3316 contra
1344 3247 1486 3335 patriam
1515 3247 1694 3324 existeres,
1730 3248 1817 3313 viam
1847 3249 1939 3313 tibi3

131 3369 138 3384 ·
251 3351 388 3418 consilia
402 3359 511 3418 nostra
527 3362 736 3441 pepererunt.
775 3377 832 3420 nos
848 3354 987 3440 egimus,
1010 3361 1047 3420 nt
1061 3355 1177 3420 fortior
1192 3354 1307 3430 hostis,
1323 3352 1400 3416 dum
1416 3356 1692 3437 propugnatorem
1709 3351 1906 3436 quaerimus,

252 3451 439 3538 adpareres.
474 3477 540 3521 non
556 3458 753 3523 sentiremus
769 3478 854 3544 quae
870 3457 1028 3544 inrogesti
1044 3459 1172 3544 patriae
1185 3457 1428 3522 inimicitiarum
1440 3453 1597 3540 pondera,
1615 3455 1679 3519 uisi
1692 3455 1909 3541 sumpsissent

252 3557 295 3622 ab
326 3559 542 3626 amicitiarum
570 3562 731 3648 religione
761 3563 966 3649 principium.
1014 3563 1160 3630 externis
1195 3559 1391 3628 adversariis
1424 3559 1495 3623 siue
1524 3557 1637 3624 labore
1668 3556 1908 3643 congredimur:

251 3661 376 3728 inerme
404 3671 518 3750 pectus
547 3665 688 3745 invenit,
719 3667 774 3751 qui
803 3665 845 3732 de
874 3667 1000 3752 gratiae
1030 3667 1124 3751 lruge
1148 3668 1181 3730 in
1211 3665 1365 3730 affectum
1395 3662 1576 3749 prorumpit
1604 3661 1735 3728 inimici.
1780 3661 1908 3747 egimus

250 3763 394 3830 foederis
415 3773 573 3855 tempore,
596 3775 633 3832 ut
655 3770 846 3854 generalem
868 3769 1102 3848 adversarium,
1127 3767 1204 3855 quid
1227 3772 1379 3852 gravaret
1401 3765 1551 3851 patriam,
1580 3786 1645 3830 non
1669 3766 1798 3831 lateret.
1843 3765 1938 3830 irtel

253 3867 349 3949 enim,
373 3870 576 3955 cognitorum
600 3871 873 3958 splendidissimi,
904 3873 931 3938 si
954 3873 1184 3958 neglegentius
1208 3872 1242 3936 in
1266 3876 1419 3956 suscepto
1442 3868 1572 3933 functus
1597 3867 1705 3932 officio
1729 3888 1788 3954 per
1811 3867 1909 3934 animi

253 3969 399 4038 taedium
421 3974 583 4040 sociorum
607 3975 773 4041 conmodis
795 3977 981 4056 institisset,
1005 3975 1145 4062 capitale
1167 3979 1350 4040 mereretur
1366 3972 1517 4040 exitium:
1541 3971 1638 4057 quale
1654 3977 1705 4036 est
1720 3971 1909 4036 enuntiasse

253 4073 403 4141 hostibus
430 4077 559 4143 iuterna
586 4079 728 4164 patriae,
758 4100 817 4165 pro
845 4079 965 4164 quibus
994 4079 1127 4163 segnius
1158 4085 1303 4143 certasse
1334 4076 1543 4160 saerilegium
1565 4074 1647 4138 luit?
1692 4073 1809 4158 quibus
1834 4082 1911 4139 sunt

254 4179 418 4265 expianda
448 4181 637 4262 tortoribus,
668 4181 798 4267 quando
827 4182 907 4247 illud
935 4182 1131 4268 perdideris,
1164 4181 1250 4266 quod
1281 4180 1373 4245 nefas
1406 4185 1457 4244 est
1487 4198 1553 4242 non
1584 4177 1728 4243 iuvisse?
1778 4179 1909 4263 quantis

253 4282 398 4348 colorum
421 4283 636 4352 varietatibus
666 4292 700 4348 et
726 4285 914 4352 urbanitate
941 4287 1033 4352 letali
1062 4285 1103 4352 ad
1133 4285 1194 4350 hoc
1216 4284 1397 4371 perductus
1419 4282 1620 4359 aestimatur,
1651 4287 1686 4345 ut
1709 4281 1810 4366 legati
1833 4303 1908 4368 per-

253 4405 366 4451 sonam
396 4393 565 4474 putaretur
595 4388 744 4474 inpleret
790 4389 876 4455 solet
898 4391 1018 4470 virtus,
1052 4411 1135 4475 quae
1163 4390 1275 4454 innata
1304 4407 1367 4451 non
1399 4385 1511 4466 luerit,
1545 4405 1623 4448 cura
1645 4390 1679 4449 et
1702 4386 1940 4453 nutrimentist

255 4489 383 4556 institui
412 4497 445 4556 et
471 4492 612 4556 transire
640 4492 674 4554 in
701 4491 855 4557 affectum
886 4493 974 4579 quod
1004 4493 1123 4558 leceris
1155 4491 1262 4557 studio
1292 4489 1457 4556 falsitatis.
1508 4509 1571 4552 usu
1600 4488 1781 4553 honestatis
1811 4490 1910 4555 robur

255 4593 457 4680 adipiscitur,
496 4595 551 4679 qui
587 4594 708 4659 bonum
745 4597 806 4660 sub
841 4594 1053 4662 dintumitatc
1090 4596 1256 4660 mentitur.
1311 4612 1479 4658 servasses
1514 4590 1620 4656 adhuc
1654 4591 1909 4658 benivolentiam

255 4697 448 4783 captiosam,
469 4697 533 4762 nisi
556 4698 761 4784 inspexisses
784 4698 939 4765 laedendi
962 4700 1079 4766 callem
1102 4698 1277 4783 legationis
1301 4697 1393 4762 elave
1415 4700 1607 4760 reseratum.
1651 4695 1718 4760 tale
1741 4701 1802 4776 est,
1826 4716 1864 4760 ac
1882 4697 1940 4764 sid

256 4800 366 4885 aegris
400 4801 461 4867 sub
495 4800 636 4866 febrium
669 4801 845 4868 iactatione
878 4802 1111 4888 languentibus
1147 4798 1316 4866 adlaturus
1351 4800 1491 4865 salutem
1529 4803 1660 4863 curator
1694 4797 1847 4864 adveniat
1876 4806 1910 4864 et

359 5077 373 5128 1
394 5079 488 5132 celatos
506 5077 536 5143 V,
559 5080 658 5130 matus
670 5078 696 5128 B
816 5076 834 5130 3
856 5078 940 5131 laudis
956 5077 1036 5140 Ber,
1057 5077 1146 5128 landes
1161 5074 1236 5126 VLT
1352 5074 1370 5126 4
1392 5084 1478 5129 tenero
1499 5076 1589 5127 sentis
1605 5075 1633 5138 V,
1659 5081 1747 5127 tenera
1763 5076 1864 5130 astans
1877 5075 1911 5140 B,

255 5166 349 5218 tenens
366 5165 483 5218 matisc
598 5163 615 5216 5
633 5181 718 5216 meum
736 5181 784 5216 cm.
799 5163 877 5215 Sirm.
948 5161 1029 5230 statu]
1048 5165 1100 5214 leto
1117 5160 1218 5222 Sabota,
1234 5162 1364 5227 imrllcqe:
1381 5163 1455 5214 video
1473 5160 1579 5226 (animo)
1596 5177 1653 5212 earn
1672 5160 1742 5225 (ism)
1760 5163 1909 5214 subversam

255 5259 325 5303 statu
342 5249 446 5316 (adbuc)
464 5260 582 5306 manente
703 5247 720 5299 b
736 5250 878 5318 graiuisnis
889 5248 915 5300 B
996 5249 1127 5316 qnidciroo
1139 5245 1165 5298 Β
1169 5255 1184 5283 ‘¹
1307 5245 1321 5298 'l
1340 5248 1421 5298 soboli
1437 5247 1463 5297 V
1538 5247 1667 5299 occumbit
1684 5246 1786 5310 Harrei,
1809 5264 1910 5299 occum-

256 5338 300 5389 bet
312 5333 355 5388 13²
361 5336 487 5401 VLTCP,
504 5337 667 5390 occumberet
678 5334 719 5388 B¹
822 5335 840 5388 8
857 5337 939 5388 aeillis
956 5335 981 5386 Β
1049 5331 1091 5398 ex]
1109 5335 1141 5386 dc
1153 5333 1232 5385 Sim.

363 5439 486 5507 [ccxxi]
521 5441 552 5494 19
570 5457 658 5510 posses
670 5440 717 5504 Pb,
735 5441 816 5508 mesia
826 5439 851 5489 B
858 5438 933 5489 VLT
991 5439 1054 5492 ossis
1066 5437 1111 5487 B⁶
1175 5439 1282 5490 meritus
1293 5438 1309 5487 b
1408 5433 1444 5487 20
1459 5453 1566 5488 noceres
1578 5435 1604 5486 B
1704 5432 1739 5485 23
1756 5436 1874 5518 canteris
1885 5436 1911 5486 B

255 5526 291 5580 25
307 5544 443 5596 appareres
459 5527 483 5576 V
616 5527 651 5580 28
667 5535 804 5596 granamts
819 5527 844 5577 B
982 5523 1017 5578 30
1034 5525 1169 5594 capitalem
1185 5521 1228 5574 131
1365 5521 1398 5575 31
1418 5523 1518 5590 signius
1531 5521 1556 5572 Β
1695 5519 1730 5575 32
1747 5523 1873 5575 ἰιιιιὶισιιο
1885 5521 1911 5573 Β

256 5609 293 5666 35
309 5615 410 5666 institui
425 5611 428 5680 Ι
445 5631 496 5667 usn
508 5611 556 5679 13¹,
573 5623 599 5668 st
616 5614 724 5668 bannim
737 5652 815 5666 .....
828 5613 946 5666 sudans
963 5612 1047 5684 suppl.
1065 5611 1094 5662 in
1110 5629 1159 5678 mg.
1177 5611 1225 5679 ias.
1239 5606 1284 5660 13²
1370 5610 1445 5664 robor
1457 5606 1577 5660 avant
1698 5605 1732 5661 36
1749 5609 1873 5662 seruamis
1885 5607 1911 5660 B

257 5695 290 5766 31
308 5699 455 5768 lsedsutiB
558 5697 593 5752 38
610 5698 776 5762 allaturus?
