4566 6532
632 403 736 460 CCCIX
755 403 878 473 (EPIST.
898 404 922 470 7,
940 405 968 472 4)
987 436 1020 445 -
1039 405 1143 462 CCCXI
1162 405 1286 475 (nrlsr.
1305 408 1329 471 7,
1347 409 1384 476 6).
1777 412 1839 474 233

186 575 419 643 blandimento.
454 577 530 643 novi
547 577 678 663 quidem
694 577 864 659 fabricata,
888 577 948 645 sed
963 579 1053 664 iugio
1071 585 1104 644 ct
1121 580 1334 665 simplicitate
1358 587 1532 647 contentus
1559 603 1631 646 oum
1655 580 1841 647 amantibus

186 703 305 747 serene
327 682 426 748 animi
448 682 555 746 fronte
578 681 784 768 congredior.
830 682 887 747 ubi
908 685 1055 767 gentium
1078 683 1140 748 tuit
1163 683 1224 748 sub
1249 683 1471 750 obtestatione
1496 683 1549 750 dei
1573 684 1659 772 inter
1681 705 1741 749 nos
1763 705 1840 772 pro·

185 787 288 851 misse
315 785 494 866 devinctio,
528 791 565 849 ut
596 787 839 872 proficiscentes
871 788 1083 852 insalutatum
1115 809 1167 854 me
1199 789 1289 854 velut
1320 789 1521 874 incognitum
1554 789 1746 874 linqueretis
1778 811 1838 854 nce

186 894 383 976 potestatam
407 909 580 954 remanens
604 890 738 954 sortirer
760 891 944 956 necessaria
970 892 1189 977 suggerendi?
1236 891 1335 957 credo
1366 891 1569 978 providistis,
1601 899 1637 956 ut
1665 892 1872 958 inbecillus2

122 1039 125 1048 ·
187 994 290 1058 oculis
315 997 418 1057 toturn
441 991 611 1058 vobiscum
633 993 744 1057 lumen
773 993 952 1072 amitteret,
983 1015 1043 1058 nec
1067 993 1151 1058 diem
1175 1016 1283 1060 meum
1307 995 1367 1060 sub
1391 995 1485 1060 amici
1508 995 1696 1083 praesentia
1720 996 1839 1061 clausis

188 1095 322 1161 orbibus
340 1097 498 1161 intuerer.
537 1094 619 1160 baec
642 1095 670 1159 si
693 1116 753 1180 per
775 1096 1018 1181 neglegentiam
1042 1094 1259 1182 contigerunt,
1283 1098 1504 1163 aestimationi
1528 1098 1720 1183 relinquitis,
1744 1119 1840 1185 quem

187 1198 274 1286 apud
305 1220 361 1264 vos
395 1201 502 1264 locum
537 1199 719 1264 obtineam:
753 1199 888 1264 ferenda
922 1207 999 1264 sunt
1032 1202 1201 1280 acerbius,
1236 1203 1262 1265 si
1296 1203 1533 1287 intelleguntur
1566 1203 1744 1267 accessisse
1781 1223 1841 1287 per

188 1302 342 1369 studium.
378 1325 464 1368 nuno
481 1305 564 1382 vale,
589 1303 632 1366 mi
648 1301 788 1384 domine,
814 1308 847 1367 et
865 1303 1009 1367 animum
1032 1325 1150 1386 meum,
1175 1325 1271 1389 quem
1297 1306 1330 1369 in
1354 1305 1495 1369 statione
1520 1304 1700 1370 consistere
1726 1305 1874 1370 suadet3

180 1407 374 1471 innocentia
396 1408 488 1493 origo
511 1407 724 1494 propositum,
747 1406 788 1471 ad
812 1407 974 1494 potiorem
996 1408 1122 1491 gratiae
1145 1415 1283 1494 partem,
1307 1409 1385 1493 quia
1400 1407 1492 1473 vobis
1514 1408 1702 1473 sinceritate
1726 1408 1842 1494 patuit,

191 1509 337 1575 invitate.

842 1712 953 1784 00οΧ
975 1713 1087 1802 (sersr.
1106 1720 1134 1797 7,
1152 1716 1197 1803 5).

780 1894 989 1969 ENNODIV
991 1895 1016 1968 S
1045 1895 1265 1970 SENARIO.

302 2040 474 2149 Quamvis
504 2079 538 2136 te
566 2071 732 2137 dominum
763 2092 872 2138 meum
904 2094 964 2159 per
992 2074 1207 2138 intemeratae
1239 2071 1434 2137 documenta
1462 2068 1539 2136 fidei
1567 2070 1757 2158 principalis
1785 2070 1873 2136 sibil

192 2195 270 2240 cura
293 2176 472 2260 coniungat
495 2180 529 2240 et
552 2195 677 2240 morum
693 2175 853 2242 claritudo
869 2177 916 2241 ita
932 2175 1070 2262 publicis
1087 2174 1185 2240 rebus
1201 2176 1350 2256 misceat,
1374 2161 1410 2240 bt
1426 2174 1576 2240 amabilis
1600 2197 1620 2240 a
1642 2180 1675 2239 te
1698 2194 1848 2260 saporem

192 2277 312 2364 quietis
336 2277 506 2357 excludat,
535 2299 600 2344 non
624 2277 722 2344 credo
746 2286 857 2345 tamen
880 2281 928 2346 ita
951 2280 1144 2365 religionem
1169 2279 1334 2345 amicitiae
1358 2279 1564 2365 posthaberi,
1595 2285 1632 2343 ut
1658 2299 1724 2344 non
1752 2278 1848 2343 satis·

193 2383 318 2447 faciens
347 2381 409 2448 deo
439 2382 615 2449 adiurante
647 2385 815 2469 regnantis
845 2384 991 2470 imperiis
1022 2382 1133 2449 debita
1164 2403 1223 2447 sua
1255 2381 1410 2448 refundas
1440 2382 1583 2447 affectui.
1638 2383 1741 2447 nostis
1771 2379 1848 2468 quid

192 2493 308 2572 poscat
337 2486 428 2566 aula,
461 2485 539 2572 qnid
567 2487 686 2571 gratia,
720 2493 754 2552 et
782 2508 846 2552 uno
875 2484 1058 2571 eodemque
1087 2492 1237 2572 tempore
1267 2507 1328 2551 uec
1357 2506 1464 2550 rerum
1489 2484 1611 2550 deestis
1634 2485 1765 2550 domino
1787 2505 1848 2549 neo

194 2590 307 2664 amori,
331 2589 462 2675 quando
484 2589 692 2655 Christianae
714 2592 833 2656 mentis
858 2590 1031 2675 integritas
1056 2611 1115 2675 per
1138 2590 1196 2655 bas
1220 2595 1332 2674 partes
1359 2589 1466 2653 divisa
1490 2588 1659 2655 solidatur.
1694 2589 1745 2653 his
1770 2588 1881 2674 ergot

195 2692 448 2757 sollicitudinem
478 2713 585 2759 meam
615 2692 712 2758 credo
741 2695 895 2776 relevari,
928 2694 1046 2780 quibus
1076 2692 1273 2759 venerabilis
1306 2692 1509 2757 consuetudo
1542 2699 1692 2758 servatur
1722 2690 1848 2756 studiis.

196 2801 321 2861 tantum
345 2804 406 2878 est,
429 2805 465 2861 ut
488 2796 542 2862 dci
565 2797 667 2862 nostri
690 2798 820 2862 solaciis
842 2797 1032 2883 magnitudo
1050 2803 1160 2863 vestra
1177 2796 1290 2861 adiuta
1306 2796 1497 2881 gratuletur.
1533 2795 1664 2861 domine
1682 2797 1735 2876 mi,
1759 2796 1847 2860 salu-

117 2913 128 2949 ‘·
196 2900 328 2964 tationis
352 2900 513 2986 obsequia
535 2909 750 2987 praesentans
774 2923 887 2988 spero,
916 2909 952 2967 ut
974 2902 1015 2967 de
1038 2908 1148 2967 vestro
1171 2902 1224 2966 vel
1248 2899 1345 2965 amici
1370 2900 1469 2964 vestri
1492 2897 1602 2964 domni
1625 2897 1739 2964 Fausti
1762 2905 1849 2963 statu

197 3003 335 3069 hilarem
358 3025 410 3070 me
434 3005 506 3070 lieri
530 3005 636 3070 votivo
660 3005 842 3069 litterarum
865 3005 1031 3090 contingat
1053 3003 1184 3070 indicio.

837 3293 969 3363 cccxl
993 3294 1102 3382 (srrsr.
1122 3299 1150 3374 7,
1166 3295 1210 3382 e).

617 3492 780 3567 FLORO
805 3493 868 3566 ET
895 3489 1156 3566 DECORATO
1183 3489 1433 3563 ENNODIVS.

322 3636 467 3731 permisi
500 3668 662 3736 hactenus
695 3668 952 3756 magnitudinem
982 3675 1124 3734 vestram
1159 3665 1374 3730 mobilitatem
1406 3664 1561 3750 Ligurum
1598 3662 1743 3728 urbanae
1780 3663 1882 3727 lueet
1995 3747 1996 3750 Ἴ

199 3767 430 3855 disputationis
458 3773 640 3856 incessere,
672 3777 748 3860 quia
777 3780 811 3839 et
840 3795 893 3839 me
922 3774 1013 3858 origo
1042 3770 1201 3837 reddebat
1228 3769 1369 3833 alienum
1401 3775 1434 3832 et
1458 3787 1515 3831 vos
1543 3766 1584 3831 ab
1608 3787 1720 3831 eorum
1745 3766 1847 3852 culpis

200 3876 383 3940 constantia
404 3879 566 3962 promissa
589 3880 787 3944 seiunxerat.
824 3877 881 3943 sed
906 3898 980 3943 cum
1001 3897 1067 3941 una
1088 3881 1176 3940 sorte
1194 3873 1235 3938 ab
1252 3873 1355 3937 oculis
1371 3872 1490 3936 restris
1514 3876 1547 3934 ct
1569 3875 1679 3934 mento
1702 3867 1847 3948 discessi,

200 3979 369 4063 praeconis
393 4000 473 4045 voce
496 3986 673 4065 contestor,
704 3983 868 4048 neminem
900 3979 1056 4045 damnare
1080 3997 1179 4064 posse
1208 3976 1295 4062 quod
1328 3976 1484 4061 sequitur,
1515 3994 1575 4038 nec
1606 3972 1695 4036 salvo
1723 3970 1847 4058 pudore

201 4083 400 4149 sententiam
422 4085 617 4151 excessibus
639 4085 764 4150 dictare
787 4090 989 4171 peccantem.
1034 4083 1084 4147 las
1109 4089 1160 4146 est
1183 4081 1304 4145 liberos
1328 4101 1348 4142 a
1370 4082 1462 4142 reatu
1485 4077 1565 4141 vitia
1588 4074 1760 4140 detestari:
1784 4076 1888 4161 quisi

201 4206 306 4271 aequo
335 4185 443 4252 animo
473 4188 571 4270 terat,
612 4190 807 4254 monitorem
844 4188 928 4273 quod
957 4186 1066 4252 verbis
1096 4186 1236 4250 destruit
1267 4182 1394 4247 actibus
1426 4202 1490 4245 non
1524 4180 1647 4244 vitare?
1693 4177 1856 4263 evangelii

202 4291 367 4357 sententia
396 4298 462 4372 est,
495 4293 551 4377 qui
581 4291 708 4356 ‘iecerit
736 4298 769 4356 et
798 4291 945 4356 docuerit
975 4289 1030 4354 sic'
1063 4288 1198 4375 dignum
1229 4286 1284 4351 dei
1311 4285 1419 4371 gratia
1447 4303 1544 4370 posse
1571 4282 1719 4347 iudicari.
1764 4281 2011 4348 vobianensis·

202 4393 353 4480 copiosus
375 4417 482 4460 sermo
506 4402 574 4476 est,
597 4395 749 4480 quotiens
773 4416 862 4461 error
885 4395 1048 4480 arguitur,
1072 4399 1106 4458 et
1128 4391 1188 4456 sub
1212 4386 1472 4455 conversationis
1496 4385 1708 4470 neglegentia
1731 4384 1856 4470 puritas

203 4498 434 4585 amplectenda
448 4499 633 4566 verborum.
668 4497 856 4585 perdidistis
873 4498 1080 4562 lacrimarum
1096 4515 1244 4560 mearum
1266 4493 1468 4570 memoriam,
1493 4509 1590 4574 quam
1613 4486 1857 4552 discedentibus

203 4602 325 4686 gemini
347 4601 469 4669 doloris
500 4604 583 4667 ictus
611 4602 736 4668 effudit.
781 4623 858 4667 ecce
888 4601 1000 4687 quanti
1030 4598 1100 4663 dies
1131 4603 1222 4676 sunt,
1254 4597 1286 4660 in
1316 4593 1435 4680 quibus
1463 4593 1523 4658 snb
1554 4597 1646 4656 tanta
1675 4588 1890 4675 trequentia3

204 4713 442 4772 commeantum
466 4707 556 4771 nulla
579 4723 687 4791 neque
710 4705 822 4770 domni
845 4705 910 4770 mei
933 4704 1030 4769 amici
1053 4703 1153 4768 vestri
1176 4721 1283 4787 neque
1300 4706 1420 4778 vestra,
1445 4718 1529 4782 quae
1553 4697 1594 4762 de
1617 4696 1674 4761 illo
1698 4715 1767 4759 rem
1790 4693 1858 4758 voti

307 4913 324 4966 2
341 4915 526 4968 subtestntione
543 4914 575 4966 de
596 4916 663 4966 inter
679 4913 704 4964 B
842 4911 860 4963 3
877 4913 1000 4964 diuinatio
1018 4911 1044 4961 Β
1147 4910 1273 4975 liqueritis
1286 4908 1312 4958 Β
1336 4909 1404 4972 (rap.
1421 4925 1438 4973 q
1457 4904 1505 4970 lit.)
1644 4901 1661 4952 4
1680 4899 1817 4952 inbieallus
1833 4896 1859 4950 Β

204 4999 220 5051 ti
238 5000 423 5068 negligentiam
436 5001 461 5051 B
537 5001 681 5066 relinquitis
698 5000 799 5066 scripsi,
816 4999 965 5065 relinquetis
984 4997 1044 5048 libri
1157 4991 1433 5055 tabernacutis
1452 4989 1500 5054 lit)
1513 4989 1538 5040 B
1613 4988 1795 5076 intelliguntur
1807 4983 1864 5036 BV

203 5087 328 5140 accidisse
340 5085 419 5139 Sim.
514 5085 532 5137 8
549 5088 664 5138 animum
682 5103 767 5138 meum
779 5085 876 5142 Hace
894 5084 939 5152 (os.
953 5087 1052 5151 pm,
1069 5080 1118 5146 19),
1134 5081 1219 5132 arrimo
1238 5096 1294 5132 meo
1313 5078 1372 5129 libri
1433 5076 1518 5129 suadit
1530 5073 1555 5125 B
1653 5071 1670 5124 3
1688 5068 1858 5139 propositum]

204 5173 316 5239 positum
329 5173 355 5224 Β
423 5173 457 5224 nd
474 5189 522 5224 cas.
536 5173 615 5224 Sim.
684 5170 756 5240 quia]
775 5189 827 5238 qna
840 5170 918 5224 sem.

310 5275 418 5344 [CCCX]
456 5275 488 5327 12
506 5276 703 5329 intimarataeB
836 5272 868 5324 13
885 5272 1012 5325 claritudo
1030 5273 1054 5336 (r
1070 5287 1102 5322 ea
1119 5267 1155 5334 m)
1168 5268 1194 5319 B
1331 5262 1361 5316 14
1380 5262 1548 5332 portaueriB
1686 5258 1718 5311 15
1736 5265 1822 5310 nostes
1835 5257 1860 5308 Β

209 5361 336 5416 iliatam.
350 5363 427 5415 Siros.
520 5361 553 5414 18
569 5371 688 5416 seruatur
705 5401 831 5414 .......
852 5358 1080 5426 magnitudciater
1093 5357 1175 5408 lineas
1188 5355 1272 5421 suppl.
1286 5351 1312 5402 B
1400 5348 1433 5400 19
1445 5345 1489 5414 mi]
1502 5346 1654 5398 mibiBVh
1744 5341 1779 5395 20
1792 5359 1860 5410 prae

204 5447 319 5518 sununs]
338 5457 471 5518 praestans
487 5449 575 5503 V¹L0
640 5465 746 5516 sperans
761 5447 805 5498 Vn
824 5445 940 5514 (sperant
950 5445 1005 5510 ΙΝ)
1023 5441 1060 5495 T1

310 5550 432 5622 [cccxl]
472 5551 506 5604 22
528 5555 593 5606 Ena.
616 5554 693 5605 Plora
715 5559 742 5605 et
766 5550 922 5603 Decoratob
1025 5543 1060 5597 23
1083 5545 1226 5597 mobilitate
1248 5542 1317 5594 Vno
1383 5541 1495 5606 ligerum
1511 5537 1537 5588 Β
1640 5532 1675 5586 24
1692 5535 1804 5586 incesset
1820 5529 1861 5583 Β)

205 5640 240 5693 25
256 5643 419 5694 seiuncxamt
434 5639 458 5688 V
574 5637 608 5691 26
626 5640 763 5706 dampnare
780 5637 805 5687 V
920 5633 954 5687 27
973 5653 989 5686 a
1000 5633 1034 5698 B,
1051 5649 1100 5684 oar.
1118 5632 1195 5683 ceteri
1306 5625 1341 5680 28
1357 5628 1466 5679 dirimet
1477 5624 1503 5677 B
1617 5619 1652 5674 30
1671 5617 1862 5688 nscligentinB

206 5727 238 5780 31
257 5725 348 5796 qnam]
366 5745 431 5795 quas
448 5728 543 5779 coracio
613 5726 797 5779 discidentibus
810 5723 835 5776 B
938 5719 972 5774 32
990 5720 1128 5773 substenta
1139 5717 1173 5781 B,
1190 5715 1333 5769 substantia
1346 5713 1370 5764 L
1473 5708 1508 5762 33
1525 5709 1622 5760 domini
1637 5705 1732 5757 Vtra

309 5819 447 5878 Ειιιουιυε.
1620 5799 1655 5852 30
