<?xml version="1.0" encoding="UTF-8"?>
<!DOCTYPE html PUBLIC "-//W3C//DTD XHTML 1.0 Transitional//EN"
    "http://www.w3.org/TR/xhtml1/DTD/xhtml1-transitional.dtd">
<html xmlns="http://www.w3.org/1999/xhtml" xml:lang="en" lang="en">
 <head>
  <title>
</title>
<meta http-equiv="Content-Type" content="text/html;charset=utf-8" />
  <meta name='ocr-system' content='tesseract 3.04.00' />
  <meta name='ocr-capabilities' content='ocr_page ocr_carea ocr_par ocr_line ocrx_word'/>
</head>
<body>
  <div class='ocr_page' id='page_1' title='image "./monumentagerman06mittgoog_0048.png"; bbox 0 0 4612 6442; ppageno 0'>
   <div class='ocr_carea' id='block_1_1' title="bbox 758 390 1828 460">
    <p class='ocr_par' dir='ltr' id='par_1_1' title="bbox 758 390 1828 460">
     <span class='ocr_line' id='line_1_1' title="bbox 758 390 1828 460; baseline 0.004 -4"><span class='ocrx_word' id='word_1_1' title='bbox 758 390 791 456; x_wconf 92' lang='lat' dir='ltr'>lI.</span> <span class='ocrx_word' id='word_1_2' title='bbox 819 401 866 456; x_wconf 78' lang='lat' dir='ltr'>un</span> <span class='ocrx_word' id='word_1_3' title='bbox 885 401 1073 457; x_wconf 81' lang='lat' dir='ltr'>conlclnos</span> <span class='ocrx_word' id='word_1_4' title='bbox 1094 401 1244 457; x_wconf 80' lang='lat' dir='ltr'>ENNODI.</span> <span class='ocrx_word' id='word_1_5' title='bbox 1712 403 1828 460; x_wconf 81' lang='lat' dir='ltr'>XXXIX</span> 
     </span>
    </p>
   </div>
   <div class='ocr_carea' id='block_1_2' title="bbox 174 569 1830 1079">
    <p class='ocr_par' dir='ltr' id='par_1_2' title="bbox 174 569 1830 870">
     <span class='ocr_line' id='line_1_2' title="bbox 174 569 1830 666; baseline 0.007 -34"><span class='ocrx_word' id='word_1_6' title='bbox 174 592 231 633; x_wconf 90' lang='lat' dir='ltr'>cur</span> <span class='ocrx_word' id='word_1_7' title='bbox 253 569 324 634; x_wconf 90' lang='lat' dir='ltr'>illae</span> <span class='ocrx_word' id='word_1_8' title='bbox 346 571 498 657; x_wconf 83' lang='lat' dir='ltr'>epistulae</span> <span class='ocrx_word' id='word_1_9' title='bbox 521 573 669 640; x_wconf 82' lang='lat' dir='ltr'>delendae</span> <span class='ocrx_word' id='word_1_10' title='bbox 692 576 768 657; x_wconf 88' lang='lat' dir='ltr'>sint,</span> <span class='ocrx_word' id='word_1_11' title='bbox 797 598 835 640; x_wconf 91' lang='lat' dir='ltr'>ue</span> <span class='ocrx_word' id='word_1_12' title='bbox 863 576 993 640; x_wconf 91' lang='lat' dir='ltr'>minima</span> <span class='ocrx_word' id='word_1_13' title='bbox 1021 574 1147 661; x_wconf 89' lang='lat' dir='ltr'>quidem</span> <span class='ocrx_word' id='word_1_14' title='bbox 1177 599 1272 642; x_wconf 88' lang='lat' dir='ltr'>causa</span> <span class='ocrx_word' id='word_1_15' title='bbox 1294 577 1430 664; x_wconf 74' lang='lat' dir='ltr'>intellegi</span> <span class='ocrx_word' id='word_1_16' title='bbox 1453 589 1572 666; x_wconf 86' lang='lat' dir='ltr'>potest;</span> <span class='ocrx_word' id='word_1_17' title='bbox 1600 588 1693 665; x_wconf 90' lang='lat' dir='ltr'>atque</span> <span class='ocrx_word' id='word_1_18' title='bbox 1721 577 1830 644; x_wconf 90' lang='lat' dir='ltr'>codem</span> 
     </span>
     <span class='ocr_line' id='line_1_3' title="bbox 175 672 1829 766; baseline 0.006 -30"><span class='ocrx_word' id='word_1_19' title='bbox 175 672 283 737; x_wconf 81' lang='lat' dir='ltr'>ordine</span> <span class='ocrx_word' id='word_1_20' title='bbox 306 683 430 738; x_wconf 87' lang='lat' dir='ltr'>servato</span> <span class='ocrx_word' id='word_1_21' title='bbox 459 675 553 740; x_wconf 88' lang='lat' dir='ltr'>etiam</span> <span class='ocrx_word' id='word_1_22' title='bbox 577 676 608 740; x_wconf 94' lang='lat' dir='ltr'>iu</span> <span class='ocrx_word' id='word_1_23' title='bbox 636 676 743 742; x_wconf 90' lang='lat' dir='ltr'>codice</span> <span class='ocrx_word' id='word_1_24' title='bbox 769 679 798 743; x_wconf 95' lang='lat' dir='ltr'>B</span> <span class='ocrx_word' id='word_1_25' title='bbox 826 679 1017 744; x_wconf 83' lang='lat' dir='ltr'>exhibentur.</span> <span class='ocrx_word' id='word_1_26' title='bbox 1062 679 1262 744; x_wconf 90' lang='lat' dir='ltr'>statuendum</span> <span class='ocrx_word' id='word_1_27' title='bbox 1284 703 1358 766; x_wconf 82' lang='lat' dir='ltr'>ergo</span> <span class='ocrx_word' id='word_1_28' title='bbox 1380 690 1428 746; x_wconf 89' lang='lat' dir='ltr'>est</span> <span class='ocrx_word' id='word_1_29' title='bbox 1449 682 1612 747; x_wconf 87' lang='lat' dir='ltr'>librarium</span> <span class='ocrx_word' id='word_1_30' title='bbox 1634 682 1671 750; x_wconf 88' lang='lat' dir='ltr'>V</span> <span class='ocrx_word' id='word_1_31' title='bbox 1693 682 1829 747; x_wconf 89' lang='lat' dir='ltr'>otiosum</span> 
     </span>
     <span class='ocr_line' id='line_1_4' title="bbox 174 777 1692 870; baseline 0.007 -30"><span class='ocrx_word' id='word_1_32' title='bbox 174 785 204 840; x_wconf 89' lang='lat' dir='ltr'>ct</span> <span class='ocrx_word' id='word_1_33' title='bbox 227 777 408 842; x_wconf 73' lang='lat' dir='ltr'>oscitantem</span> <span class='ocrx_word' id='word_1_34' title='bbox 431 778 486 842; x_wconf 93' lang='lat' dir='ltr'>illa</span> <span class='ocrx_word' id='word_1_35' title='bbox 507 789 623 865; x_wconf 86' lang='lat' dir='ltr'>puncta</span> <span class='ocrx_word' id='word_1_36' title='bbox 645 780 766 846; x_wconf 76' lang='lat' dir='ltr'>lusisse.</span> <span class='ocrx_word' id='word_1_37' title='bbox 810 791 843 846; x_wconf 90' lang='lat' dir='ltr'>at</span> <span class='ocrx_word' id='word_1_38' title='bbox 864 783 897 846; x_wconf 93' lang='lat' dir='ltr'>in</span> <span class='ocrx_word' id='word_1_39' title='bbox 920 781 1026 848; x_wconf 91' lang='lat' dir='ltr'>codice</span> <span class='ocrx_word' id='word_1_40' title='bbox 1048 784 1078 847; x_wconf 92' lang='lat' dir='ltr'>L</span> <span class='ocrx_word' id='word_1_41' title='bbox 1099 783 1158 848; x_wconf 90' lang='lat' dir='ltr'>bae</span> <span class='ocrx_word' id='word_1_42' title='bbox 1179 782 1259 848; x_wconf 90' lang='lat' dir='ltr'>duae</span> <span class='ocrx_word' id='word_1_43' title='bbox 1281 785 1432 870; x_wconf 85' lang='lat' dir='ltr'>epistulae</span> <span class='ocrx_word' id='word_1_44' title='bbox 1454 796 1528 850; x_wconf 91' lang='lat' dir='ltr'>snut</span> <span class='ocrx_word' id='word_1_45' title='bbox 1550 786 1692 851; x_wconf 86' lang='lat' dir='ltr'>omissae.</span> 
     </span>
    </p>

    <p class='ocr_par' dir='ltr' id='par_1_3' title="bbox 174 880 1828 1079">
     <span class='ocr_line' id='line_1_5' title="bbox 277 880 1828 977; baseline 0.006 -33"><span class='ocrx_word' id='word_1_46' title='bbox 277 880 400 945; x_wconf 81' lang='lat' dir='ltr'>Deinde</span> <span class='ocrx_word' id='word_1_47' title='bbox 423 882 518 947; x_wconf 86' lang='lat' dir='ltr'>verba</span> <span class='ocrx_word' id='word_1_48' title='bbox 540 890 581 968; x_wconf 84' lang='lat' dir='ltr'>(p.</span> <span class='ocrx_word' id='word_1_49' title='bbox 600 887 749 966; x_wconf 80' lang='lat'>184‚13):</span> <span class='ocrx_word' id='word_1_50' title='bbox 771 887 808 965; x_wconf 82' lang='lat' dir='ltr'>,si</span> <span class='ocrx_word' id='word_1_51' title='bbox 830 885 952 951; x_wconf 89' lang='lat' dir='ltr'>medica</span> <span class='ocrx_word' id='word_1_52' title='bbox 974 909 1067 952; x_wconf 91' lang='lat' dir='ltr'>manu</span> <span class='ocrx_word' id='word_1_53' title='bbox 1091 887 1233 972; x_wconf 91' lang='lat' dir='ltr'>iugulum</span> <span class='ocrx_word' id='word_1_54' title='bbox 1248 889 1466 974; x_wconf 86' lang='lat' dir='ltr'>praestitisses.</span> <span class='ocrx_word' id='word_1_55' title='bbox 1499 889 1600 977; x_wconf 86' lang='lat' dir='ltr'>prima</span> <span class='ocrx_word' id='word_1_56' title='bbox 1614 897 1662 954; x_wconf 92' lang='lat' dir='ltr'>est</span> <span class='ocrx_word' id='word_1_57' title='bbox 1676 888 1828 953; x_wconf 87' lang='lat' dir='ltr'>malorum</span> 
     </span>
     <span class='ocr_line' id='line_1_6' title="bbox 174 983 1363 1079; baseline 0.008 -31"><span class='ocrx_word' id='word_1_58' title='bbox 174 996 298 1048; x_wconf 89' lang='lat' dir='ltr'>tuorum</span> <span class='ocrx_word' id='word_1_59' title='bbox 321 983 511 1050; x_wconf 83' lang='lat' dir='ltr'>adinventio‘</span> <span class='ocrx_word' id='word_1_60' title='bbox 534 987 565 1051; x_wconf 91' lang='lat' dir='ltr'>iu</span> <span class='ocrx_word' id='word_1_61' title='bbox 589 986 749 1054; x_wconf 79' lang='lat' dir='ltr'>codicibus</span> <span class='ocrx_word' id='word_1_62' title='bbox 772 989 808 1056; x_wconf 90' lang='lat' dir='ltr'>V</span> <span class='ocrx_word' id='word_1_63' title='bbox 831 999 862 1054; x_wconf 92' lang='lat' dir='ltr'>et</span> <span class='ocrx_word' id='word_1_64' title='bbox 884 991 914 1054; x_wconf 90' lang='lat' dir='ltr'>L</span> <span class='ocrx_word' id='word_1_65' title='bbox 935 990 995 1055; x_wconf 92' lang='lat' dir='ltr'>hoc</span> <span class='ocrx_word' id='word_1_66' title='bbox 1017 990 1111 1056; x_wconf 89' lang='lat' dir='ltr'>modo</span> <span class='ocrx_word' id='word_1_67' title='bbox 1134 991 1251 1079; x_wconf 87' lang='lat' dir='ltr'>scripta</span> <span class='ocrx_word' id='word_1_68' title='bbox 1273 1001 1363 1058; x_wconf 80' lang='lat' dir='ltr'>sum:</span> 
     </span>
    </p>
   </div>
   <div class='ocr_carea' id='block_1_3' title="bbox 818 1127 1185 1196">
    <p class='ocr_par' dir='ltr' id='par_1_4' title="bbox 818 1127 1185 1196">
     <span class='ocr_line' id='line_1_7' title="bbox 818 1127 1185 1196; baseline 0.011 -4"><span class='ocrx_word' id='word_1_69' title='bbox 818 1127 1185 1196; x_wconf 55' lang='lat' dir='ltr'>mVfflfflmss</span> 
     </span>
    </p>
   </div>
   <div class='ocr_carea' id='block_1_4' title="bbox 479 1232 1420 1392">
    <p class='ocr_par' dir='ltr' id='par_1_5' title="bbox 479 1232 1420 1392">
     <span class='ocr_line' id='line_1_8' title="bbox 760 1232 898 1258; baseline 0.007 -4"><span class='ocrx_word' id='word_1_70' title='bbox 760 1233 775 1258; x_wconf 75' lang='lat'>.‚</span> <span class='ocrx_word' id='word_1_71' title='bbox 894 1232 898 1252; x_wconf 80' lang='lat'>.</span> 
     </span>
     <span class='ocr_line' id='line_1_9' title="bbox 479 1253 1420 1392; baseline 0.023 -78"><span class='ocrx_word' id='word_1_72' title='bbox 479 1291 585 1392; x_wconf 47' lang='lat' dir='ltr'>ptum</span> <span class='ocrx_word' id='word_1_73' title='bbox 608 1268 636 1332; x_wconf 89' lang='lat' dir='ltr'>si</span> <span class='ocrx_word' id='word_1_74' title='bbox 658 1290 753 1373; x_wconf 83' lang='lat' dir='ltr'>manu</span> <span class='ocrx_word' id='word_1_75' title='bbox 771 1253 1029 1356; x_wconf 57' lang='lat' dir='ltr'>&#39;iugulis&#39;medica</span> <span class='ocrx_word' id='word_1_76' title='bbox 1050 1269 1205 1353; x_wconf 63' lang='lat' dir='ltr'>§stitisses</span> <span class='ocrx_word' id='word_1_77' title='bbox 1221 1289 1227 1306; x_wconf 89' lang='lat'><strong>·</strong></span> <span class='ocrx_word' id='word_1_78' title='bbox 1243 1269 1350 1336; x_wconf 88' lang='lat' dir='ltr'>Prima</span> <span class='ocrx_word' id='word_1_79' title='bbox 1372 1280 1420 1336; x_wconf 89' lang='lat' dir='ltr'>est</span> 
     </span>
    </p>
   </div>
   <div class='ocr_carea' id='block_1_5' title="bbox 610 1355 1506 1834">
    <p class='ocr_par' dir='ltr' id='par_1_6' title="bbox 610 1355 1506 1834">
     <span class='ocr_line' id='line_1_10' title="bbox 610 1355 942 1457; baseline 0.006 -5"><span class='ocrx_word' id='word_1_80' title='bbox 610 1388 728 1454; x_wconf 71' lang='lat' dir='ltr'>maiori}</span> <span class='ocrx_word' id='word_1_81' title='bbox 751 1355 942 1457; x_wconf 64' lang='lat' dir='ltr'>&#39;adinventio</span> 
     </span>
     <span class='ocr_line' id='line_1_11' title="bbox 799 1544 1255 1648; baseline 0.009 -39"><span class='ocrx_word' id='word_1_82' title='bbox 799 1544 867 1610; x_wconf 93' lang='lat' dir='ltr'>cod.</span> <span class='ocrx_word' id='word_1_83' title='bbox 882 1545 913 1609; x_wconf 89' lang='lat' dir='ltr'>L</span> <span class='ocrx_word' id='word_1_84' title='bbox 934 1545 987 1610; x_wconf 89' lang='lat' dir='ltr'>fol.</span> <span class='ocrx_word' id='word_1_85' title='bbox 1003 1549 1045 1612; x_wconf 83' lang='grc'>96</span> <span class='ocrx_word' id='word_1_86' title='bbox 1068 1546 1161 1612; x_wconf 74' lang='lat' dir='ltr'>cell</span> <span class='ocrx_word' id='word_1_87' title='bbox 1248 1633 1255 1648; x_wconf 93' lang='lat'>.</span> 
     </span>
     <span class='ocr_line' id='line_1_12' title="bbox 1229 1657 1506 1710; baseline -0.004 -10"><span class='ocrx_word' id='word_1_88' title='bbox 1229 1657 1257 1700; x_wconf 81' lang='lat' dir='ltr'>si</span> <span class='ocrx_word' id='word_1_89' title='bbox 1281 1658 1332 1700; x_wconf 73' lang='grc'><strong>11111</strong></span> <span class='ocrx_word' id='word_1_90' title='bbox 1501 1702 1506 1710; x_wconf 71' lang='grc'><strong>,</strong></span> 
     </span>
     <span class='ocr_line' id='line_1_13' title="bbox 610 1735 1485 1834; baseline 0.005 -36"><span class='ocrx_word' id='word_1_91' title='bbox 610 1739 651 1801; x_wconf 81' lang='lat' dir='ltr'>rui</span> <span class='ocrx_word' id='word_1_92' title='bbox 674 1745 801 1834; x_wconf 78' lang='lat' dir='ltr'>tuorum</span> <span class='ocrx_word' id='word_1_93' title='bbox 824 1736 930 1822; x_wconf 76' lang='lat' dir='ltr'>iugula</span> <span class='ocrx_word' id='word_1_94' title='bbox 953 1735 1056 1802; x_wconf 91' lang='lat' dir='ltr'>media</span> <span class='ocrx_word' id='word_1_95' title='bbox 1079 1737 1268 1822; x_wconf 88' lang='lat' dir='ltr'>prestitisses</span> <span class='ocrx_word' id='word_1_96' title='bbox 1285 1787 1292 1803; x_wconf 95' lang='lat'>.</span> <span class='ocrx_word' id='word_1_97' title='bbox 1309 1738 1413 1803; x_wconf 89' lang='lat' dir='ltr'>Prima</span> <span class='ocrx_word' id='word_1_98' title='bbox 1437 1747 1485 1802; x_wconf 88' lang='lat' dir='ltr'>cst</span> 
     </span>
    </p>
   </div>
   <div class='ocr_carea' id='block_1_6' title="bbox 609 1862 1113 1929">
    <p class='ocr_par' dir='ltr' id='par_1_7' title="bbox 609 1862 1113 1929">
     <span class='ocr_line' id='line_1_14' title="bbox 609 1862 1113 1929; baseline 0.004 -3"><span class='ocrx_word' id='word_1_99' title='bbox 609 1862 761 1928; x_wconf 87' lang='lat' dir='ltr'>malorum</span> <span class='ocrx_word' id='word_1_100' title='bbox 785 1872 909 1928; x_wconf 87' lang='lat' dir='ltr'>tuorum</span> <span class='ocrx_word' id='word_1_101' title='bbox 933 1862 1113 1929; x_wconf 88' lang='lat' dir='ltr'>adinventio</span> 
     </span>
    </p>
   </div>
   <div class='ocr_carea' id='block_1_7' title="bbox 166 1997 1830 4495">
    <p class='ocr_par' dir='ltr' id='par_1_8' title="bbox 166 1997 1830 3764">
     <span class='ocr_line' id='line_1_15' title="bbox 174 1997 1829 2088; baseline 0.003 -26"><span class='ocrx_word' id='word_1_102' title='bbox 174 1997 269 2076; x_wconf 79' lang='lat' dir='ltr'>Quod</span> <span class='ocrx_word' id='word_1_103' title='bbox 292 2022 362 2063; x_wconf 81' lang='lat' dir='ltr'>crrrrr</span> <span class='ocrx_word' id='word_1_104' title='bbox 386 1999 592 2086; x_wconf 77' lang='lat' dir='ltr'>explicatione</span> <span class='ocrx_word' id='word_1_105' title='bbox 615 2000 700 2065; x_wconf 83' lang='lat' dir='ltr'>uuha</span> <span class='ocrx_word' id='word_1_106' title='bbox 723 1999 869 2085; x_wconf 87' lang='lat' dir='ltr'>indigeat,</span> <span class='ocrx_word' id='word_1_107' title='bbox 894 2000 965 2064; x_wconf 91' lang='lat' dir='ltr'>ilico</span> <span class='ocrx_word' id='word_1_108' title='bbox 989 1999 1186 2086; x_wconf 90' lang='lat' dir='ltr'>adiungimus</span> <span class='ocrx_word' id='word_1_109' title='bbox 1209 1999 1296 2065; x_wconf 88' lang='lat' dir='ltr'>aliud</span> <span class='ocrx_word' id='word_1_110' title='bbox 1319 2001 1540 2082; x_wconf 89' lang='lat' dir='ltr'>testimouium,</span> <span class='ocrx_word' id='word_1_111' title='bbox 1563 2000 1648 2088; x_wconf 91' lang='lat' dir='ltr'>quod</span> <span class='ocrx_word' id='word_1_112' title='bbox 1671 2025 1765 2068; x_wconf 76' lang='grc'><strong>[11111111</strong></span> <span class='ocrx_word' id='word_1_113' title='bbox 1789 2001 1829 2067; x_wconf 88' lang='lat' dir='ltr'>ad</span> 
     </span>
     <span class='ocr_line' id='line_1_16' title="bbox 173 2103 1829 2188; baseline 0.003 -23"><span class='ocrx_word' id='word_1_114' title='bbox 173 2109 271 2166; x_wconf 90' lang='lat' dir='ltr'>tutam</span> <span class='ocrx_word' id='word_1_115' title='bbox 305 2103 516 2188; x_wconf 67' lang='lat' dir='ltr'>‹piraestionem</span> <span class='ocrx_word' id='word_1_116' title='bbox 546 2103 729 2169; x_wconf 88' lang='lat' dir='ltr'>solvendam</span> <span class='ocrx_word' id='word_1_117' title='bbox 764 2104 888 2168; x_wconf 80' lang='lat' dir='ltr'>sufficit.</span> <span class='ocrx_word' id='word_1_118' title='bbox 940 2103 1077 2169; x_wconf 90' lang='lat' dir='ltr'>secunda</span> <span class='ocrx_word' id='word_1_119' title='bbox 1104 2104 1249 2169; x_wconf 88' lang='lat' dir='ltr'>columna</span> <span class='ocrx_word' id='word_1_120' title='bbox 1275 2104 1342 2169; x_wconf 88' lang='lat' dir='ltr'>folii</span> <span class='ocrx_word' id='word_1_121' title='bbox 1366 2108 1407 2171; x_wconf 86' lang='grc'>28</span> <span class='ocrx_word' id='word_1_122' title='bbox 1437 2106 1468 2169; x_wconf 93' lang='lat' dir='ltr'>in</span> <span class='ocrx_word' id='word_1_123' title='bbox 1499 2105 1605 2170; x_wconf 77' lang='lat' dir='ltr'>codice</span> <span class='ocrx_word' id='word_1_124' title='bbox 1628 2105 1663 2172; x_wconf 91' lang='lat' dir='ltr'>V</span> <span class='ocrx_word' id='word_1_125' title='bbox 1692 2107 1829 2171; x_wconf 87' lang='lat' dir='ltr'>continet</span> 
     </span>
     <span class='ocr_line' id='line_1_17' title="bbox 175 2205 1830 2296; baseline 0.004 -28"><span class='ocrx_word' id='word_1_126' title='bbox 175 2205 284 2270; x_wconf 88' lang='lat' dir='ltr'>verba:</span> <span class='ocrx_word' id='word_1_127' title='bbox 309 2230 338 2291; x_wconf 94' lang='lat' dir='ltr'>p.</span> <span class='ocrx_word' id='word_1_128' title='bbox 356 2211 437 2284; x_wconf 82' lang='lat'><strong>56,2</strong></span> <span class='ocrx_word' id='word_1_129' title='bbox 461 2207 588 2271; x_wconf 81' lang='lat' dir='ltr'>laeditis</span> <span class='ocrx_word' id='word_1_130' title='bbox 610 2230 674 2273; x_wconf 74' lang='lat' dir='ltr'>rame</span> <span class='ocrx_word' id='word_1_131' title='bbox 697 2249 736 2254; x_wconf 93' lang='lat'>—</span> <span class='ocrx_word' id='word_1_132' title='bbox 760 2233 791 2295; x_wconf 91' lang='lat' dir='ltr'>p.</span> <span class='ocrx_word' id='word_1_133' title='bbox 807 2212 908 2288; x_wconf 72' lang='lat' dir='ltr'>sual</span> <span class='ocrx_word' id='word_1_134' title='bbox 934 2229 1030 2288; x_wconf 77' lang='lat' dir='ltr'>qrturu</span> <span class='ocrx_word' id='word_1_135' title='bbox 1051 2209 1266 2291; x_wconf 49' lang='lat' dir='ltr'>investigatis·</span> <span class='ocrx_word' id='word_1_136' title='bbox 1296 2207 1352 2273; x_wconf 89' lang='lat' dir='ltr'>sed</span> <span class='ocrx_word' id='word_1_137' title='bbox 1377 2209 1496 2275; x_wconf 84' lang='lat' dir='ltr'>litteras</span> <span class='ocrx_word' id='word_1_138' title='bbox 1520 2233 1597 2296; x_wconf 91' lang='lat' dir='ltr'>quas</span> <span class='ocrx_word' id='word_1_139' title='bbox 1621 2210 1719 2276; x_wconf 90' lang='lat' dir='ltr'>oculis</span> <span class='ocrx_word' id='word_1_140' title='bbox 1742 2211 1830 2276; x_wconf 87' lang='lat' dir='ltr'>aber·</span> 
     </span>
     <span class='ocr_line' id='line_1_18' title="bbox 175 2309 1829 2398; baseline 0.003 -25"><span class='ocrx_word' id='word_1_141' title='bbox 175 2309 314 2374; x_wconf 87' lang='lat' dir='ltr'>mutibus</span> <span class='ocrx_word' id='word_1_142' title='bbox 344 2310 489 2375; x_wconf 82' lang='lat' dir='ltr'>librarius</span> <span class='ocrx_word' id='word_1_143' title='bbox 518 2311 665 2376; x_wconf 88' lang='lat' dir='ltr'>omisemt</span> <span class='ocrx_word' id='word_1_144' title='bbox 694 2319 734 2398; x_wconf 86' lang='lat' dir='ltr'>(p.</span> <span class='ocrx_word' id='word_1_145' title='bbox 750 2313 876 2392; x_wconf 81' lang='grc'><strong>56,18);</strong></span> <span class='ocrx_word' id='word_1_146' title='bbox 914 2312 1019 2376; x_wconf 82' lang='lat' dir='ltr'>bernus</span> <span class='ocrx_word' id='word_1_147' title='bbox 1052 2312 1228 2376; x_wconf 70' lang='lat' dir='ltr'>excessibus</span> <span class='ocrx_word' id='word_1_148' title='bbox 1259 2314 1289 2376; x_wconf 81' lang='lat' dir='ltr'>si</span> <span class='ocrx_word' id='word_1_149' title='bbox 1318 2335 1442 2377; x_wconf 74' lang='lat' dir='ltr'>scrutari</span> <span class='ocrx_word' id='word_1_150' title='bbox 1476 2315 1601 2379; x_wconf 74' lang='lat' dir='ltr'>duritiae</span> <span class='ocrx_word' id='word_1_151' title='bbox 1637 2314 1829 2396; x_wconf 67' lang='lat' dir='ltr'>discumbas</span> 
     </span>
     <span class='ocr_line' id='line_1_19' title="bbox 174 2413 1828 2516; baseline 0.004 -40"><span class='ocrx_word' id='word_1_152' title='bbox 174 2413 331 2504; x_wconf 69' lang='lat' dir='ltr'>›reeipistru</span> <span class='ocrx_word' id='word_1_153' title='bbox 356 2415 423 2500; x_wconf 87' lang='lat' dir='ltr'>ipse</span> <span class='ocrx_word' id='word_1_154' title='bbox 438 2415 645 2516; x_wconf 37' lang='lat' dir='ltr'>supplevit&#39;in</span> <span class='ocrx_word' id='word_1_155' title='bbox 660 2415 798 2501; x_wconf 83' lang='lat' dir='ltr'>ruargiue</span> <span class='ocrx_word' id='word_1_156' title='bbox 814 2414 957 2479; x_wconf 85' lang='lat' dir='ltr'>inferiore</span> <span class='ocrx_word' id='word_1_157' title='bbox 971 2424 1003 2478; x_wconf 89' lang='lat' dir='ltr'>et</span> <span class='ocrx_word' id='word_1_158' title='bbox 1018 2415 1166 2496; x_wconf 87' lang='lat' dir='ltr'>notulam,</span> <span class='ocrx_word' id='word_1_159' title='bbox 1190 2416 1243 2480; x_wconf 92' lang='lat' dir='ltr'>ubi</span> <span class='ocrx_word' id='word_1_160' title='bbox 1257 2416 1443 2495; x_wconf 85' lang='lat' dir='ltr'>exciderant,</span> <span class='ocrx_word' id='word_1_161' title='bbox 1463 2416 1631 2504; x_wconf 89' lang='lat' dir='ltr'>adscripsit</span> <span class='ocrx_word' id='word_1_162' title='bbox 1644 2419 1704 2483; x_wconf 94' lang='lat' dir='ltr'>hoc</span> <span class='ocrx_word' id='word_1_163' title='bbox 1719 2417 1828 2483; x_wconf 87' lang='lat' dir='ltr'>modo:</span> 
     </span>
     <span class='ocr_line' id='line_1_20' title="bbox 166 2513 1828 2622; baseline 0.004 -24"><span class='ocrx_word' id='word_1_164' title='bbox 166 2533 417 2618; x_wconf 74' lang='lat' dir='ltr'>proceru-repelli</span> <span class='ocrx_word' id='word_1_165' title='bbox 437 2513 711 2616; x_wconf 61' lang='lat' dir='ltr'>(trincabernus</span> <span class='ocrx_word' id='word_1_166' title='bbox 732 2539 807 2616; x_wconf 73' lang='lat' dir='ltr'>cte).</span> <span class='ocrx_word' id='word_1_167' title='bbox 852 2536 997 2600; x_wconf 88' lang='lat' dir='ltr'>librarius</span> <span class='ocrx_word' id='word_1_168' title='bbox 1014 2537 1051 2616; x_wconf 91' lang='lat' dir='ltr'>L,</span> <span class='ocrx_word' id='word_1_169' title='bbox 1074 2559 1135 2622; x_wconf 91' lang='lat' dir='ltr'>qua</span> <span class='ocrx_word' id='word_1_170' title='bbox 1157 2536 1217 2600; x_wconf 89' lang='lat' dir='ltr'>fuit</span> <span class='ocrx_word' id='word_1_171' title='bbox 1238 2537 1366 2602; x_wconf 90' lang='lat' dir='ltr'>levitate</span> <span class='ocrx_word' id='word_1_172' title='bbox 1388 2547 1419 2602; x_wconf 88' lang='lat' dir='ltr'>et</span> <span class='ocrx_word' id='word_1_173' title='bbox 1441 2539 1597 2618; x_wconf 88' lang='lat' dir='ltr'>caecitate,</span> <span class='ocrx_word' id='word_1_174' title='bbox 1619 2539 1699 2604; x_wconf 91' lang='lat' dir='ltr'>hanc</span> <span class='ocrx_word' id='word_1_175' title='bbox 1722 2547 1828 2605; x_wconf 85' lang='lat' dir='ltr'>uotam</span> 
     </span>
     <span class='ocr_line' id='line_1_21' title="bbox 174 2639 1830 2728; baseline 0.003 -25"><span class='ocrx_word' id='word_1_176' title='bbox 174 2640 308 2726; x_wconf 80' lang='lat' dir='ltr'>neglexit</span> <span class='ocrx_word' id='word_1_177' title='bbox 329 2662 428 2726; x_wconf 84' lang='lat' dir='ltr'>neque</span> <span class='ocrx_word' id='word_1_178' title='bbox 444 2641 540 2706; x_wconf 88' lang='lat' dir='ltr'>verba</span> <span class='ocrx_word' id='word_1_179' title='bbox 555 2640 730 2728; x_wconf 89' lang='lat' dir='ltr'>supplenda</span> <span class='ocrx_word' id='word_1_180' title='bbox 753 2639 926 2726; x_wconf 87' lang='lat' dir='ltr'>supplevit:</span> <span class='ocrx_word' id='word_1_181' title='bbox 950 2639 1072 2705; x_wconf 91' lang='lat' dir='ltr'>addidit</span> <span class='ocrx_word' id='word_1_182' title='bbox 1094 2650 1203 2726; x_wconf 86' lang='lat' dir='ltr'>postea</span> <span class='ocrx_word' id='word_1_183' title='bbox 1225 2641 1256 2704; x_wconf 93' lang='lat' dir='ltr'>in</span> <span class='ocrx_word' id='word_1_184' title='bbox 1280 2641 1419 2728; x_wconf 84' lang='lat' dir='ltr'>urargiue</span> <span class='ocrx_word' id='word_1_185' title='bbox 1440 2652 1601 2708; x_wconf 87' lang='lat' dir='ltr'>corrector.</span> <span class='ocrx_word' id='word_1_186' title='bbox 1634 2645 1713 2708; x_wconf 90' lang='lat' dir='ltr'>inter</span> <span class='ocrx_word' id='word_1_187' title='bbox 1735 2644 1830 2709; x_wconf 89' lang='lat' dir='ltr'>verba</span> 
     </span>
     <span class='ocr_line' id='line_1_22' title="bbox 173 2744 1830 2830; baseline 0.003 -23"><span class='ocrx_word' id='word_1_188' title='bbox 173 2753 275 2808; x_wconf 88' lang='lat' dir='ltr'>autem</span> <span class='ocrx_word' id='word_1_189' title='bbox 291 2766 388 2824; x_wconf 75' lang='lat' dir='ltr'>psalm</span> <span class='ocrx_word' id='word_1_190' title='bbox 402 2746 597 2828; x_wconf 78' lang='lat' dir='ltr'>r&#39;uccstiyutio</span> <span class='ocrx_word' id='word_1_191' title='bbox 614 2751 723 2809; x_wconf 71' lang='lat' dir='ltr'>ametro</span> <span class='ocrx_word' id='word_1_192' title='bbox 738 2754 768 2808; x_wconf 93' lang='lat' dir='ltr'>et</span> <span class='ocrx_word' id='word_1_193' title='bbox 784 2745 958 2808; x_wconf 69' lang='lat' dir='ltr'>bitus-iered</span> <span class='ocrx_word' id='word_1_194' title='bbox 1042 2749 1082 2830; x_wconf 79' lang='lat' dir='ltr'>lp.</span> <span class='ocrx_word' id='word_1_195' title='bbox 1090 2748 1200 2825; x_wconf 68' lang='grc'><strong>6621)</strong></span> <span class='ocrx_word' id='word_1_196' title='bbox 1221 2745 1253 2808; x_wconf 91' lang='lat' dir='ltr'>iu</span> <span class='ocrx_word' id='word_1_197' title='bbox 1269 2744 1376 2810; x_wconf 90' lang='lat' dir='ltr'>codice</span> <span class='ocrx_word' id='word_1_198' title='bbox 1392 2746 1421 2810; x_wconf 91' lang='lat' dir='ltr'>L</span> <span class='ocrx_word' id='word_1_199' title='bbox 1435 2755 1503 2811; x_wconf 87' lang='lat' dir='ltr'>tota</span> <span class='ocrx_word' id='word_1_200' title='bbox 1517 2746 1597 2812; x_wconf 89' lang='lat' dir='ltr'>linea</span> <span class='ocrx_word' id='word_1_201' title='bbox 1612 2771 1701 2812; x_wconf 83' lang='lat' dir='ltr'>erasa</span> <span class='ocrx_word' id='word_1_202' title='bbox 1715 2757 1771 2828; x_wconf 88' lang='lat' dir='ltr'>est,</span> <span class='ocrx_word' id='word_1_203' title='bbox 1793 2771 1830 2812; x_wconf 88' lang='lat' dir='ltr'>ac</span> 
     </span>
     <span class='ocr_line' id='line_1_23' title="bbox 172 2846 1830 2935; baseline 0.001 -24"><span class='ocrx_word' id='word_1_204' title='bbox 172 2870 266 2912; x_wconf 77' lang='lat' dir='ltr'>ariano</span> <span class='ocrx_word' id='word_1_205' title='bbox 289 2847 395 2927; x_wconf 88' lang='lat' dir='ltr'>altem,</span> <span class='ocrx_word' id='word_1_206' title='bbox 410 2846 516 2912; x_wconf 89' lang='lat' dir='ltr'>cadem</span> <span class='ocrx_word' id='word_1_207' title='bbox 534 2871 596 2934; x_wconf 90' lang='lat' dir='ltr'>qua</span> <span class='ocrx_word' id='word_1_208' title='bbox 612 2848 765 2912; x_wconf 89' lang='lat' dir='ltr'>vocabula</span> <span class='ocrx_word' id='word_1_209' title='bbox 782 2848 887 2912; x_wconf 72' lang='lat' dir='ltr'>busiris</span> <span class='ocrx_word' id='word_1_210' title='bbox 904 2898 997 2911; x_wconf 92' lang='grc'>.....</span> <span class='ocrx_word' id='word_1_211' title='bbox 1016 2849 1164 2930; x_wconf 72' lang='grc'>11697360</span> <span class='ocrx_word' id='word_1_212' title='bbox 1183 2849 1215 2912; x_wconf 93' lang='lat' dir='ltr'>iu</span> <span class='ocrx_word' id='word_1_213' title='bbox 1231 2848 1370 2935; x_wconf 83' lang='lat' dir='ltr'>margine</span> <span class='ocrx_word' id='word_1_214' title='bbox 1383 2847 1492 2914; x_wconf 85' lang='lat' dir='ltr'>addita</span> <span class='ocrx_word' id='word_1_215' title='bbox 1506 2860 1588 2930; x_wconf 88' lang='lat' dir='ltr'>sunt,</span> <span class='ocrx_word' id='word_1_216' title='bbox 1611 2851 1705 2915; x_wconf 88' lang='lat' dir='ltr'>verbu</span> <span class='ocrx_word' id='word_1_217' title='bbox 1720 2856 1830 2914; x_wconf 80' lang='lat' dir='ltr'>rtcstru</span> 
     </span>
     <span class='ocr_line' id='line_1_24' title="bbox 172 2951 1829 3038; baseline 0.002 -23"><span class='ocrx_word' id='word_1_218' title='bbox 172 2961 203 3016; x_wconf 90' lang='lat' dir='ltr'>et</span> <span class='ocrx_word' id='word_1_219' title='bbox 227 2953 341 3028; x_wconf 67' lang='lat' dir='ltr'>buum,</span> <span class='ocrx_word' id='word_1_220' title='bbox 370 2952 487 3038; x_wconf 88' lang='lat' dir='ltr'>quippe</span> <span class='ocrx_word' id='word_1_221' title='bbox 515 2975 595 3038; x_wconf 71' lang='lat' dir='ltr'>(luae</span> <span class='ocrx_word' id='word_1_222' title='bbox 623 2952 716 3016; x_wconf 87' lang='lat' dir='ltr'>litura</span> <span class='ocrx_word' id='word_1_223' title='bbox 745 2951 830 3016; x_wconf 87' lang='lat' dir='ltr'>laesa</span> <span class='ocrx_word' id='word_1_224' title='bbox 858 2962 976 3032; x_wconf 89' lang='lat' dir='ltr'>esseut,</span> <span class='ocrx_word' id='word_1_225' title='bbox 1004 2961 1078 3016; x_wconf 91' lang='lat' dir='ltr'>sunt</span> <span class='ocrx_word' id='word_1_226' title='bbox 1105 2951 1256 3018; x_wconf 85' lang='lat' dir='ltr'>restituta.</span> <span class='ocrx_word' id='word_1_227' title='bbox 1310 2953 1429 3018; x_wconf 87' lang='lat' dir='ltr'>scilicet</span> <span class='ocrx_word' id='word_1_228' title='bbox 1458 2954 1488 3018; x_wconf 93' lang='lat' dir='ltr'>in</span> <span class='ocrx_word' id='word_1_229' title='bbox 1516 2953 1569 3018; x_wconf 90' lang='lat' dir='ltr'>illa</span> <span class='ocrx_word' id='word_1_230' title='bbox 1595 2955 1690 3018; x_wconf 89' lang='lat' dir='ltr'>totius</span> <span class='ocrx_word' id='word_1_231' title='bbox 1721 2977 1829 3018; x_wconf 87' lang='lat' dir='ltr'>versus</span> 
     </span>
     <span class='ocr_line' id='line_1_25' title="bbox 172 3055 1830 3142; baseline 0.002 -23"><span class='ocrx_word' id='word_1_232' title='bbox 172 3055 265 3119; x_wconf 92' lang='lat' dir='ltr'>litura</span> <span class='ocrx_word' id='word_1_233' title='bbox 288 3055 406 3141; x_wconf 88' lang='lat' dir='ltr'>scripta</span> <span class='ocrx_word' id='word_1_234' title='bbox 427 3055 548 3119; x_wconf 87' lang='lat' dir='ltr'>fueraut</span> <span class='ocrx_word' id='word_1_235' title='bbox 572 3055 668 3119; x_wconf 89' lang='lat' dir='ltr'>verbu</span> <span class='ocrx_word' id='word_1_236' title='bbox 689 3056 794 3119; x_wconf 78' lang='lat' dir='ltr'>bernus</span> <span class='ocrx_word' id='word_1_237' title='bbox 818 3105 910 3119; x_wconf 92' lang='grc'><strong>.....</strong></span> <span class='ocrx_word' id='word_1_238' title='bbox 936 3057 1084 3138; x_wconf 66' lang='lat' dir='ltr'>irupisse</span> <span class='ocrx_word' id='word_1_239' title='bbox 1108 3079 1204 3142; x_wconf 90' lang='lat' dir='ltr'>supra</span> <span class='ocrx_word' id='word_1_240' title='bbox 1230 3057 1378 3142; x_wconf 89' lang='lat' dir='ltr'>neglectu.</span> <span class='ocrx_word' id='word_1_241' title='bbox 1423 3081 1496 3122; x_wconf 90' lang='lat' dir='ltr'>uam</span> <span class='ocrx_word' id='word_1_242' title='bbox 1518 3057 1549 3122; x_wconf 92' lang='lat' dir='ltr'>iu</span> <span class='ocrx_word' id='word_1_243' title='bbox 1572 3057 1679 3122; x_wconf 88' lang='lat' dir='ltr'>codice</span> <span class='ocrx_word' id='word_1_244' title='bbox 1695 3057 1732 3125; x_wconf 91' lang='lat' dir='ltr'>V</span> <span class='ocrx_word' id='word_1_245' title='bbox 1754 3057 1830 3123; x_wconf 92' lang='lat' dir='ltr'>haec</span> 
     </span>
     <span class='ocr_line' id='line_1_26' title="bbox 173 3158 1830 3246; baseline 0.002 -24"><span class='ocrx_word' id='word_1_246' title='bbox 173 3158 268 3223; x_wconf 88' lang='lat' dir='ltr'>verba</span> <span class='ocrx_word' id='word_1_247' title='bbox 291 3159 427 3246; x_wconf 89' lang='lat' dir='ltr'>spatium</span> <span class='ocrx_word' id='word_1_248' title='bbox 450 3159 550 3224; x_wconf 87' lang='lat' dir='ltr'>iustae</span> <span class='ocrx_word' id='word_1_249' title='bbox 571 3160 670 3224; x_wconf 89' lang='lat' dir='ltr'>lineae</span> <span class='ocrx_word' id='word_1_250' title='bbox 692 3159 880 3245; x_wconf 85' lang='lat' dir='ltr'>complentia</span> <span class='ocrx_word' id='word_1_251' title='bbox 903 3159 934 3223; x_wconf 94' lang='lat' dir='ltr'>in</span> <span class='ocrx_word' id='word_1_252' title='bbox 957 3161 1095 3246; x_wconf 84' lang='lat' dir='ltr'>margine</span> <span class='ocrx_word' id='word_1_253' title='bbox 1117 3159 1260 3224; x_wconf 82' lang='lat' dir='ltr'>inferiore</span> <span class='ocrx_word' id='word_1_254' title='bbox 1282 3159 1323 3224; x_wconf 87' lang='lat' dir='ltr'>ad</span> <span class='ocrx_word' id='word_1_255' title='bbox 1346 3160 1489 3224; x_wconf 88' lang='lat' dir='ltr'>ultimum</span> <span class='ocrx_word' id='word_1_256' title='bbox 1512 3160 1674 3225; x_wconf 91' lang='lat' dir='ltr'>colomnae</span> <span class='ocrx_word' id='word_1_257' title='bbox 1695 3184 1830 3241; x_wconf 85' lang='lat' dir='ltr'>versum,</span> 
     </span>
     <span class='ocr_line' id='line_1_27' title="bbox 173 3260 1829 3345; baseline 0.001 -19"><span class='ocrx_word' id='word_1_258' title='bbox 173 3262 262 3327; x_wconf 83' lang='lat' dir='ltr'>errius</span> <span class='ocrx_word' id='word_1_259' title='bbox 277 3271 415 3328; x_wconf 89' lang='lat' dir='ltr'>extrema</span> <span class='ocrx_word' id='word_1_260' title='bbox 430 3261 527 3326; x_wconf 90' lang='lat' dir='ltr'>verba</span> <span class='ocrx_word' id='word_1_261' title='bbox 541 3271 615 3327; x_wconf 87' lang='lat' dir='ltr'>sunt</span> <span class='ocrx_word' id='word_1_262' title='bbox 629 3284 725 3343; x_wconf 70' lang='lat' dir='ltr'>pascuo</span> <span class='ocrx_word' id='word_1_263' title='bbox 741 3263 947 3345; x_wconf 25' lang='lat' dir='ltr'>*irrcestipmiu</span> <span class='ocrx_word' id='word_1_264' title='bbox 971 3262 1015 3327; x_wconf 90' lang='lat' dir='ltr'>ita</span> <span class='ocrx_word' id='word_1_265' title='bbox 1030 3260 1151 3328; x_wconf 90' lang='lat' dir='ltr'>adiecta</span> <span class='ocrx_word' id='word_1_266' title='bbox 1166 3272 1247 3343; x_wconf 77' lang='lat' dir='ltr'>sunt,</span> <span class='ocrx_word' id='word_1_267' title='bbox 1270 3271 1304 3327; x_wconf 91' lang='lat' dir='ltr'>nt</span> <span class='ocrx_word' id='word_1_268' title='bbox 1319 3286 1390 3327; x_wconf 91' lang='lat' dir='ltr'>cum</span> <span class='ocrx_word' id='word_1_269' title='bbox 1404 3263 1464 3328; x_wconf 91' lang='lat' dir='ltr'>hoc</span> <span class='ocrx_word' id='word_1_270' title='bbox 1478 3263 1640 3328; x_wconf 88' lang='lat' dir='ltr'>cohaerere</span> <span class='ocrx_word' id='word_1_271' title='bbox 1656 3263 1829 3329; x_wconf 91' lang='lat' dir='ltr'>videantur.</span> 
     </span>
     <span class='ocr_line' id='line_1_28' title="bbox 173 3363 1829 3453; baseline 0.002 -25"><span class='ocrx_word' id='word_1_272' title='bbox 173 3388 234 3452; x_wconf 88' lang='lat' dir='ltr'>qna</span> <span class='ocrx_word' id='word_1_273' title='bbox 257 3367 360 3452; x_wconf 88' lang='lat' dir='ltr'>specie</span> <span class='ocrx_word' id='word_1_274' title='bbox 383 3363 532 3452; x_wconf 82' lang='lat' dir='ltr'>deceptus</span> <span class='ocrx_word' id='word_1_275' title='bbox 554 3365 699 3430; x_wconf 84' lang='lat' dir='ltr'>librarius</span> <span class='ocrx_word' id='word_1_276' title='bbox 722 3365 751 3430; x_wconf 91' lang='lat' dir='ltr'>L</span> <span class='ocrx_word' id='word_1_277' title='bbox 773 3376 845 3453; x_wconf 91' lang='lat' dir='ltr'>post</span> <span class='ocrx_word' id='word_1_278' title='bbox 868 3366 964 3430; x_wconf 90' lang='lat' dir='ltr'>verba</span> <span class='ocrx_word' id='word_1_279' title='bbox 992 3389 1088 3448; x_wconf 74' lang='lat' dir='ltr'>priam</span> <span class='ocrx_word' id='word_1_280' title='bbox 1111 3367 1307 3448; x_wconf 46' lang='lat' dir='ltr'>&#39;irruestiputio</span> <span class='ocrx_word' id='word_1_281' title='bbox 1333 3366 1388 3430; x_wconf 89' lang='lat' dir='ltr'>illa</span> <span class='ocrx_word' id='word_1_282' title='bbox 1410 3375 1499 3430; x_wconf 90' lang='lat' dir='ltr'>antea</span> <span class='ocrx_word' id='word_1_283' title='bbox 1521 3365 1692 3433; x_wconf 83' lang='lat' dir='ltr'>socorditer</span> <span class='ocrx_word' id='word_1_284' title='bbox 1713 3367 1829 3432; x_wconf 89' lang='lat' dir='ltr'>omissa</span> 
     </span>
     <span class='ocr_line' id='line_1_29' title="bbox 173 3467 1829 3557; baseline 0.001 -25"><span class='ocrx_word' id='word_1_285' title='bbox 173 3468 277 3532; x_wconf 70' lang='lat' dir='ltr'>terrm</span> <span class='ocrx_word' id='word_1_286' title='bbox 301 3518 393 3532; x_wconf 93' lang='grc'><strong>.....</strong></span> <span class='ocrx_word' id='word_1_287' title='bbox 418 3471 567 3552; x_wconf 68' lang='lat' dir='ltr'>recepistin</span> <span class='ocrx_word' id='word_1_288' title='bbox 590 3467 747 3534; x_wconf 86' lang='lat' dir='ltr'>adnexuit.</span> <span class='ocrx_word' id='word_1_289' title='bbox 781 3479 936 3534; x_wconf 85' lang='lat' dir='ltr'>corrector</span> <span class='ocrx_word' id='word_1_290' title='bbox 957 3469 1071 3535; x_wconf 91' lang='lat' dir='ltr'>mendo</span> <span class='ocrx_word' id='word_1_291' title='bbox 1094 3469 1250 3535; x_wconf 89' lang='lat' dir='ltr'>intellecto</span> <span class='ocrx_word' id='word_1_292' title='bbox 1272 3469 1369 3534; x_wconf 90' lang='lat' dir='ltr'>verba</span> <span class='ocrx_word' id='word_1_293' title='bbox 1391 3470 1508 3534; x_wconf 83' lang='lat' dir='ltr'>cirrissa</span> <span class='ocrx_word' id='word_1_294' title='bbox 1529 3471 1561 3535; x_wconf 92' lang='lat' dir='ltr'>iu</span> <span class='ocrx_word' id='word_1_295' title='bbox 1583 3470 1722 3556; x_wconf 88' lang='lat' dir='ltr'>margine</span> <span class='ocrx_word' id='word_1_296' title='bbox 1743 3494 1829 3557; x_wconf 89' lang='lat' dir='ltr'>repe·</span> 
     </span>
     <span class='ocr_line' id='line_1_30' title="bbox 172 3571 1828 3663; baseline 0.002 -29"><span class='ocrx_word' id='word_1_297' title='bbox 172 3571 246 3635; x_wconf 92' lang='lat' dir='ltr'>tivit</span> <span class='ocrx_word' id='word_1_298' title='bbox 260 3581 300 3651; x_wconf 71' lang='lat' dir='ltr'>et,</span> <span class='ocrx_word' id='word_1_299' title='bbox 322 3573 375 3638; x_wconf 91' lang='lat' dir='ltr'>ubi</span> <span class='ocrx_word' id='word_1_300' title='bbox 392 3573 555 3639; x_wconf 86' lang='lat' dir='ltr'>inserenda</span> <span class='ocrx_word' id='word_1_301' title='bbox 570 3583 681 3654; x_wconf 87' lang='lat' dir='ltr'>esseut,</span> <span class='ocrx_word' id='word_1_302' title='bbox 704 3574 872 3639; x_wconf 89' lang='lat' dir='ltr'>denotavit.</span> <span class='ocrx_word' id='word_1_303' title='bbox 903 3597 974 3639; x_wconf 76' lang='lat' dir='ltr'>erim</span> <span class='ocrx_word' id='word_1_304' title='bbox 989 3575 1089 3662; x_wconf 88' lang='lat' dir='ltr'>legere</span> <span class='ocrx_word' id='word_1_305' title='bbox 1104 3583 1253 3663; x_wconf 88' lang='lat' dir='ltr'>pergeret,</span> <span class='ocrx_word' id='word_1_306' title='bbox 1274 3574 1396 3639; x_wconf 88' lang='lat' dir='ltr'>invenit</span> <span class='ocrx_word' id='word_1_307' title='bbox 1417 3573 1524 3638; x_wconf 91' lang='lat' dir='ltr'>eadem</span> <span class='ocrx_word' id='word_1_308' title='bbox 1540 3573 1635 3640; x_wconf 90' lang='lat' dir='ltr'>verba</span> <span class='ocrx_word' id='word_1_309' title='bbox 1656 3574 1737 3640; x_wconf 85' lang='lat' dir='ltr'>falso</span> <span class='ocrx_word' id='word_1_310' title='bbox 1759 3574 1828 3639; x_wconf 90' lang='lat' dir='ltr'>loco</span> 
     </span>
     <span class='ocr_line' id='line_1_31' title="bbox 172 3675 872 3764; baseline 0.007 -25"><span class='ocrx_word' id='word_1_311' title='bbox 172 3675 357 3762; x_wconf 88' lang='lat' dir='ltr'>interposita</span> <span class='ocrx_word' id='word_1_312' title='bbox 378 3685 471 3764; x_wconf 87' lang='lat' dir='ltr'>atque</span> <span class='ocrx_word' id='word_1_313' title='bbox 494 3678 608 3744; x_wconf 91' lang='lat' dir='ltr'>delevit</span> <span class='ocrx_word' id='word_1_314' title='bbox 630 3688 727 3745; x_wconf 87' lang='lat' dir='ltr'>totam</span> <span class='ocrx_word' id='word_1_315' title='bbox 750 3680 872 3745; x_wconf 87' lang='lat' dir='ltr'>lineam.</span> 
     </span>
    </p>

    <p class='ocr_par' dir='ltr' id='par_1_9' title="bbox 172 3780 1829 4495">
     <span class='ocr_line' id='line_1_32' title="bbox 276 3780 1829 3870; baseline 0.001 -26"><span class='ocrx_word' id='word_1_316' title='bbox 276 3780 368 3858; x_wconf 82' lang='lat' dir='ltr'>Quae</span> <span class='ocrx_word' id='word_1_317' title='bbox 402 3805 472 3846; x_wconf 91' lang='lat' dir='ltr'>cum</span> <span class='ocrx_word' id='word_1_318' title='bbox 506 3783 548 3847; x_wconf 87' lang='lat' dir='ltr'>ita</span> <span class='ocrx_word' id='word_1_319' title='bbox 578 3783 655 3863; x_wconf 90' lang='lat' dir='ltr'>siut,</span> <span class='ocrx_word' id='word_1_320' title='bbox 694 3781 806 3848; x_wconf 91' lang='lat' dir='ltr'>menda</span> <span class='ocrx_word' id='word_1_321' title='bbox 842 3782 996 3870; x_wconf 75' lang='lat' dir='ltr'>(praedam</span> <span class='ocrx_word' id='word_1_322' title='bbox 1029 3783 1187 3848; x_wconf 85' lang='lat' dir='ltr'>levissima</span> <span class='ocrx_word' id='word_1_323' title='bbox 1215 3783 1311 3848; x_wconf 89' lang='lat' dir='ltr'>veluti</span> <span class='ocrx_word' id='word_1_324' title='bbox 1347 3781 1525 3847; x_wconf 69' lang='lat' dir='ltr'>cumulatus</span> <span class='ocrx_word' id='word_1_325' title='bbox 1556 3805 1613 3868; x_wconf 94' lang='lat' dir='ltr'>pro</span> <span class='ocrx_word' id='word_1_326' title='bbox 1647 3782 1829 3847; x_wconf 70' lang='lat' dir='ltr'>coruubtius</span> 
     </span>
     <span class='ocr_line' id='line_1_33' title="bbox 173 3887 1828 3974; baseline 0.001 -27"><span class='ocrx_word' id='word_1_327' title='bbox 173 3893 213 3968; x_wconf 79' lang='lat' dir='ltr'>lp.</span> <span class='ocrx_word' id='word_1_328' title='bbox 232 3888 280 3963; x_wconf 89' lang='grc'>13,</span> <span class='ocrx_word' id='word_1_329' title='bbox 292 3887 354 3964; x_wconf 79' lang='grc'><strong>37),</strong></span> <span class='ocrx_word' id='word_1_330' title='bbox 377 3887 507 3950; x_wconf 82' lang='lat' dir='ltr'>absoluit</span> <span class='ocrx_word' id='word_1_331' title='bbox 522 3911 579 3973; x_wconf 88' lang='lat' dir='ltr'>pro</span> <span class='ocrx_word' id='word_1_332' title='bbox 596 3887 743 3952; x_wconf 69' lang='lat' dir='ltr'>obsolescit</span> <span class='ocrx_word' id='word_1_333' title='bbox 758 3893 798 3974; x_wconf 86' lang='lat' dir='ltr'>(p.</span> <span class='ocrx_word' id='word_1_334' title='bbox 819 3891 865 3968; x_wconf 93' lang='grc'>16,</span> <span class='ocrx_word' id='word_1_335' title='bbox 877 3891 939 3968; x_wconf 91' lang='grc'><strong>26),</strong></span> <span class='ocrx_word' id='word_1_336' title='bbox 961 3889 1068 3952; x_wconf 73' lang='lat' dir='ltr'>‹ticens</span> <span class='ocrx_word' id='word_1_337' title='bbox 1090 3911 1148 3974; x_wconf 91' lang='lat' dir='ltr'>pro</span> <span class='ocrx_word' id='word_1_338' title='bbox 1163 3889 1273 3952; x_wconf 75' lang='lat' dir='ltr'>decerta</span> <span class='ocrx_word' id='word_1_339' title='bbox 1295 3889 1335 3974; x_wconf 80' lang='lat' dir='ltr'>(p.</span> <span class='ocrx_word' id='word_1_340' title='bbox 1348 3891 1398 3965; x_wconf 88' lang='grc'>86,</span> <span class='ocrx_word' id='word_1_341' title='bbox 1415 3890 1472 3966; x_wconf 90' lang='grc'>12),</span> <span class='ocrx_word' id='word_1_342' title='bbox 1494 3887 1628 3950; x_wconf 66' lang='lat' dir='ltr'>biudis</span> <span class='ocrx_word' id='word_1_343' title='bbox 1649 3909 1705 3972; x_wconf 91' lang='lat' dir='ltr'>pro</span> <span class='ocrx_word' id='word_1_344' title='bbox 1721 3887 1828 3950; x_wconf 80' lang='lat' dir='ltr'>bistiu</span> 
     </span>
     <span class='ocr_line' id='line_1_34' title="bbox 173 3987 1828 4076; baseline 0.001 -24"><span class='ocrx_word' id='word_1_345' title='bbox 173 3991 328 4067; x_wconf 86' lang='grc'><strong>(217,16),</strong></span> <span class='ocrx_word' id='word_1_346' title='bbox 351 4013 430 4076; x_wconf 71' lang='lat' dir='ltr'>(luae</span> <span class='ocrx_word' id='word_1_347' title='bbox 453 3989 597 4056; x_wconf 88' lang='lat' dir='ltr'>codiciB</span> <span class='ocrx_word' id='word_1_348' title='bbox 620 4015 691 4055; x_wconf 92' lang='lat' dir='ltr'>cum</span> <span class='ocrx_word' id='word_1_349' title='bbox 707 3992 737 4056; x_wconf 90' lang='lat' dir='ltr'>L</span> <span class='ocrx_word' id='word_1_350' title='bbox 759 3991 935 4056; x_wconf 89' lang='lat' dir='ltr'>communia</span> <span class='ocrx_word' id='word_1_351' title='bbox 959 4001 1039 4070; x_wconf 87' lang='lat' dir='ltr'>suut,</span> <span class='ocrx_word' id='word_1_352' title='bbox 1062 3991 1245 4056; x_wconf 89' lang='lat' dir='ltr'>seutentiam</span> <span class='ocrx_word' id='word_1_353' title='bbox 1269 3998 1315 4055; x_wconf 92' lang='lat' dir='ltr'>tot</span> <span class='ocrx_word' id='word_1_354' title='bbox 1331 3990 1520 4076; x_wconf 87' lang='lat' dir='ltr'>argumentis</span> <span class='ocrx_word' id='word_1_355' title='bbox 1536 3989 1687 4054; x_wconf 81' lang='lat' dir='ltr'>firmatam</span> <span class='ocrx_word' id='word_1_356' title='bbox 1702 3987 1828 4053; x_wconf 87' lang='lat' dir='ltr'>minime</span> 
     </span>
     <span class='ocr_line' id='line_1_35' title="bbox 173 4092 1827 4180; baseline 0.001 -25"><span class='ocrx_word' id='word_1_357' title='bbox 173 4092 339 4178; x_wconf 87' lang='lat' dir='ltr'>infringere</span> <span class='ocrx_word' id='word_1_358' title='bbox 361 4103 501 4179; x_wconf 90' lang='lat' dir='ltr'>possunt.</span> <span class='ocrx_word' id='word_1_359' title='bbox 545 4095 574 4159; x_wconf 89' lang='lat' dir='ltr'>ci</span> <span class='ocrx_word' id='word_1_360' title='bbox 597 4106 701 4160; x_wconf 90' lang='lat' dir='ltr'>autem</span> <span class='ocrx_word' id='word_1_361' title='bbox 723 4096 797 4175; x_wconf 89' lang='lat' dir='ltr'>loci,</span> <span class='ocrx_word' id='word_1_362' title='bbox 820 4095 874 4160; x_wconf 93' lang='lat' dir='ltr'>ubi</span> <span class='ocrx_word' id='word_1_363' title='bbox 897 4096 1044 4160; x_wconf 90' lang='lat' dir='ltr'>lectiones</span> <span class='ocrx_word' id='word_1_364' title='bbox 1067 4093 1104 4162; x_wconf 94' lang='lat' dir='ltr'>V</span> <span class='ocrx_word' id='word_1_365' title='bbox 1126 4104 1158 4159; x_wconf 87' lang='lat' dir='ltr'>et</span> <span class='ocrx_word' id='word_1_366' title='bbox 1179 4095 1209 4158; x_wconf 97' lang='lat' dir='ltr'>L</span> <span class='ocrx_word' id='word_1_367' title='bbox 1231 4094 1310 4159; x_wconf 89' lang='lat' dir='ltr'>inter</span> <span class='ocrx_word' id='word_1_368' title='bbox 1338 4117 1372 4158; x_wconf 92' lang='lat' dir='ltr'>se</span> <span class='ocrx_word' id='word_1_369' title='bbox 1395 4116 1532 4180; x_wconf 86' lang='lat' dir='ltr'>pugnare</span> <span class='ocrx_word' id='word_1_370' title='bbox 1554 4093 1717 4159; x_wconf 87' lang='lat' dir='ltr'>Hartelius</span> <span class='ocrx_word' id='word_1_371' title='bbox 1739 4092 1827 4157; x_wconf 88' lang='lat' dir='ltr'>testis</span> 
     </span>
     <span class='ocr_line' id='line_1_36' title="bbox 172 4195 1829 4285; baseline 0 -25"><span class='ocrx_word' id='word_1_372' title='bbox 172 4206 228 4276; x_wconf 85' lang='lat' dir='ltr'>est,</span> <span class='ocrx_word' id='word_1_373' title='bbox 251 4207 380 4284; x_wconf 85' lang='lat' dir='ltr'>utroque</span> <span class='ocrx_word' id='word_1_374' title='bbox 403 4197 509 4264; x_wconf 90' lang='lat' dir='ltr'>codice</span> <span class='ocrx_word' id='word_1_375' title='bbox 531 4201 642 4264; x_wconf 88' lang='lat' dir='ltr'>iterum</span> <span class='ocrx_word' id='word_1_376' title='bbox 665 4200 842 4264; x_wconf 88' lang='lat' dir='ltr'>examinato</span> <span class='ocrx_word' id='word_1_377' title='bbox 858 4198 950 4264; x_wconf 88' lang='lat' dir='ltr'>valde</span> <span class='ocrx_word' id='word_1_378' title='bbox 973 4199 1196 4263; x_wconf 89' lang='lat' dir='ltr'>diminuuntur.</span> <span class='ocrx_word' id='word_1_379' title='bbox 1232 4221 1413 4285; x_wconf 82' lang='lat' dir='ltr'>persuasum</span> <span class='ocrx_word' id='word_1_380' title='bbox 1429 4222 1503 4284; x_wconf 87' lang='lat' dir='ltr'>erge</span> <span class='ocrx_word' id='word_1_381' title='bbox 1526 4198 1675 4264; x_wconf 86' lang='lat' dir='ltr'>habemus</span> <span class='ocrx_word' id='word_1_382' title='bbox 1690 4195 1829 4262; x_wconf 89' lang='lat' dir='ltr'>codicem</span> 
     </span>
     <span class='ocr_line' id='line_1_37' title="bbox 174 4301 1827 4390; baseline 0.001 -26"><span class='ocrx_word' id='word_1_383' title='bbox 174 4301 203 4365; x_wconf 87' lang='lat' dir='ltr'>L</span> <span class='ocrx_word' id='word_1_384' title='bbox 226 4323 353 4387; x_wconf 88' lang='lat' dir='ltr'>prorsus</span> <span class='ocrx_word' id='word_1_385' title='bbox 377 4301 574 4368; x_wconf 88' lang='lat' dir='ltr'>abiciendum</span> <span class='ocrx_word' id='word_1_386' title='bbox 596 4327 673 4383; x_wconf 87' lang='lat' dir='ltr'>esse,</span> <span class='ocrx_word' id='word_1_387' title='bbox 695 4305 756 4369; x_wconf 91' lang='lat' dir='ltr'>nisi</span> <span class='ocrx_word' id='word_1_388' title='bbox 779 4303 864 4390; x_wconf 86' lang='lat' dir='ltr'>qnod</span> <span class='ocrx_word' id='word_1_389' title='bbox 887 4305 953 4368; x_wconf 89' lang='lat' dir='ltr'>eius</span> <span class='ocrx_word' id='word_1_390' title='bbox 977 4327 1035 4390; x_wconf 90' lang='lat' dir='ltr'>ope</span> <span class='ocrx_word' id='word_1_391' title='bbox 1057 4301 1214 4367; x_wconf 88' lang='lat' dir='ltr'>interdum</span> <span class='ocrx_word' id='word_1_392' title='bbox 1239 4303 1352 4367; x_wconf 87' lang='lat' dir='ltr'>certius</span> <span class='ocrx_word' id='word_1_393' title='bbox 1375 4301 1539 4368; x_wconf 89' lang='lat' dir='ltr'>diiudicari</span> <span class='ocrx_word' id='word_1_394' title='bbox 1563 4311 1675 4390; x_wconf 89' lang='lat' dir='ltr'>potest,</span> <span class='ocrx_word' id='word_1_395' title='bbox 1697 4301 1774 4389; x_wconf 92' lang='lat' dir='ltr'>quid</span> <span class='ocrx_word' id='word_1_396' title='bbox 1796 4303 1827 4366; x_wconf 91' lang='lat' dir='ltr'>in</span> 
     </span>
     <span class='ocr_line' id='line_1_38' title="bbox 173 4405 1132 4495; baseline 0 -25"><span class='ocrx_word' id='word_1_397' title='bbox 173 4405 279 4470; x_wconf 81' lang='lat' dir='ltr'>codice</span> <span class='ocrx_word' id='word_1_398' title='bbox 298 4405 333 4472; x_wconf 93' lang='lat' dir='ltr'>V</span> <span class='ocrx_word' id='word_1_399' title='bbox 356 4406 457 4492; x_wconf 90' lang='lat' dir='ltr'>prima</span> <span class='ocrx_word' id='word_1_400' title='bbox 478 4430 589 4472; x_wconf 76' lang='lat' dir='ltr'>ananus</span> <span class='ocrx_word' id='word_1_401' title='bbox 612 4409 772 4495; x_wconf 79' lang='lat' dir='ltr'>scripserit</span> <span class='ocrx_word' id='word_1_402' title='bbox 792 4417 902 4494; x_wconf 90' lang='lat' dir='ltr'>postea</span> <span class='ocrx_word' id='word_1_403' title='bbox 924 4407 1132 4472; x_wconf 89' lang='lat' dir='ltr'>obscuratum.</span> 
     </span>
    </p>
   </div>
   <div class='ocr_carea' id='block_1_8' title="bbox 171 4559 1828 5682">
    <p class='ocr_par' dir='ltr' id='par_1_10' title="bbox 173 4559 1827 4752">
     <span class='ocr_line' id='line_1_39' title="bbox 276 4559 1827 4650; baseline -0.001 -24"><span class='ocrx_word' id='word_1_404' title='bbox 276 4559 390 4626; x_wconf 84' lang='lat' dir='ltr'>Statim</span> <span class='ocrx_word' id='word_1_405' title='bbox 413 4562 463 4625; x_wconf 88' lang='lat' dir='ltr'>hic</span> <span class='ocrx_word' id='word_1_406' title='bbox 486 4571 654 4648; x_wconf 83' lang='lat' dir='ltr'>sequautur</span> <span class='ocrx_word' id='word_1_407' title='bbox 675 4565 811 4650; x_wconf 88' lang='lat' dir='ltr'>quinque</span> <span class='ocrx_word' id='word_1_408' title='bbox 834 4563 915 4642; x_wconf 87' lang='lat' dir='ltr'>libri,</span> <span class='ocrx_word' id='word_1_409' title='bbox 938 4585 1016 4648; x_wconf 89' lang='lat' dir='ltr'>quos</span> <span class='ocrx_word' id='word_1_410' title='bbox 1039 4586 1077 4626; x_wconf 91' lang='lat' dir='ltr'>cx</span> <span class='ocrx_word' id='word_1_411' title='bbox 1100 4563 1260 4628; x_wconf 87' lang='lat' dir='ltr'>codicibus</span> <span class='ocrx_word' id='word_1_412' title='bbox 1277 4564 1312 4630; x_wconf 93' lang='lat' dir='ltr'>V</span> <span class='ocrx_word' id='word_1_413' title='bbox 1335 4573 1366 4628; x_wconf 91' lang='lat' dir='ltr'>et</span> <span class='ocrx_word' id='word_1_414' title='bbox 1388 4566 1417 4628; x_wconf 90' lang='lat' dir='ltr'>L</span> <span class='ocrx_word' id='word_1_415' title='bbox 1445 4573 1528 4630; x_wconf 86' lang='lat' dir='ltr'>ortos</span> <span class='ocrx_word' id='word_1_416' title='bbox 1557 4584 1624 4628; x_wconf 87' lang='lat' dir='ltr'>esse</span> <span class='ocrx_word' id='word_1_417' title='bbox 1646 4561 1827 4626; x_wconf 86' lang='lat' dir='ltr'>certissimis</span> 
     </span>
     <span class='ocr_line' id='line_1_40' title="bbox 173 4665 469 4752; baseline 0.003 -23"><span class='ocrx_word' id='word_1_418' title='bbox 173 4665 295 4732; x_wconf 86' lang='lat' dir='ltr'>iudiciis</span> <span class='ocrx_word' id='word_1_419' title='bbox 318 4666 469 4752; x_wconf 71' lang='lat' dir='ltr'>aperibat:</span> 
     </span>
    </p>

    <p class='ocr_par' dir='ltr' id='par_1_11' title="bbox 172 4768 1827 5065">
     <span class='ocr_line' id='line_1_41' title="bbox 276 4768 1827 4856; baseline -0.002 -21"><span class='ocrx_word' id='word_1_420' title='bbox 276 4774 304 4835; x_wconf 80' lang='lat'>4.</span> <span class='ocrx_word' id='word_1_421' title='bbox 328 4769 695 4836; x_wconf 77' lang='lat' dir='ltr'>O&#39;I&#39;I&#39;OBONIANVS</span> <span class='ocrx_word' id='word_1_422' title='bbox 710 4775 773 4838; x_wconf 77' lang='lat'>485</span> <span class='ocrx_word' id='word_1_423' title='bbox 798 4769 898 4834; x_wconf 87' lang='lat' dir='ltr'>codex</span> <span class='ocrx_word' id='word_1_424' title='bbox 921 4770 1101 4834; x_wconf 85' lang='lat' dir='ltr'>chartaceus</span> <span class='ocrx_word' id='word_1_425' title='bbox 1124 4771 1239 4835; x_wconf 89' lang='lat' dir='ltr'>saeculi</span> <span class='ocrx_word' id='word_1_426' title='bbox 1255 4771 1373 4850; x_wconf 92' lang='lat' dir='ltr'>XVII,</span> <span class='ocrx_word' id='word_1_427' title='bbox 1395 4771 1561 4856; x_wconf 89' lang='lat' dir='ltr'>requisitus</span> <span class='ocrx_word' id='word_1_428' title='bbox 1576 4777 1632 4847; x_wconf 83' lang='lat' dir='ltr'>est,</span> <span class='ocrx_word' id='word_1_429' title='bbox 1656 4777 1689 4832; x_wconf 92' lang='lat' dir='ltr'>ut</span> <span class='ocrx_word' id='word_1_430' title='bbox 1710 4768 1827 4854; x_wconf 92' lang='lat' dir='ltr'>inipso</span> 
     </span>
     <span class='ocr_line' id='line_1_42' title="bbox 172 4870 1827 4960; baseline -0.001 -22"><span class='ocrx_word' id='word_1_431' title='bbox 172 4883 221 4939; x_wconf 90' lang='lat' dir='ltr'>est</span> <span class='ocrx_word' id='word_1_432' title='bbox 244 4874 410 4960; x_wconf 84' lang='lat' dir='ltr'>scriptum,</span> <span class='ocrx_word' id='word_1_433' title='bbox 438 4896 486 4950; x_wconf 89' lang='lat' dir='ltr'>‚ex</span> <span class='ocrx_word' id='word_1_434' title='bbox 508 4871 669 4938; x_wconf 88' lang='lat' dir='ltr'>codicibus</span> <span class='ocrx_word' id='word_1_435' title='bbox 693 4874 894 4938; x_wconf 85' lang='lat' dir='ltr'>illustrissimi</span> <span class='ocrx_word' id='word_1_436' title='bbox 917 4883 948 4938; x_wconf 89' lang='lat' dir='ltr'>et</span> <span class='ocrx_word' id='word_1_437' title='bbox 969 4873 1222 4938; x_wconf 89' lang='lat' dir='ltr'>excellentissimi</span> <span class='ocrx_word' id='word_1_438' title='bbox 1244 4872 1363 4937; x_wconf 91' lang='lat' dir='ltr'>domini</span> <span class='ocrx_word' id='word_1_439' title='bbox 1386 4873 1515 4938; x_wconf 89' lang='lat' dir='ltr'>Ioannis</span> <span class='ocrx_word' id='word_1_440' title='bbox 1537 4872 1652 4957; x_wconf 83' lang='lat' dir='ltr'>Augcli</span> <span class='ocrx_word' id='word_1_441' title='bbox 1675 4870 1764 4936; x_wconf 90' lang='lat' dir='ltr'>ducis</span> <span class='ocrx_word' id='word_1_442' title='bbox 1787 4871 1827 4936; x_wconf 90' lang='lat' dir='ltr'>ab</span> 
     </span>
     <span class='ocr_line' id='line_1_43' title="bbox 173 4977 1043 5065; baseline -0.002 -23"><span class='ocrx_word' id='word_1_443' title='bbox 173 4978 353 5064; x_wconf 86' lang='lat' dir='ltr'>Altaemps‘.</span> <span class='ocrx_word' id='word_1_444' title='bbox 396 4978 464 5064; x_wconf 88' lang='lat' dir='ltr'>ipse</span> <span class='ocrx_word' id='word_1_445' title='bbox 485 4978 677 5043; x_wconf 87' lang='lat' dir='ltr'>examinavi:</span> <span class='ocrx_word' id='word_1_446' title='bbox 700 4987 845 5065; x_wconf 89' lang='lat' dir='ltr'>sumptus</span> <span class='ocrx_word' id='word_1_447' title='bbox 868 4987 976 5042; x_wconf 90' lang='lat' dir='ltr'>estex</span> <span class='ocrx_word' id='word_1_448' title='bbox 998 4977 1043 5044; x_wconf 91' lang='lat' dir='ltr'>V.</span> 
     </span>
    </p>

    <p class='ocr_par' dir='ltr' id='par_1_12' title="bbox 171 5080 1826 5254">
     <span class='ocr_line' id='line_1_44' title="bbox 276 5080 1826 5166; baseline -0.005 -16"><span class='ocrx_word' id='word_1_449' title='bbox 276 5087 305 5150; x_wconf 85' lang='lat'>5.</span> <span class='ocrx_word' id='word_1_450' title='bbox 328 5081 602 5148; x_wconf 82' lang='lat' dir='ltr'>VATICANVS</span> <span class='ocrx_word' id='word_1_451' title='bbox 634 5086 717 5152; x_wconf 83' lang='lat'>6057</span> <span class='ocrx_word' id='word_1_452' title='bbox 754 5082 853 5149; x_wconf 88' lang='lat' dir='ltr'>codex</span> <span class='ocrx_word' id='word_1_453' title='bbox 886 5081 1067 5147; x_wconf 83' lang='lat' dir='ltr'>chartaceus</span> <span class='ocrx_word' id='word_1_454' title='bbox 1100 5081 1216 5144; x_wconf 89' lang='lat' dir='ltr'>saeculi</span> <span class='ocrx_word' id='word_1_455' title='bbox 1249 5081 1367 5148; x_wconf 92' lang='lat' dir='ltr'>XVII.</span> <span class='ocrx_word' id='word_1_456' title='bbox 1423 5081 1490 5166; x_wconf 92' lang='lat' dir='ltr'>ipse</span> <span class='ocrx_word' id='word_1_457' title='bbox 1523 5080 1642 5146; x_wconf 90' lang='lat' dir='ltr'>evolvi:</span> <span class='ocrx_word' id='word_1_458' title='bbox 1683 5089 1826 5166; x_wconf 90' lang='lat' dir='ltr'>sumptus</span> 
     </span>
     <span class='ocr_line' id='line_1_45' title="bbox 171 5186 346 5254; baseline 0 -4"><span class='ocrx_word' id='word_1_459' title='bbox 171 5197 279 5251; x_wconf 76' lang='lat' dir='ltr'>estex</span> <span class='ocrx_word' id='word_1_460' title='bbox 302 5186 346 5254; x_wconf 89' lang='lat' dir='ltr'>V.</span> 
     </span>
    </p>

    <p class='ocr_par' dir='ltr' id='par_1_13' title="bbox 173 5287 1828 5585">
     <span class='ocr_line' id='line_1_46' title="bbox 276 5287 1827 5360; baseline -0.004 -2"><span class='ocrx_word' id='word_1_461' title='bbox 276 5297 305 5358; x_wconf 88' lang='grc'>6.</span> <span class='ocrx_word' id='word_1_462' title='bbox 328 5289 632 5355; x_wconf 81' lang='lat' dir='ltr'>OTTOBONIAN</span> <span class='ocrx_word' id='word_1_463' title='bbox 636 5291 695 5358; x_wconf 87' lang='lat' dir='ltr'>VS</span> <span class='ocrx_word' id='word_1_464' title='bbox 719 5295 803 5360; x_wconf 84' lang='lat'>2366</span> <span class='ocrx_word' id='word_1_465' title='bbox 826 5288 925 5355; x_wconf 88' lang='lat' dir='ltr'>codex</span> <span class='ocrx_word' id='word_1_466' title='bbox 952 5288 1133 5352; x_wconf 81' lang='lat' dir='ltr'>chartaceus</span> <span class='ocrx_word' id='word_1_467' title='bbox 1156 5287 1271 5352; x_wconf 88' lang='lat' dir='ltr'>saeculi</span> <span class='ocrx_word' id='word_1_468' title='bbox 1293 5288 1383 5354; x_wconf 89' lang='lat' dir='ltr'>XVI</span> <span class='ocrx_word' id='word_1_469' title='bbox 1407 5289 1545 5352; x_wconf 88' lang='lat' dir='ltr'>continet</span> <span class='ocrx_word' id='word_1_470' title='bbox 1566 5289 1598 5352; x_wconf 92' lang='lat' dir='ltr'>in</span> <span class='ocrx_word' id='word_1_471' title='bbox 1625 5292 1664 5353; x_wconf 85' lang='grc'><strong>13</strong></span> <span class='ocrx_word' id='word_1_472' title='bbox 1685 5288 1769 5352; x_wconf 83' lang='lat' dir='ltr'>soliis</span> <span class='ocrx_word' id='word_1_473' title='bbox 1791 5311 1827 5352; x_wconf 88' lang='lat' dir='ltr'>ea</span> 
     </span>
     <span class='ocr_line' id='line_1_47' title="bbox 174 5389 1828 5480; baseline -0.002 -22"><span class='ocrx_word' id='word_1_474' title='bbox 174 5403 295 5458; x_wconf 88' lang='lat' dir='ltr'>tautum</span> <span class='ocrx_word' id='word_1_475' title='bbox 318 5415 398 5480; x_wconf 87' lang='lat' dir='ltr'>quae</span> <span class='ocrx_word' id='word_1_476' title='bbox 421 5394 452 5458; x_wconf 94' lang='lat' dir='ltr'>in</span> <span class='ocrx_word' id='word_1_477' title='bbox 475 5393 611 5458; x_wconf 89' lang='lat' dir='ltr'>editione</span> <span class='ocrx_word' id='word_1_478' title='bbox 626 5395 799 5460; x_wconf 87' lang='lat' dir='ltr'>Basileensi</span> <span class='ocrx_word' id='word_1_479' title='bbox 822 5395 939 5459; x_wconf 87' lang='lat' dir='ltr'>omissa</span> <span class='ocrx_word' id='word_1_480' title='bbox 961 5402 1043 5456; x_wconf 91' lang='lat' dir='ltr'>suut.</span> <span class='ocrx_word' id='word_1_481' title='bbox 1080 5401 1128 5456; x_wconf 86' lang='lat' dir='ltr'>est</span> <span class='ocrx_word' id='word_1_482' title='bbox 1149 5415 1222 5477; x_wconf 88' lang='lat' dir='ltr'>ergo</span> <span class='ocrx_word' id='word_1_483' title='bbox 1245 5391 1285 5456; x_wconf 89' lang='lat' dir='ltr'>ad</span> <span class='ocrx_word' id='word_1_484' title='bbox 1300 5391 1380 5456; x_wconf 85' lang='lat' dir='ltr'>hanc</span> <span class='ocrx_word' id='word_1_485' title='bbox 1403 5390 1609 5477; x_wconf 90' lang='lat' dir='ltr'>supplendam</span> <span class='ocrx_word' id='word_1_486' title='bbox 1633 5395 1678 5472; x_wconf 91' lang='lat' dir='ltr'>(ut</span> <span class='ocrx_word' id='word_1_487' title='bbox 1693 5389 1828 5455; x_wconf 88' lang='lat' dir='ltr'>dilucide</span> 
     </span>
     <span class='ocr_line' id='line_1_48' title="bbox 173 5493 1828 5585; baseline -0.003 -23"><span class='ocrx_word' id='word_1_488' title='bbox 173 5507 347 5562; x_wconf 86' lang='lat' dir='ltr'>uroustrant</span> <span class='ocrx_word' id='word_1_489' title='bbox 361 5508 467 5562; x_wconf 87' lang='lat' dir='ltr'>notae:</span> <span class='ocrx_word' id='word_1_490' title='bbox 492 5497 541 5576; x_wconf 89' lang='lat' dir='ltr'>,ad</span> <span class='ocrx_word' id='word_1_491' title='bbox 557 5521 627 5584; x_wconf 89' lang='lat' dir='ltr'>pag.</span> <span class='ocrx_word' id='word_1_492' title='bbox 639 5503 711 5567; x_wconf 67' lang='grc' dir='ltr'>361ι</span> <span class='ocrx_word' id='word_1_493' title='bbox 726 5498 775 5578; x_wconf 85' lang='lat' dir='ltr'>,ud</span> <span class='ocrx_word' id='word_1_494' title='bbox 790 5522 862 5585; x_wconf 90' lang='lat' dir='ltr'>pag.</span> <span class='ocrx_word' id='word_1_495' title='bbox 877 5500 960 5578; x_wconf 81' lang='grc'><strong>435)</strong></span> <span class='ocrx_word' id='word_1_496' title='bbox 983 5497 1187 5583; x_wconf 89' lang='lat' dir='ltr'>conscriptus.</span> <span class='ocrx_word' id='word_1_497' title='bbox 1221 5496 1288 5582; x_wconf 88' lang='lat' dir='ltr'>ipse</span> <span class='ocrx_word' id='word_1_498' title='bbox 1302 5494 1493 5560; x_wconf 86' lang='lat' dir='ltr'>examinavi:</span> <span class='ocrx_word' id='word_1_499' title='bbox 1513 5503 1656 5580; x_wconf 89' lang='lat' dir='ltr'>sumptus</span> <span class='ocrx_word' id='word_1_500' title='bbox 1672 5503 1720 5558; x_wconf 81' lang='lat' dir='ltr'>est</span> <span class='ocrx_word' id='word_1_501' title='bbox 1733 5516 1772 5558; x_wconf 90' lang='lat' dir='ltr'>ex</span> <span class='ocrx_word' id='word_1_502' title='bbox 1783 5493 1828 5558; x_wconf 82' lang='lat' dir='ltr'>V.</span> 
     </span>
    </p>

    <p class='ocr_par' dir='ltr' id='par_1_14' title="bbox 278 5597 1827 5682">
     <span class='ocr_line' id='line_1_49' title="bbox 278 5597 1827 5682; baseline -0.003 -15"><span class='ocrx_word' id='word_1_503' title='bbox 278 5603 305 5667; x_wconf 92' lang='grc'>7.</span> <span class='ocrx_word' id='word_1_504' title='bbox 326 5600 688 5667; x_wconf 81' lang='lat' dir='ltr'>ESCORIALENSIS</span> <span class='ocrx_word' id='word_1_505' title='bbox 710 5603 740 5666; x_wconf 85' lang='lat' dir='ltr'><strong>F</strong></span> <span class='ocrx_word' id='word_1_506' title='bbox 755 5602 790 5666; x_wconf 92' lang='grc' dir='ltr'><strong><em>Π</em></strong></span> <span class='ocrx_word' id='word_1_507' title='bbox 806 5606 827 5669; x_wconf 85' lang='grc'><strong>9</strong></span> <span class='ocrx_word' id='word_1_508' title='bbox 850 5602 936 5682; x_wconf 86' lang='lat' dir='ltr'>(olim</span> <span class='ocrx_word' id='word_1_509' title='bbox 956 5600 1011 5664; x_wconf 94' lang='lat' dir='ltr'>III</span> <span class='ocrx_word' id='word_1_510' title='bbox 1028 5600 1058 5666; x_wconf 89' lang='lat' dir='ltr'><strong>G</strong></span> <span class='ocrx_word' id='word_1_511' title='bbox 1076 5603 1117 5666; x_wconf 86' lang='grc'>22</span> <span class='ocrx_word' id='word_1_512' title='bbox 1132 5610 1163 5666; x_wconf 87' lang='lat' dir='ltr'>et</span> <span class='ocrx_word' id='word_1_513' title='bbox 1178 5599 1214 5663; x_wconf 92' lang='grc' dir='ltr'>Π</span> <span class='ocrx_word' id='word_1_514' title='bbox 1229 5599 1259 5663; x_wconf 83' lang='grc' dir='ltr'>Ε</span> <span class='ocrx_word' id='word_1_515' title='bbox 1274 5601 1325 5676; x_wconf 88' lang='grc'>26)</span> <span class='ocrx_word' id='word_1_516' title='bbox 1349 5597 1446 5662; x_wconf 85' lang='lat' dir='ltr'>codex</span> <span class='ocrx_word' id='word_1_517' title='bbox 1462 5597 1558 5662; x_wconf 79' lang='lat' dir='ltr'>chart.</span> <span class='ocrx_word' id='word_1_518' title='bbox 1573 5623 1598 5662; x_wconf 91' lang='lat' dir='ltr'>s.</span> <span class='ocrx_word' id='word_1_519' title='bbox 1613 5597 1713 5677; x_wconf 86' lang='lat' dir='ltr'>XVI,</span> <span class='ocrx_word' id='word_1_520' title='bbox 1735 5620 1827 5682; x_wconf 89' lang='lat' dir='ltr'>quem</span> 
     </span>
    </p>
   </div>
   <div class='ocr_carea' id='block_1_9' title="bbox 172 5700 1829 5796">
    <p class='ocr_par' dir='ltr' id='par_1_15' title="bbox 172 5700 1829 5796">
     <span class='ocr_line' id='line_1_50' title="bbox 172 5700 1829 5796; baseline -0.003 -26"><span class='ocrx_word' id='word_1_521' title='bbox 172 5731 208 5770; x_wconf 86' lang='lat' dir='ltr'>ex</span> <span class='ocrx_word' id='word_1_522' title='bbox 234 5705 268 5772; x_wconf 86' lang='lat' dir='ltr'>V</span> <span class='ocrx_word' id='word_1_523' title='bbox 294 5705 485 5794; x_wconf 88' lang='lat' dir='ltr'>descriptum</span> <span class='ocrx_word' id='word_1_524' title='bbox 509 5731 580 5774; x_wconf 61' lang='lat' dir='ltr'>csse,</span> <span class='ocrx_word' id='word_1_525' title='bbox 600 5707 676 5772; x_wconf 87' lang='lat' dir='ltr'>satis</span> <span class='ocrx_word' id='word_1_526' title='bbox 706 5707 857 5796; x_wconf 87' lang='lat' dir='ltr'>probatur</span> <span class='ocrx_word' id='word_1_527' title='bbox 883 5705 1127 5790; x_wconf 86' lang='lat' dir='ltr'>subscriptione:</span> <span class='ocrx_word' id='word_1_528' title='bbox 1154 5703 1311 5784; x_wconf 88' lang='lat' dir='ltr'>‚collatum</span> <span class='ocrx_word' id='word_1_529' title='bbox 1341 5725 1412 5768; x_wconf 89' lang='lat' dir='ltr'>oum</span> <span class='ocrx_word' id='word_1_530' title='bbox 1433 5703 1602 5790; x_wconf 87' lang='lat' dir='ltr'>exemplari</span> <span class='ocrx_word' id='word_1_531' title='bbox 1625 5700 1829 5768; x_wconf 77' lang='lat' dir='ltr'>bibliothecae</span> 
     </span>
    </p>
   </div>
   <div class='ocr_carea' id='block_1_10' title="bbox 0 0 2310 6440">
    <p class='ocr_par' dir='ltr' id='par_1_16' title="bbox 0 0 2310 6440">
     <span class='ocr_line' id='line_1_51' title="bbox 0 0 2310 6440; baseline 0 0"><span class='ocrx_word' id='word_1_532' title='bbox 0 0 2310 6440; x_wconf 95' lang='lat' dir='ltr'> </span> 
     </span>
    </p>
   </div>
  </div>
 </body>
</html>
