4538 6436
409 375 448 438 78
918 366 1032 420 nxvrn
1051 365 1173 432 (uersu.
1192 366 1217 430 s,
1236 366 1272 432 a),
1291 365 1378 418 nxrn
1398 349 1502 430 (nior.
1521 363 1558 428 s).

404 545 577 610 ,efficacem
606 543 717 623 dccet,
750 541 905 622 innotuit,
940 540 1022 606 meis
1054 538 1218 604 desiderat
1250 537 1418 604 beneficiis
1447 537 1635 621 subiugare.
1687 535 1875 602 transcribit
1903 536 1994 600 enirn
2025 535 2067 599 ad

376 649 518 714 lebena
544 647 616 712 iura
638 645 791 711 sudorem
814 665 908 708 suum
931 643 986 727 qui
1009 641 1131 706 debere
1155 643 1225 705 vult
1248 640 1525 706 commendaticiis
1548 639 1633 724 quod
1655 644 1809 704 meretur.
1855 637 1931 704 dedi
1954 644 2067 704 umen

406 771 523 816 manus
555 750 708 837 precibus
736 755 770 813 et
796 768 855 832 pro
885 747 954 812 eius
982 745 1144 810 desiderio
1177 744 1238 809 sub
1269 745 1444 810 occasione
1476 742 1684 808 exhibendae
1720 742 1910 807 humilitatis
1945 743 2068 827 scripta

407 854 580 941 prorogavi
603 853 700 918 deum
728 873 862 937 rogans,
892 857 929 914 ut
951 850 1011 914 sub
1034 850 1121 914 ornni
1144 849 1312 914 celeritate
1335 849 1469 912 nuntius
1493 868 1545 912 me
1570 853 1698 912 vestrae
1721 844 1911 912 valitudinis
1934 852 1968 910 et
1988 868 2065 933 pro-

407 958 574 1044 speritatis
597 955 745 1021 adtollat.
784 955 986 1018 nominatum
1009 959 1120 1017 tamen
1142 975 1201 1039 pro
1224 953 1289 1017 mei
1312 950 1572 1016 consideratione
1589 951 1779 1035 magnitudo
1797 957 1906 1014 vestra
1924 951 2067 1035 gemino,
2134 976 2146 1012 ι

407 1061 434 1123 si
456 1057 610 1145 indignus
633 1063 785 1144 precator
807 1077 872 1121 non
896 1077 976 1134 sum,
1000 1055 1113 1120 favore
1138 1057 1321 1122 comitetur.

1085 1396 1206 1464 LXIX
1231 1399 1324 1484 (nrcr.
1341 1399 1386 1484 8).

590 1594 866 1688 PRAEFATIO
894 1593 1039 1667 DICTA
1066 1593 1290 1668 LVPICINO
1319 1593 1517 1682 QVANDO
1544 1593 1592 1666 IN
1620 1591 1887 1669 AVDITORJO

859 1732 1102 1806 TRADITVS
1130 1733 1218 1806 EST
1245 1731 1488 1806 DEVTERIO
1515 1732 1559 1805 V.
1588 1733 1625 1806 S.

379 1893 393 1951 l
519 1878 694 1990 Quotiens
717 1907 836 1972 amomi
859 1907 1012 1974 flosculus
1036 1914 1093 1972 aut
1115 1909 1230 1973 messis
1255 1908 1361 1972 casias
1391 1928 1449 1993 per
1476 1905 1764 1993 depraedationem
1795 1910 1908 1976 lascivi
1938 1914 2070 1998 pollicis

409 2012 518 2077 radice
535 2011 709 2076 viduantur
732 2018 765 2075 et
787 2011 827 2076 ad
851 2010 963 2076 dotem
985 2031 1140 2075 manuum
1164 2012 1379 2075 humanarum
1401 2012 1511 2076 nobile
1535 2032 1670 2097 germen
1694 2010 1892 2098 adiungitur,
1917 2019 2070 2084 meritum

410 2117 542 2204 cespitis
571 2115 669 2180 odore
699 2117 860 2201 significat
889 2123 923 2180 et
953 2120 1089 2180 naturae
1118 2117 1250 2202 genium
1277 2117 1381 2201 prima
1404 2116 1528 2179 visione
1556 2120 1707 2178 testatur.
1753 2117 1908 2183 occultari
1938 2143 1974 2186 se
2005 2145 2072 2188 non

408 2221 533 2307 patitur
555 2219 663 2284 fetura
690 2217 846 2282 sublimis.
891 2219 992 2284 decus
1020 2219 1099 2284 clari
1130 2219 1299 2304 sauguinis
1330 2239 1395 2282 non
1427 2223 1559 2281 tenetur
1587 2218 1791 2284 abscondito.
1836 2241 1900 2286 vox
1928 2224 2072 2290 mundae

379 2325 546 2411 loriginis
572 2323 649 2388 licet
671 2323 704 2386 in
734 2323 917 2388 recessibus
940 2344 1071 2408 semper
1093 2323 1232 2387 auditur.
1279 2321 1336 2386 sed
1360 2321 1506 2406 quamvis
1528 2321 1576 2384 ita
1598 2342 1632 2385 se
1656 2343 1709 2386 res
1732 2323 1891 2404 habeant,
1920 2325 2071 2392 humani-

408 2430 485 2493 tatis
514 2428 652 2491 interest
681 2447 746 2490 non
777 2433 887 2491 tacere
917 2426 1004 2513 quod
1033 2427 1166 2511 gestias.
1211 2446 1327 2511 parum
1357 2423 1495 2510 suscipit
1524 2425 1631 2488 oneris
1664 2425 1719 2511 qui
1742 2426 1829 2512 quod
1852 2428 1914 2493 scit
1937 2428 2072 2516 dignum

411 2553 481 2596 esse
505 2551 614 2594 amore
639 2530 845 2597 conmendat.
890 2531 1030 2595 feritatis
1055 2529 1216 2593 maculam
1246 2549 1310 2602 non
1339 2526 1454 2606 evitat,
1484 2529 1538 2612 qui
1561 2549 1627 2591 non
1648 2529 1784 2594 festinat
1807 2529 1961 2598 adserere
1985 2535 2072 2621 qued
2139 2565 2149 2600 s

409 2635 533 2699 meritis
556 2635 647 2698 novit
671 2655 744 2698 esse
767 2634 975 2719 placiturum.
1020 2634 1107 2698 diem
1131 2633 1265 2698 laudare
1295 2633 1367 2717 quis
1396 2631 1539 2696 abnuat?
1584 2630 1744 2698 adtollere
1768 2634 1847 2699 solis
1870 2635 1979 2703 radios
2002 2641 2074 2725 quis

410 2745 536 2802 metuat
568 2736 714 2822 qualibet
745 2743 842 2803 nocte
875 2743 1084 2802 sermonum?
1137 2736 1164 2800 si
1193 2736 1331 2802 themati
1364 2735 1559 2820 obsequium
1589 2743 1738 2821 praestat
1769 2739 1890 2822 oratio,
1927 2742 1969 2806 ab
2000 2744 2073 2830 ipso

381 2839 549 2925 3suscipit
579 2839 781 2925 dignitatem.
826 2841 951 2927 proprii
980 2861 1058 2926 ergo
1087 2841 1209 2905 macies
1232 2861 1298 2904 non
1322 2838 1462 2903 turberis
1494 2837 1632 2923 ingenii,
1664 2839 1793 2926 quando
1816 2842 1938 2929 eloquii
1962 2845 2074 2912 vilitas

411 2945 517 3028 pretio
542 2949 716 3030 susceptae
741 2945 891 3008 dictionis
921 2945 1084 3015 elevatur;
1116 2943 1259 3028 erigere,
1289 2963 1380 3006 mens
1408 2941 1499 3006 fasce
1523 2941 1682 3027 depressa
1704 2943 1893 3029 inperitiae:
1932 2947 2072 3015 dextera

411 3045 533 3132 inpacti
557 3047 663 3110 oneris
687 3048 880 3112 sublevaris.
926 3047 985 3112 sed
1010 3069 1067 3112 cur
1090 3046 1196 3132 longis
1223 3045 1438 3135 involvimur?
1477 3047 1643 3132 praesenti
1675 3047 1924 3115 adulescentulo
1953 3055 2074 3120 militat
2126 3087 2131 3098 ·

412 3150 560 3236 praefata
587 3153 746 3233 narratio,
776 3173 872 3238 quem
901 3152 1079 3218 rediturum
1108 3151 1149 3215 ad
1177 3170 1317 3237 proavos
1347 3170 1412 3213 non
1436 3148 1682 3214 denuntiatione
1706 3172 1887 3236 augurum,
1920 3157 1978 3220 sed
2001 3166 2076 3244 post

412 3252 509 3316 deum
532 3253 632 3318 fultus
656 3277 714 3341 spe
737 3255 816 3319 mibi
840 3262 968 3320 vestrae
992 3255 1203 3341 perfectionis
1226 3253 1389 3340 spondeo,
1419 3274 1479 3317 nec
1502 3253 1647 3318 futirrum
1670 3255 1817 3342 ambigo,
1848 3260 2016 3346 splendori
2040 3269 2073 3328 te

383 3358 512 3426 ‹tistum
536 3378 668 3429 suorum
690 3380 787 3444 possc
812 3359 959 3436 reddere,
983 3379 1080 3443 quern
1105 3359 1176 3423 aliis
1199 3358 1375 3421 contulisti.
1420 3361 1530 3443 potest
1553 3358 1639 3421 enim
1662 3360 1757 3426 facilc
1783 3370 1929 3427 veterum
1953 3364 2075 3431 decora

414 3461 586 3540 suscitare,
625 3464 677 3525 cui
711 3462 759 3526 ias
796 3468 845 3526 est
881 3484 963 3526 nova
998 3469 1196 3526 construere.
1250 3481 1314 3524 non
1351 3460 1465 3524 credas
1501 3459 1581 3524 baec
1617 3485 1691 3528 esse
1726 3465 1825 3529 solius
1860 3469 2074 3533 incitamenta

414 3563 598 3628 facundiae.
642 3566 702 3630 tibi
731 3567 787 3629 uni
818 3587 1010 3630 conoessum
1041 3571 1091 3628 est
1120 3564 1301 3628 claritatem
1333 3570 1390 3627 aut
1413 3563 1490 3628 dare
1514 3571 1571 3626 aut
1592 3586 1746 3650 reparare
1771 3571 1939 3637 maiorum.
1984 3579 2073 3637 stant
2125 3599 2149 3634 -ι

414 3675 490 3733 ante
519 3671 630 3733 oculos
660 3676 733 3732 tuos
756 3691 820 3734 non
844 3690 968 3733 annosa
991 3670 1083 3754 pueri
1107 3675 1316 3733 monumenta
1338 3667 1396 3731 sed
1419 3668 1575 3731 recentia.
1620 3669 1771 3754 peritiam
1795 3678 1883 3736 tuam
1908 3675 2073 3740 Firminus

415 3781 449 3838 et
473 3773 655 3858 Glycerius,
679 3775 795 3838 aetatis
820 3795 899 3838 suae
924 3773 1042 3848 sidera,
1067 3772 1128 3836 hac
1151 3794 1232 3836 voce
1257 3772 1469 3836 conveniunt:

335 3937 337 3944 .
383 3885 402 3943 5
525 3876 690 3963 ‘Suscipe,
722 3877 908 3941 doctissime
939 3876 1121 3952 hominum,
1150 3876 1319 3958 utriusque
1348 3876 1494 3961 plantam
1525 3874 1669 3939 familiae
1698 3885 1732 3940 ct
1761 3880 1917 3959 culmum,
1951 3883 1983 3946 in
2007 3905 2072 3968 quo

415 3981 567 4064 gravidas
599 3983 718 4044 aristas
749 3983 873 4068 parias,
909 3981 1070 4046 secundus
1098 3978 1249 4042 adtende.
1296 3980 1406 4064 scalpo
1438 3977 1572 4041 sarculis
1600 3980 1735 4044 uberem
1765 3989 1899 4063 terram,
1930 4007 2015 4071 quae
2046 3989 2072 4051 si

415 4085 517 4148 nostri
549 4091 598 4148 est
632 4085 788 4168 germinis
822 4086 936 4164 fibula,
971 4083 1007 4147 fit
1037 4083 1101 4146 tuis
1132 4083 1278 4168 prolecto
1317 4083 1484 4146 laboribus
1519 4103 1727 4168 responsuro.
1779 4085 1860 4151 dcco
1892 4089 1956 4154 udo
1988 4091 2072 4156 libro

416 4187 606 4253 adolescere
630 4190 781 4252 maritata
805 4190 976 4274 plantario,
1000 4187 1120 4250 novelli
1145 4185 1298 4248 dontibus
1316 4186 1446 4269 virgulti
1470 4185 1609 4249 fructum
1635 4189 1755 4252 surculi
1777 4193 1920 4256 melioris
1939 4194 2072 4258 adcom-

413 4291 519 4372 moda,
542 4293 655 4356 veniat
679 4313 847 4376 pomorum
872 4313 1055 4366 successus,
1084 4290 1160 4353 durn
1185 4311 1241 4353 ore
1266 4297 1378 4354 tenero
1403 4289 1574 4354 sublimior
1597 4291 1638 4354 ab
1662 4291 1716 4356 illo
1740 4299 1773 4356 te
1797 4293 1936 4360 docente
1959 4299 2074 4383 planta

414 4395 591 4470 mordetur,
622 4396 698 4479 quia
727 4397 790 4458 nisi
821 4395 995 4459 edomitam
1021 4403 1139 4457 terram
1165 4401 1279 4477 terque
1304 4401 1337 4456 et
1361 4400 1475 4477 quater
1497 4394 1661 4477 agricolae
1684 4397 1849 4480 ligonibus
1872 4401 2073 4488 scripserint,

384 4498 575 4571 Atriticeam
601 4521 741 4563 messem
766 4500 912 4585 paliurus
936 4498 1104 4584 superabit
1121 4504 1153 4561 et
1169 4499 1291 4561 lolium.
1330 4518 1447 4560 munus
1464 4496 1648 4560 Palladium
1666 4506 1699 4561 et
1721 4523 1804 4566 cana
1827 4525 1958 4568 nemora
1981 4508 2072 4571 bacis

521 4807 674 4881 lassent
783 4807 977 4875 acuminatas
990 4811 1015 4860 o
1083 4809 1215 4862 sennan
1318 4808 1452 4860 esaim
1469 4809 1493 4858 v
1594 4809 1753 4862 cranone
1865 4781 1868 4786 ’

519 4911 624 4980 [LXIX]
661 4912 676 4964 l
698 4913 774 4982 dicta]
793 4917 850 4967 dica
862 4915 931 4966 BV¹
1006 4917 1109 4982 quando
1127 4917 1153 4966 in
1172 4957 1177 4967 .
1193 4956 1198 4968 .
1214 4955 1220 4966 .
1238 4917 1406 4967 deuterioium
1419 4915 1468 4979 Bb,
1486 4932 1534 4965 orn.
1553 4915 1629 4964 ceteri
1740 4914 1757 4966 8
1775 4918 1898 4969 llcrrterio
1910 4921 1941 4970 V.
1953 4921 1978 4971 S.
1994 4921 2073 4974 Siron.

412 4999 429 5050 9
447 5001 570 5052 linteolus
582 5000 608 5051 Β
689 5002 785 5052 cassiae
802 5001 859 5052 Tou
940 5003 1045 5068 pollucis
1058 5002 1083 5051 Β
1205 4999 1238 5052 10
1255 5003 1340 5054 radies
1357 5020 1405 5053 om.
1418 5002 1497 5053 Siron.
1621 5000 1649 5050 ll
1671 5003 1774 5068 eispctis
1786 5002 1827 5053 B¹
1908 5015 2020 5059 nuturae
2031 5007 2075 5058 131

414 5084 447 5137 12
465 5089 552 5138 lutura
566 5085 605 5138 131
744 5086 777 5138 13
794 5087 854 5139 lecit
870 5087 895 5137 Β
1035 5086 1068 5139 14
1088 5089 1194 5155 suscipit
1218 5090 1302 5154 (prinu
1319 5090 1328 5140 i
1347 5089 1373 5139 in
1392 5086 1439 5152 lit.)
1459 5087 1484 5137 Β
1624 5087 1657 5138 lo
1678 5105 1764 5140 amore
1788 5091 1894 5157 dignum
1918 5109 1975 5144 esse
1995 5093 2074 5145 sim.

413 5174 540 5224 maculam
561 5171 619 5236 (alt.
637 5191 653 5224 a
670 5174 698 5246 ia
716 5173 764 5238 lit.)
784 5174 809 5224 Β
949 5173 982 5225 16
1004 5175 1121 5226 attollere
1140 5174 1165 5224 V
1259 5176 1345 5226 radius
1360 5174 1386 5225 Β
1527 5171 1559 5224 18
1577 5175 1670 5226 macies
1695 5174 1781 5240 (ccum
1798 5178 1949 5234 vocativum)
1969 5181 2076 5242 codices,

415 5261 495 5311 macie
506 5261 564 5311 edit
632 5262 814 5313 adoliscentolo
825 5260 851 5311 Β
956 5259 989 5312 21
1009 5262 1168 5314 redditurum
1181 5261 1205 5310 Β
1275 5259 1395 5328 proauos]
1415 5261 1527 5328 proabus
1541 5260 1574 5325 B,
1591 5263 1686 5328 probus
1702 5260 1739 5311 Vl
1849 5262 1883 5314 22
1901 5265 2031 5331 splendori
2042 5266 2076 5330 B,

414 5346 533 5412 splendor
545 5347 628 5409 ceteri,
644 5346 805 5413 splendorem
817 5347 896 5398 Sirra.
983 5346 1018 5398 23
1035 5345 1124 5414 istum]
1138 5349 1179 5398 isti
1192 5347 1269 5399 Sirm.
1357 5347 1391 5398 24
1409 5347 1547 5398 suliusB⁰
1634 5345 1669 5398 25
1682 5349 1849 5400 sacondincB
1935 5348 1970 5400 26
1982 5352 2075 5403 oculus

326 5471 331 5474 -
413 5437 475 5483 tuus
487 5432 512 5482 Β
633 5429 666 5482 27
684 5433 806 5500 glicerius
819 5434 856 5497 Β,
880 5434 984 5486 licerius
1003 5433 1078 5484 ceteri
1156 5434 1316 5485 conueniunt
1334 5433 1386 5500 (eni
1404 5434 1432 5484 in
1451 5431 1499 5498 lit.)
1512 5433 1537 5482 Β
1657 5431 1691 5482 29
1709 5441 1805 5486 areatas
1818 5435 1843 5484 Β
1921 5455 1972 5504 pa·
1985 5439 2037 5489 rias
2057 5437 2081 5488 V

414 5520 541 5570 sccundus
553 5519 578 5569 B
653 5521 756 5571 attendo
772 5519 797 5568 V
868 5520 972 5572 sarcolis
984 5518 1010 5568 Β
1126 5517 1161 5569 30
1178 5517 1216 5586 fit]
1236 5521 1269 5571 sit
1281 5521 1307 5582 b,
1328 5522 1393 5572 feret
1404 5519 1500 5570 Ilortcl
1612 5517 1643 5570 31
1664 5520 1803 5573 adoliscsre
1821 5523 1847 5585 (o
1865 5539 1897 5572 ecc
1915 5541 1933 5573 u
1952 5521 2032 5588 corr.)
2048 5525 2074 5574 Β

414 5606 508 5658 carcub
520 5605 546 5656 Β
618 5607 780 5658 accommoda
795 5605 820 5655 V
928 5603 962 5656 33
980 5604 1133 5655 scribssreut
1144 5605 1170 5653 Β
1288 5603 1321 5656 34
1340 5606 1461 5671 palonrus
1474 5605 1498 5654 Β
1573 5624 1667 5658 nrunus
1688 5606 1754 5673 (arip.
1767 5610 1812 5658 alt
1826 5626 1843 5659 u
1857 5609 1904 5671 ld.)
1917 5609 1943 5658 Β
2012 5628 2077 5662 surra

415 5689 528 5758 nemora]
548 5710 682 5744 carromora
699 5710 753 5757 arcp.
769 5693 814 5742 lin.
834 5711 866 5742 na
878 5692 903 5742 B
