4538 6436
891 371 965 424 cxv
984 371 1107 439 (aaran.
1125 373 1150 434 e,
1169 373 1223 438 aa),
1244 372 1331 426 nxvr
1349 373 1471 440 (aaran.
1489 375 1515 432 3.
1535 376 1570 440 ι).

1051 679 1145 747 va
1168 679 1277 766 (nersr.
1295 684 1324 761 2,
1340 681 1407 767 28).

997 877 1176 953 AVIENO
1204 877 1453 952 ENNODIVS.

369 1044 381 1102 ¹
508 1026 597 1123 Deo
620 1057 754 1142 gratias,
778 1053 863 1139 quod
886 1055 1035 1141 principe
1058 1057 1131 1120 loco
1155 1055 1344 1143 ponendum
1368 1061 1427 1138 est,
1451 1055 1507 1140 qui
1531 1053 1787 1140 magnitudinem
1809 1059 1910 1138 tuam,
1933 1077 2018 1142 qnae
2038 1079 2059 1122 a

399 1183 451 1226 me
476 1166 569 1227 erant
591 1158 769 1242 offerenda,
791 1158 870 1223 feeit
893 1159 1037 1244 exigere.
1076 1159 1196 1224 dedisti
1219 1159 1361 1247 pretium
1384 1157 1577 1244 garrulitati,
1601 1178 1699 1243 quam
1714 1158 1771 1222 vix
1793 1159 1952 1225 hactenus
1968 1161 2057 1225 intra

393 1265 620 1331 'verecundum
649 1263 821 1349 penetrale
852 1263 1007 1328 continui.
1054 1263 1154 1329 eliciti
1183 1263 1258 1329 utor
1288 1263 1354 1328 stili
1384 1263 1499 1349 genio,
1532 1283 1629 1348 quem
1656 1262 1782 1327 duriter
1807 1264 1849 1328 ab
1879 1257 2056 1350 inportuna

397 1370 572 1456 scriptione
598 1367 761 1433 revocavi.
805 1367 958 1431 meritum
981 1373 1116 1431 coactae
1140 1367 1231 1430 vocis
1254 1366 1410 1431 inusitata
1432 1366 1630 1451 loquacitate
1652 1365 1820 1452 possideo.
1864 1389 1940 1432 nam
1962 1375 2055 1455 post·

364 1484 494 1560 2quam
518 1494 570 1538 me
594 1471 720 1535 iussisti
743 1471 882 1556 paginas
906 1468 1082 1552 destinare,
1107 1471 1216 1535 animo
1239 1492 1324 1553 meo,
1348 1470 1435 1556 quod
1459 1477 1637 1552 tacueram,
1667 1471 1914 1537 commendasti.
1960 1494 2056 1559 euge,

396 1578 486 1643 frons
515 1575 571 1640 din
601 1574 754 1662 prodiga,
788 1573 963 1658 aliquando
991 1573 1071 1637 mihi
1100 1574 1238 1660 contigit
1265 1573 1308 1638 ad
1337 1574 1519 1639 allectionis
1548 1575 1676 1660 copiam
1707 1574 1777 1639 sine
1805 1575 1852 1638 tui
1883 1575 2055 1662 dispendio

395 1680 577 1766 pervenire.
624 1679 787 1742 diseamus
811 1698 876 1741 non
901 1677 1009 1741 odisse
1033 1677 1119 1763 quod
1143 1678 1283 1744 adiuvat.
1330 1679 1450 1744 silentii
1479 1680 1586 1765 gratia
1612 1678 1706 1759 fecit,
1738 1683 1774 1743 ut
1797 1686 1829 1744 te
1855 1679 1961 1745 libera
1990 1683 2055 1746 iam

394 1787 577 1871 loquamur.
618 1787 835 1868 expectantur
858 1781 994 1846 anobis
1019 1803 1120 1868 saepe
1144 1782 1293 1848 fastidita
1316 1783 1499 1869 conloquia.
1538 1803 1602 1847 non
1625 1782 1680 1847 ibo
1703 1783 1844 1869 longius.
1881 1784 2054 1868 adseritur,

395 1895 431 1953 ut
454 1887 561 1968 video,
585 1886 717 1971 linguae
741 1885 884 1950 officium
908 1886 1042 1950 raritate
1065 1908 1262 1953 sermonum.
1306 1888 1338 1951 in
1362 1907 1427 1972 qua
1448 1893 1541 1974 parte
1564 1907 1629 1950 non
1653 1886 1770 1952 clauda
1791 1887 1936 1953 laetitiae
1959 1910 2054 1955 meae

366 1992 481 2064 3fides
505 1998 566 2074 est,
590 1990 755 2056 sententia
770 1995 882 2054 nostra
897 1990 967 2054 veri
983 1989 1236 2077 adstipulatione
1253 1991 1395 2056 fulcitur.
1436 2011 1514 2056 ecce
1537 1990 1603 2072 ill'e,
1627 1989 1681 2075 qui
1705 1988 1874 2055 doctorum
1898 1992 2055 2078 epistulas

395 2097 523 2182 gravidi
546 2095 675 2160 dotatas
699 2113 806 2157 messe
831 2093 996 2178 conloquii
1020 2094 1154 2158 summis
1177 2094 1272 2158 labiis
1288 2095 1344 2159 vix
1368 2093 1504 2174 libabat,
1527 2093 1671 2159 tabellae
1688 2099 1820 2158 nostrae
1842 2095 1966 2159 culmos
1989 2117 2056 2159 non

396 2200 592 2286 dedignatur
607 2199 769 2286 accipere.
808 2197 951 2283 gemina,
974 2197 1089 2284 pudor,
1113 2197 1193 2262 mihi
1210 2199 1375 2263 hilaritate
1392 2196 1554 2284 profuisti,
1578 2217 1651 2261 oum
1667 2203 1703 2260 tu
1726 2197 1757 2261 in
1783 2199 1921 2263 statione
1946 2204 2056 2263 certus

395 2325 430 2369 es
453 2311 487 2368 et
510 2324 583 2369 oum
605 2303 796 2388 frequenter
819 2302 997 2388 contempti
1020 2300 1249 2367 desiderantur
1272 2303 1401 2366 aliatus.
1452 2300 1540 2365 iacta
1563 2308 1614 2365 est
1638 2323 1716 2366 ecoe
1740 2302 1857 2370 melior
1880 2303 1953 2368 eius
1978 2325 2055 2368 sen·

393 2407 508 2484 tentia,
532 2426 630 2492 quem
646 2424 801 2467 amamus.
840 2402 936 2467 nobis
954 2423 1033 2489 ergo
1050 2405 1260 2486 verecundia,
1284 2404 1411 2470 consuli
1426 2410 1538 2468 nostro
1563 2404 1792 2472 emendatione
1814 2408 2055 2494 prospeximus.

363 2509 457 2580 used
480 2530 521 2573 ne
545 2509 578 2573 in
601 2509 737 2593 longum
760 2506 917 2593 procedat
939 2508 1062 2593 pagina
1086 2508 1321 2573 transcendens
1343 2507 1500 2573 terminos
1517 2508 1707 2594 praefinitos
1724 2515 1757 2572 et
1773 2509 1936 2595 loquendo
1953 2510 2057 2574 multa

396 2612 482 2697 quod
504 2612 664 2677 tacuimus
689 2609 948 2675 demonstremus
972 2631 1037 2674 non
1061 2610 1162 2676 fuisse
1187 2613 1322 2694 consilii,
1346 2613 1430 2691 vale,
1453 2612 1497 2676 mi
1520 2610 1661 2690 domine,
1695 2619 1728 2677 et
1751 2620 1900 2678 amantes
1924 2615 1970 2678 tui
1994 2614 2056 2677 hac

396 2716 622 2780 communione
656 2715 808 2800 dignare,
852 2714 929 2799 quia
961 2714 1124 2799 praecelsi
1158 2715 1316 2780 honorum
1349 2721 1479 2779 tuorum
1520 2714 1632 2801 apices
1669 2715 1751 2780 haee
1788 2717 1859 2781 sola
1893 2717 2058 2802 recipiunt

396 2825 582 2902 augmenta,
606 2838 690 2903 quae
713 2816 755 2881 de
778 2817 965 2881 humilitate
989 2826 1174 2883 nascuntur.

1048 3125 1163 3208 nxvl
1187 3127 1296 3213 (neren.
1313 3132 1342 3210 3,
1362 3131 1401 3211 l).

836 3322 1077 3397 SENATORI
1105 3322 1337 3395 EPISCOPO
1365 3323 1614 3397 ENNODIVS.

366 3491 377 3548 1
512 3469 553 3560 P
554 3501 636 3564 rima
659 3521 713 3565 res
738 3506 789 3564 est
812 3505 927 3563 sancto
951 3499 1148 3562 conveniens
1171 3497 1241 3562 sine
1265 3497 1469 3564 dubitatione
1492 3500 1677 3586 proposito,
1708 3508 1824 3587 sponte
1846 3523 1905 3587 pro
1930 3503 2054 3568 iustitia

393 3601 504 3667 lacere
526 3602 683 3689 quidquid
707 3605 762 3667 alii
785 3603 893 3667 solent
915 3603 1044 3666 monitis
1068 3601 1235 3680 exhibere,
1260 3602 1318 3667 sed
1342 3603 1506 3668 honestati
1529 3603 1679 3690 proxima
1702 3606 1754 3669 vel
1778 3607 1930 3688 secunda,
1953 3609 2052 3672 rectis

395 3708 661 3793 suggestionibus
695 3728 759 3770 non
795 3708 935 3792 gravari.
985 3707 1018 3770 in
1050 3727 1113 3791 qua
1147 3712 1241 3792 parte
1269 3706 1339 3799 ‚etsi
1368 3706 1550 3792 prinoipem
1582 3707 1690 3771 locum
1723 3715 1787 3774 non
1823 3709 1968 3795 possidet
1998 3711 2052 3794 qui

362 3816 556 3892 2monetur,
579 3811 679 3876 habet
701 3817 812 3874 tamen
836 3809 1053 3896 deigratiam,
1077 3808 1160 3894 quod
1177 3809 1323 3873 veritatis
1339 3809 1611 3900 insinuationibus
1627 3831 1693 3874 non
1709 3817 1880 3897 repugnat.
1918 3835 2051 3878 causam

2109 2434 2134 2472 15

392 3937 469 4001 ergo
496 3915 710 4002 praelationis
738 3915 881 3995 insinuo,
910 3936 952 3979 ne
982 3920 1015 3978 et
1042 3934 1104 3998 ego
1133 3911 1308 3976 utilitatem
1336 3933 1443 3977 meam
1472 3912 1603 3979 differre
1627 3915 1740 3980 videar
1768 3917 1955 4003 prolixitate
1980 3939 2050 3982 ser·
2104 3955 2110 3972 .

391 4040 533 4085 monum.
578 4017 701 4083 dudum
725 4040 786 4105 per
808 4040 861 4082 me
888 4018 1079 4105 suppliciter
1107 4017 1289 4102 postulavi,
1319 4023 1355 4080 ut
1378 4016 1418 4081 de
1442 4017 1629 4103 mancipiis,
1662 4040 1745 4104 quae
1769 4018 1810 4085 de
1835 4041 1912 4085 casa
1934 4042 2008 4085 mea
2032 4045 2051 4086 a

391 4124 510 4206 vestris
534 4123 712 4188 sollicitata
735 4121 917 4200 constabat,
941 4141 1041 4185 unum
1064 4121 1143 4184 mihi
1167 4120 1252 4206 quod
1277 4127 1481 4184 remanserat
1504 4120 1704 4190 redderetur.
1743 4123 1879 4188 dedistis
1894 4125 2049 4210 precibus

390 4227 473 4293 meis
497 4233 610 4291 sancta
632 4226 846 4312 promissione
872 4246 1079 4310 responsum,
1110 4231 1146 4287 ut
1175 4225 1305 4288 etiamsi
1330 4225 1420 4287 vobis
1447 4245 1528 4311 puer
1557 4226 1628 4311 ipse
1657 4227 1727 4290 iure
1757 4235 1963 4313 conpeteret,
1992 4251 2050 4292 vos

360 4337 502 4406 3tamen
526 4329 664 4415 gratiam
689 4329 864 4394 commodis
888 4329 1063 4394 anteferre.
1109 4349 1259 4414 regresso
1289 4350 1341 4392 me
1365 4327 1406 4391 de
1429 4327 1605 4406 Ravenna,
1638 4327 1722 4414 quod
1753 4329 1841 4395 dictu
1869 4333 1961 4396 nolas
1990 4340 2049 4412 est,

391 4457 450 4522 pro
476 4434 621 4521 peccatis
651 4433 733 4497 meis
764 4434 917 4497 ellectum
945 4434 1154 4498 sacerdotalis
1182 4433 1328 4496 delinitio
1359 4432 1479 4497 habere
1501 4456 1563 4498 non
1588 4435 1703 4519 potuit.
1748 4434 1900 4500 adscribo
1923 4436 2049 4500 meritis

391 4540 484 4618 meis,
508 4537 595 4623 quod
619 4538 711 4601 ouius
735 4558 790 4602 ore
814 4537 986 4600 damnatur
1008 4537 1230 4612 mendacium,
1253 4541 1376 4600 statuta
1398 4537 1543 4602 violavit.
1589 4559 1666 4601 ecce
1690 4537 1807 4601 iterum
1831 4559 1883 4602 me
1907 4539 1949 4602 ad
1973 4562 2049 4603 con-

391 4642 561 4706 scientiam
575 4647 715 4704 vestram
732 4641 850 4721 refero,
875 4661 953 4704 ecce
970 4639 1053 4725 quod
1071 4641 1171 4704 filium
1188 4640 1284 4705 decet
1300 4640 1452 4718 exhibeo,
1475 4646 1512 4704 ut
1528 4661 1588 4726 per
1604 4641 1775 4704 sublimem
1793 4627 1827 4706 et
1841 4644 2049 4726 magnificum

390 4748 493 4811 virum
518 4744 672 4810 domnum
686 4743 855 4808 Victorem
879 4743 920 4807 ad
945 4743 1162 4809 humilitatem
1185 4745 1360 4825 conferam,
1385 4743 1539 4831 quidquid
1562 4745 1642 4808 mihi
1657 4751 1789 4830 poterat
1804 4747 1914 4831 legum
1932 4769 2049 4812 saecu-

357 4850 506 4922 4larium
530 4848 725 4912 auctoritate
747 4849 918 4934 praestari.
964 4848 1073 4914 videte
1098 4850 1125 4913 si
1147 4870 1223 4914 reus
1250 4870 1336 4928 sum,
1369 4849 1423 4934 qui
1453 4848 1540 4933 elegi
1564 4847 1668 4912 virum
1696 4850 1877 4914 antistitum
1905 4850 2049 4916 moribus

391 4959 638 5039 congruentem,
670 4952 725 5036 qui
749 4951 800 5015 vel
830 4956 944 5015 contra
971 4953 1172 5038 aequitatem
1198 4953 1450 5038 repugnantium
1473 4953 1633 5017 indomita
1654 4961 1766 5039 posset
1789 4954 1887 5019 corda
1909 4956 2046 5020 mollire.

491 5247 582 5318 [LXV]
618 5246 768 5316 2principe
780 5245 857 5312 Bw,
873 5248 994 5315 principis
1013 5248 1087 5298 ceteri
1197 5247 1386 5300 3hactinusB
1493 5247 1697 5300 4ncricundum
1710 5247 1751 5298 131
1819 5245 1905 5315 genio]
1923 5265 1991 5315 geno
2003 5247 2048 5299 13⁰

386 5335 557 5389 bscribtione
570 5336 595 5386 Β
661 5337 688 5386 in
706 5336 800 5386 usitata
817 5335 883 5385 coci.
896 5334 992 5384 narret
1057 5331 1169 5400 ceretae]
1189 5334 1331 5387 eohactcB
1435 5333 1464 5384 ll
1483 5333 1579 5385 lidiaB
1684 5331 1717 5384 12
1733 5331 1845 5402 gravidi]
1863 5335 1954 5401 grandi
1968 5333 2047 5386 Siren.

385 5422 522 5476 culmusB
639 5421 672 5473 15
689 5421 832 5473 emendatio
850 5437 906 5486 sup.
921 5421 965 5470 lin.
984 5437 1016 5470 ne
1028 5418 1054 5468 Β
1169 5415 1202 5469 17
1220 5429 1334 5473 amantes
1346 5420 1380 5484 B,
1397 5421 1506 5471 amantis
1524 5421 1599 5471 ceteri
1712 5416 1745 5469 19
1762 5420 1794 5470 dc
1811 5437 1867 5485 sup.
1887 5420 1932 5470 lisa.
1950 5437 1983 5469 m.
1997 5425 2010 5470 1
2022 5419 2048 5470 Β

491 5523 594 5592 [LXVI]
635 5524 670 5576 20
687 5527 806 5592 episcopo
823 5525 851 5574 ia
870 5523 907 5574 lit.
920 5522 945 5572 Β
1060 5520 1094 5571 22
1112 5524 1233 5589 quicquid
1250 5523 1274 5572 V
1385 5520 1421 5572 23
1439 5524 1551 5590 possedit
1565 5522 1591 5572 Β
1705 5520 1740 5572 25
1758 5523 1903 5590 prolixitate
1915 5522 1969 5586 Ba,
1991 5541 2047 5590 pro·

384 5611 564 5664 textureffl!
658 5609 692 5661 2ss
710 5611 865 5676 suppleciter
877 5607 1041 5675 postolauiB
1136 5607 1170 5660 30
1188 5611 1306 5662 diffinitio
1324 5609 1405 5660 r'uPc
1500 5609 1535 5660 32
1552 5607 1643 5673 filium]
1662 5609 1775 5660 fidelium
1788 5609 1814 5658 Β
1910 5608 1944 5660 33
1961 5612 2046 5660 virum

385 5699 486 5750 0²me
557 5698 680 5765 quioquid
696 5697 721 5745 V
