4566 6532
783 420 976 477 CDXXXVIII
995 422 1129 490 (OPUSO.
1147 425 1183 491 5).
1746 427 1809 490 303

261 591 354 658 Deus
382 613 490 672 maus,
521 591 704 679 redemptio
733 600 821 660 mea!
864 616 948 682 quae
977 595 1055 660 mihi
1084 601 1259 661 occurrunt
1282 594 1324 661 de
1347 597 1398 662 his
1431 615 1514 682 quae
1538 594 1646 661 fecisti
1669 617 1809 678 mecum,
1826 597 1864 660 19

154 717 238 780 quae
267 694 308 762 de
336 696 402 760 illis
425 717 509 782 quae
533 697 622 781 gessi
646 697 819 763 adversum
844 705 911 764 me!
958 720 1041 786 qnae
1065 699 1093 764 si
1118 699 1336 776 conferantur,
1366 699 1491 763 nullum
1515 704 1645 785 tempus
1668 706 1725 764 aut
1747 722 1810 786 ope

155 807 213 864 tua
241 806 298 864 aut
326 800 446 865 delicto
478 820 553 865 meo
583 799 625 864 sit
647 821 797 865 vacuum.
842 802 924 867 libet
952 824 994 868 ex
1024 802 1203 884 innumeris
1226 803 1260 867 in
1283 824 1336 868 me
1360 802 1601 870 conlationibus
1624 804 1689 868 tuis
1712 824 1810 870 unam

154 902 259 968 libare
282 909 316 968 et
338 901 577 988 praetereundo
607 904 746 990 populos
773 906 982 990 largitionum
1006 911 1136 970 tuarum
1160 907 1358 990 singularem
1381 911 1605 972 summotenus
1629 906 1810 992 adtingere.

90 1053 94 1064 .
154 1013 301 1093 tempore
329 1027 392 1091 quo
415 1005 545 1071 Italiam
573 1008 797 1093 optatissimus
819 1008 1012 1074 Theoderici
1041 1009 1130 1093 regis
1159 1010 1366 1074 resuscitavit
1389 1011 1573 1095 ingressus,
1605 1031 1678 1074 cnm
1702 1010 1863 1075 omnia20

90 1193 95 1204 ὓ
155 1110 196 1175 ab
230 1110 370 1175 inimicis
405 1111 475 1176 eius
508 1112 732 1198 inexplicabili
762 1111 854 1178 clade
884 1119 1092 1178 vastarentur
1121 1120 1170 1192 et,
1204 1112 1290 1198 quod
1323 1119 1512 1201 superesset
1540 1112 1674 1198 gladiis,
1707 1114 1811 1180 fames

155 1221 301 1294 necaret,
336 1235 409 1280 cum
439 1216 572 1280 excelsa
603 1216 760 1280 montium
792 1221 1038 1302 castrorumque
1069 1238 1163 1282 arces
1192 1218 1328 1303 penuria
1358 1222 1586 1302 perrumperet
1615 1222 1650 1281 et
1677 1217 1711 1282 in
1741 1217 1810 1281 cul-

155 1318 297 1383 minibus
322 1319 447 1383 locatos
471 1320 570 1385 armis
592 1321 720 1384 saevior
745 1327 878 1405 egestas
902 1319 1085 1401 obsideret,
1117 1341 1179 1406 ego
1203 1342 1362 1386 annornm
1385 1321 1489 1386 ferme
1513 1318 1656 1386 sedecim
1679 1320 1811 1400 amitae,

156 1443 240 1508 quae
267 1443 320 1486 me
348 1422 488 1504 aluerat,
521 1443 561 1488 ea
589 1429 786 1508 tempestate
817 1424 937 1489 solacio
966 1425 1111 1512 privatus
1142 1445 1223 1488 sum.
1273 1425 1418 1489 remansi
1448 1423 1553 1503 solus,
1585 1424 1680 1509 inops
1713 1446 1748 1490 re
1777 1431 1812 1490 et
1823 1431 1861 1494 21

159 1525 297 1590 consilio
326 1524 517 1606 destitutus,
548 1528 599 1590 cni
629 1528 699 1592 sola
725 1527 905 1592 remedium
937 1528 1081 1594 tribuere
1105 1535 1219 1613 posset
1241 1526 1439 1602 adversitas,
1471 1548 1512 1592 ne
1535 1527 1622 1592 inter
1644 1534 1812 1614 parentes,

47 1703 50 1712 Ι
157 1627 243 1714 quod
279 1635 330 1694 est
364 1630 566 1716 captivitatis
602 1637 690 1696 sorte
725 1632 882 1704 amarius,
919 1630 1066 1697 subsidia
1099 1630 1230 1696 vivendi
1270 1630 1354 1696 liber
1387 1651 1558 1716 poscerem
1594 1637 1628 1696 et
1663 1632 1813 1717 cognitus

156 1733 436 1817 peregrinantium
466 1735 554 1798 mala
584 1734 769 1800 tolerarem.
814 1737 981 1820 extemplo
1013 1735 1190 1821 porrexisti
1221 1741 1412 1800 consuetam
1442 1733 1630 1814 dexteram,
1663 1735 1813 1802 defensio

156 1859 241 1916 mea,
265 1843 298 1902 et
321 1836 452 1900 domum
476 1858 578 1902 censu
601 1846 635 1902 et
658 1838 817 1922 religiono
841 1837 1067 1925 praedivitem,
1091 1844 1127 1901 ut
1149 1837 1307 1902 solacium
1322 1858 1431 1901 meum
1447 1857 1513 1901 non
1529 1844 1711 1924 respueret,
1735 1859 1812 1903 con-

158 1940 279 2026 pulisti.
317 1942 450 2027 poposci
474 1942 506 2005 in
530 1943 737 2006 matrimonio
761 1941 930 2006 cuiusdam
953 1941 1175 2007 nobilissimae
1197 1948 1230 2007 et
1251 1941 1311 2004 tibi
1334 1940 1418 2004 bene
1443 1946 1618 2026 coopertae
1642 1943 1811 2026 parvulam
1823 1946 1865 2007 22

93 2086 97 2096 .
157 2044 304 2124 filiolam,
334 2045 499 2131 protinus,
522 2050 555 2110 te
579 2054 616 2110 ut
639 2044 679 2110 ad
704 2053 737 2112 te
760 2049 907 2114 venirem
930 2051 1140 2132 procurante,
1165 2045 1258 2131 quasi
1281 2045 1343 2108 hoc
1367 2066 1386 2108 a
1408 2065 1461 2108 me
1485 2045 1610 2130 sperari
1632 2041 1811 2122 debuisset,

157 2154 327 2234 exceptus.
373 2149 511 2213 contulit
537 2148 617 2214 mihi
648 2151 846 2236 placentium
873 2149 931 2214 tibi
963 2151 1177 2228 consortium,
1211 2155 1245 2213 et
1271 2153 1307 2211 nt
1335 2148 1497 2212 alimentis
1521 2147 1690 2212 affluerem
1714 2153 1747 2212 et
1770 2147 1811 2212 ed

156 2251 318 2315 culturam
342 2258 432 2315 tuam
454 2252 585 2338 fugiens
608 2254 809 2320 infidelitatis
833 2253 971 2318 obscura
993 2273 1222 2318 commearem.
1260 2273 1344 2338 pene
1368 2257 1444 2316 ante
1467 2253 1668 2336 agnitionem
1684 2252 1812 2316 desola-

156 2355 254 2418 tionis
283 2375 377 2419 meae
409 2363 585 2441 coeperunt
614 2358 692 2422 mihi
717 2357 888 2444 largienda
911 2363 1096 2444 suppetere.
1141 2362 1219 2421 tunc
1243 2357 1381 2442 primum
1406 2377 1448 2420 ex
1472 2354 1621 2421 mendico
1644 2357 1677 2422 in
1700 2359 1866 2441 regem23

157 2464 311 2536 mutatus,
336 2457 538 2523 adflictarum
561 2459 686 2526 orditus
709 2483 780 2526 sum
804 2462 890 2526 mala
913 2461 1064 2525 deridere
1089 2467 1122 2524 et
1139 2460 1233 2544 quasi
1249 2458 1362 2524 debita
1376 2458 1455 2522 mihi
1472 2458 1589 2523 fuisset
1604 2461 1813 2547 prosperitas,

161 2562 208 2625 sic
231 2562 359 2626 illorum
383 2563 560 2648 neglegere
583 2571 760 2630 auctorem.
806 2586 871 2630 non
895 2571 1005 2629 tamen
1029 2563 1207 2650 perduellis
1231 2563 1358 2628 animus
1383 2568 1416 2627 et
1439 2560 1540 2627 durae
1570 2563 1706 2628 cervicis
1735 2584 1813 2628 con-

157 2665 248 2729 tinuo
272 2686 292 2730 a
315 2672 347 2729 te
372 2672 478 2729 tumor
501 2667 602 2731 elisus
626 2674 690 2732 est:
723 2668 907 2754 produxisti
929 2668 1061 2732 ultionis
1085 2675 1249 2753 tempora,
1272 2688 1314 2731 ne
1336 2665 1421 2730 forte
1445 2686 1673 2752 conpungerer
1695 2672 1729 2730 et
1750 2667 1811 2732 hoc

158 2777 297 2847 tantum,
330 2771 402 2855 quis
434 2777 523 2836 esset
552 2774 738 2859 praestitor,
773 2779 906 2838 sanatus
938 2774 1104 2838 sentirem.
1151 2771 1210 2836 sed
1240 2770 1317 2856 qnia
1345 2769 1441 2833 bomo
1472 2790 1536 2833 non
1569 2770 1742 2856 corrigitur
1771 2791 1813 2834 ex
1825 2771 1866 2832 24

157 2872 291 2952 iniusto,
321 2893 382 2937 neo
410 2874 506 2938 facile
535 2875 577 2940 ad
601 2876 773 2941 candidum
796 2883 870 2964 poet
893 2876 1038 2941 maculas
1063 2875 1197 2954 reditur,
1227 2874 1305 2938 steti
1328 2873 1362 2938 in
1386 2873 1549 2939 sententia
1572 2894 1647 2938 mea
1668 2873 1725 2938 illa
1748 2892 1813 2960 qua

159 2974 320 3056 caderem,
345 2977 407 3040 vici
431 2979 625 3064 patientiam
648 2987 737 3044 tuam
761 2980 1006 3045 continuatione
1030 2979 1167 3066 peccati.
1205 2985 1239 3043 et
1261 2978 1347 3062 quia,
1371 2997 1444 3041 cum
1466 2977 1511 3039 sis
1528 2976 1813 3055 clementissimus,

159 3099 225 3142 non
247 3101 378 3166 semper
400 3082 558 3158 iustitiam
583 3086 724 3170 seponis,
748 3084 889 3149 nudatus
913 3084 1078 3170 praesidio
1103 3089 1158 3148 tuo
1175 3103 1290 3146 vocem
1315 3079 1414 3160 illam,
1439 3101 1523 3166 quae
1547 3078 1673 3145 directa
1697 3085 1748 3145 est
1771 3079 1812 3143 ad

159 3202 255 3247 aures
285 3183 379 3270 primi
409 3187 570 3271 parentis,
601 3189 727 3273 accepi:
765 3187 897 3266 ‘Adam,
927 3186 984 3251 ubi
1007 3184 1075 3250 es'l
1111 3187 1143 3249 in
1173 3185 1362 3248 confusione
1391 3205 1465 3248 mea
1488 3189 1626 3269 quantos
1650 3174 1954 3278 amiserim25⁶g¹¹3ff

161 3287 354 3352 clementiae
378 3295 456 3354 tuae
479 3289 651 3355 thesauros
676 3297 709 3356 et
732 3313 797 3377 qua
820 3291 961 3356 nudatus
985 3292 1046 3355 sim
1071 3290 1146 3354 dote
1169 3290 1352 3354 numeravi:
1382 3307 1490 3353 rernm
1514 3310 1534 3352 a
1556 3294 1589 3352 te
1613 3289 1813 3352 conlatarnm

159 3391 344 3456 aestimatio
367 3399 444 3457 tunc
468 3414 626 3459 concessa
648 3402 708 3468 est,
732 3416 804 3458 oum
828 3394 906 3459 mihi
930 3393 1085 3480 perirent.
1124 3390 1205 3457 redii
1229 3391 1271 3456 ad
1294 3413 1346 3457 me
1363 3397 1461 3477 atque
1478 3392 1520 3456 ad
1536 3412 1708 3456 aerumnas
1724 3411 1814 3454 meas

161 3501 194 3560 et
221 3501 356 3580 propter
384 3495 505 3580 gaudia
533 3497 693 3583 producta
721 3498 899 3564 lacrimavi.
945 3499 1054 3562 statim
1078 3496 1142 3562 alio
1167 3494 1297 3582 quidem
1320 3496 1451 3576 itinere,
1480 3517 1543 3560 non
1567 3500 1677 3559 tamen
1700 3495 1814 3581 inpare

161 3598 352 3664 subvenisti.
399 3599 572 3678 ordinasti,
608 3609 645 3665 ut
674 3624 734 3689 per
763 3602 906 3666 officium
938 3602 1111 3665 levitarum
1145 3605 1277 3664 coactus
1309 3619 1443 3663 sanarer
1471 3606 1504 3663 et
1534 3598 1656 3684 inpacti
1682 3597 1815 3664 honoris

159 3702 289 3767 sarcina
311 3701 397 3788 quod
420 3704 593 3789 premebat
616 3727 635 3769 a
658 3727 710 3770 me
734 3704 862 3792 pondus
880 3710 1059 3768 amoveret.
1099 3702 1157 3768 sed
1174 3711 1349 3789 postquam
1365 3701 1574 3767 venerandae
1590 3724 1643 3767 me
1660 3723 1814 3788 pressura
1827 3701 1868 3763 26

159 3805 329 3892 dignitatis
353 3806 502 3884 absolvit,
525 3807 626 3874 habui
648 3808 690 3873 de
711 3809 806 3873 titulo
822 3809 966 3895 genium,
990 3828 1055 3873 non
1073 3808 1113 3873 de
1129 3806 1267 3871 actionis
1283 3806 1390 3869 nitore
1408 3807 1651 3872 conscientiam.
1688 3825 1815 3871 omens

158 3911 267 3996 rigore
290 3910 453 3976 inebriata
476 3913 624 3978 venefico
648 3935 710 3978 nec
734 3913 895 3999 exemplis
924 3914 1082 3977 instructa
1114 3933 1175 3976 nec
1205 3911 1351 3975 monitis!
1396 3912 1423 3974 si
1450 3909 1569 3976 desunt
1596 3910 1655 3975 tibi
1678 3929 1814 3974 venera·

161 4015 275 4080 bilium
305 4016 496 4100 magisteria
528 4017 700 4098 librorum,
730 4015 771 4080 ad
795 4017 978 4103 profectum
1002 4015 1177 4080 informare
1199 4015 1368 4100 suppliciis
1393 4022 1443 4096 et,
1473 4015 1537 4079 nisi
1560 4022 1592 4079 te
1616 4035 1718 4078 caeno
1740 4033 1815 4099 per-

162 4116 294 4183 ditionis
316 4119 485 4204 inmergis,
508 4120 631 4185 habere
654 4127 750 4207 potes
773 4118 814 4184 de
838 4140 946 4206 poena
969 4119 1161 4184 doctrinam.
1198 4118 1256 4184 sed
1281 4119 1362 4184 haec
1384 4119 1484 4183 faciat
1506 4119 1540 4182 in
1558 4117 1652 4182 nobie
1670 4117 1736 4195 ille,
1761 4115 1815 4200 qui

162 4223 337 4308 praecipit,
369 4229 401 4286 ct
424 4230 460 4287 ut
487 4245 584 4309 pares
613 4225 686 4289 eius
709 4225 890 4289 existamus
913 4224 1062 4310 inperiis,
1090 4223 1162 4309 ipse
1186 4223 1356 4288 nobiscum
1380 4222 1466 4309 quod
1487 4222 1627 4308 iniungit
1649 4227 1813 4308 operetur.

270 4325 364 4392 Haec
398 4334 431 4390 et
462 4328 527 4392 alia
558 4329 667 4414 plura,
703 4328 788 4393 sicut
817 4328 984 4413 praefatus
1016 4349 1103 4407 snm,
1138 4349 1198 4413 per
1231 4333 1351 4394 testem
1384 4326 1648 4412 probatissimum
1683 4326 1814 4391 beatum
1827 4319 1868 4380 27

163 4430 328 4498 Victorem
358 4431 540 4495 intimanda
569 4433 735 4518 suggessi,
768 4453 829 4498 nec
854 4432 984 4517 requies
1008 4452 1069 4496 neo
1093 4453 1184 4496 mora
1206 4430 1412 4516 procuranda
1433 4429 1584 4496 lentavit:
1620 4430 1814 4518 petitionem

266 4691 283 4744 2
301 4691 333 4760 ai]
352 4695 389 4745 sic
405 4693 445 4743 Va
559 4692 576 4744 3
594 4693 697 4745 dileetio
717 4693 772 4758 (alt.
791 4694 800 4743 i
817 4692 880 4758 del.)
892 4693 919 4743 Β
996 4709 1053 4744 meo
1072 4709 1128 4758 sup.
1142 4692 1188 4742 liu.
1201 4691 1226 4742 B
1303 4693 1484 4744 collationibus
1500 4691 1524 4741 V
1632 4689 1650 4743 4
1667 4691 1779 4760 populus
1791 4691 1817 4743 B
1883 4721 1887 4728 ‹

161 4781 300 4846 adtingerit
313 4779 346 4842 B,
363 4780 528 4847 attingercl'
620 4779 729 4832 tumis
747 4779 874 4832 necaroB
969 4777 1177 4844 lmswrumqus
1189 4777 1289 4828 arcisB
1350 4775 1553 4844 perrumperitB
1648 4775 1816 4830 SlocatusB

161 4867 295 4918 obsederet
308 4865 332 4916 Β
409 4868 525 4918 sedeoern
538 4866 564 4916 B
682 4863 716 4917 10
733 4867 866 4918 distitutus
876 4864 902 4917 Β
984 4873 1071 4932 posset
1087 4865 1179 4930 scripsi
1195 4881 1252 4915 cuns
1265 4863 1393 4928 Horatio,
1412 4864 1493 4930 possit
1510 4863 1570 4914 libri
1687 4860 1718 4914 11
1737 4861 1815 4940 sone]

162 4960 217 5004 orte
229 4951 255 5002 B
341 4961 368 5003 et
384 4953 521 5018 cognitus.
537 4992 541 5002 .
556 4953 688 5004 tolerarem
701 4952 735 5015 B,
753 4971 801 5004 cm.
815 4953 890 5004 osted
1013 4949 1045 5002 12
1062 4951 1180 5018 exemplo
1193 4950 1219 5000 Β
1300 4951 1445 5002 consuitsm
1457 4949 1483 5000 Β
1605 4947 1637 5000 13
1654 4952 1781 5017 respuerit
1791 4950 1817 5001 Β

164 5034 196 5088 14
218 5039 379 5090 matrimonio
391 5037 424 5101 B,
447 5039 637 5090 matrimonium
655 5040 731 5090 caari
836 5038 969 5105 paruolum
986 5036 1012 5087 B
1154 5035 1187 5088 15
1208 5037 1323 5089 uenirem
1341 5037 1440 5102 scripsi,
1465 5037 1554 5088 uenire
1566 5035 1600 5098 Β,
1625 5036 1725 5088 ueniret
1741 5037 1817 5088 aeteri

163 5121 195 5175 16
213 5127 333 5176 silueram
345 5124 371 5175 Β
497 5122 529 5175 19
547 5127 700 5177 afflictorum
716 5126 741 5175 V
861 5121 896 5174 20
913 5125 1044 5192 negligere
1055 5124 1081 5175 Β
1206 5120 1240 5174 22
1257 5120 1334 5188 esest]
1354 5123 1415 5174 isset
1426 5119 1512 5186 BVL,
1534 5122 1626 5173 luisset
1644 5122 1708 5173 oeni.
1721 5121 1817 5173 Horta

161 5212 298 5278 corrigitur
314 5211 342 5275 T,
364 5213 468 5280 corrigit
483 5211 559 5274 VLO,
581 5213 693 5279 corriget
704 5211 730 5262 Β
860 5208 895 5262 23
912 5210 1008 5264 iniusta
1025 5228 1058 5263 ne
1069 5211 1095 5262 Β
1190 5211 1289 5262 reditm
1301 5209 1435 5271 Dorubart,
1458 5209 1557 5261 caditur
1568 5207 1602 5272 Β,
1618 5209 1722 5260 sedetur
1733 5209 1817 5271 osted,

161 5297 286 5364 redigitur
298 5297 393 5350 Hormi
496 5299 580 5350 sends
592 5297 617 5349 Β
755 5294 789 5348 24
806 5297 918 5349 redirem
930 5296 956 5347 B
1096 5293 1131 5348 25
1149 5297 1251 5365 seponis
1264 5294 1297 5359 Β,
1320 5297 1422 5364 reponis
1433 5295 1511 5348 artai
1647 5291 1682 5345 26
1699 5301 1817 5362 pamulae

161 5383 243 5450 accipi
254 5383 281 5434 B
383 5391 495 5450 qruntns
511 5384 537 5435 Β
674 5381 709 5434 21
726 5391 863 5436 tenemus
879 5383 905 5434 Β
1007 5385 1056 5435 sim
1072 5382 1161 5448 Simu,
1183 5401 1241 5436 sum
1259 5384 1319 5435 libri
1423 5383 1486 5435 doos
1500 5381 1526 5433 Β
1629 5381 1781 5434 collatarum
1796 5380 1821 5429 V

161 5467 196 5519 28
218 5469 331 5535 perirent
352 5470 456 5535 sampsi,
481 5470 576 5536 periret
593 5470 665 5530 libri·
684 5471 751 5536 fort
771 5470 867 5536 periers
971 5485 1084 5521 ernnnas
1100 5468 1126 5520 Β
1263 5466 1300 5520 29
1322 5470 1426 5535 quidem
1448 5469 1500 5522 alio
1517 5467 1612 5520 Vm
1713 5467 1776 5519 itere
1791 5465 1818 5518 Β

160 5551 196 5607 30
217 5555 373 5608 leuoiternm
389 5553 415 5606 Β
547 5552 580 5606 31
603 5555 745 5622 preemibat
759 5554 785 5604 B
882 5555 1012 5608 amoberst
1027 5554 1053 5605 Β
1190 5552 1225 5606 32
1242 5555 1336 5608 babuit
1352 5562 1379 5607 st
1395 5556 1427 5608 da
1439 5554 1465 5605 Β
1599 5550 1635 5606 33
1651 5554 1779 5608 inebriata
1791 5551 1817 5603 B

161 5639 288 5708 uenalioo]
308 5643 426 5696 usnibico
438 5641 472 5708 Β,
496 5642 607 5694 uenitico
625 5642 701 5694 oeleri
827 5638 862 5694 35
880 5649 964 5709 potest
976 5641 1001 5692 Β
1122 5639 1157 5694 36
1175 5643 1303 5712 praecipat
1313 5640 1347 5704 Β,
1370 5641 1498 5709 praecepit
1510 5641 1524 5690 b
1645 5635 1679 5690 37
1698 5640 1761 5691 lraec
1778 5635 1815 5704 st]

161 5728 254 5784 aaut
265 5727 310 5781 aa
413 5725 449 5780 ee
464 5707 627 5800 ,maffia
638 5727 665 5781 e
