4508 6526
435 315 498 375 322
713 308 835 364 cnuxu
854 307 975 374 (CARM.
994 307 1020 370 2,
1038 309 1075 372 5),
1094 307 1230 362 CDLlllll
1249 306 1373 374 (EPlS'l'.
1391 309 1416 372 9,
1431 305 1479 375 34)
1498 307 1632 364 CDLXIV
1651 307 1754 374 (DlC'l‘.
1774 309 1811 374 6).

821 483 938 548 Purior
961 483 1124 550 aetherias
1147 482 1294 568 graderis
1319 484 1389 548 sine
1413 504 1720 572 carnepe1·,arces.

875 588 930 654 Sic
954 590 1053 653 vitam
1078 593 1189 653 castae
1213 588 1331 652 funera
1352 587 1534 668 nobilitant,

756 707 767 744 ⁵
828 693 934 774 Quod,
956 695 1084 774 mirum,
1108 694 1243 759 viduata
1265 693 1326 758 tibi
1350 714 1423 758 cum
1447 692 1592 758 constitit
1615 700 1716 772 actas,

875 796 1033 887 Coniugis
1056 797 1098 864 ad
1122 804 1235 865 natum
1258 799 1300 864 sit
1323 798 1408 864 bene
1432 797 1548 864 ductus
1571 818 1670 865 amor.

1032 1091 1216 1161 cunum
1239 1093 1350 1180 (sauss.
1368 1097 1398 1176 9,
1415 1093 1482 1180 34).

1030 1271 1267 1346 ENNODIVS
1299 1271 1491 1347 AVIENO.

403 1411 416 1471 ¹
552 1400 624 1496 Vbi
657 1437 734 1498 sunt
766 1431 820 1517 qui
855 1431 969 1496 dicunt
1002 1433 1088 1497 inter
1126 1432 1329 1498 habitatione
1369 1432 1529 1497 discretos
1565 1431 1769 1519 diligentiam
1804 1454 1870 1498 non
1905 1432 2032 1496 durare
2068 1436 2102 1495 ot

432 1535 616 1601 affectionis
645 1537 787 1602 calorem
818 1542 979 1601 terrarum
1011 1536 1170 1602 divisione
1199 1543 1369 1623 tepescere
1393 1559 1455 1602 nec
1478 1538 1609 1622 longius
1633 1538 1812 1624 procedere
1836 1543 1972 1601 mentes
1997 1557 2099 1622 posse

432 1661 528 1726 quam
558 1641 689 1705 oculos?
735 1662 813 1706 ecce
842 1641 963 1704 aruoris
992 1643 1057 1705 mei
1086 1640 1255 1727 plenitudo
1279 1641 1436 1705 violentia
1460 1643 1729 1728 sequestrationis
1752 1647 1932 1707 exaestuat
1956 1647 1992 1706 ct
2017 1661 2097 1706 eon·

401 1736 533 1829 troquii
562 1745 726 1810 medicina
753 1744 937 1830 languidior
966 1745 1109 1832 corporis
1133 1743 1267 1808 sedibus
1292 1765 1357 1809 non
1381 1751 1520 1810 tenetur.
1566 1745 1664 1809 deum
1688 1752 1810 1824 tamen,
1842 1744 1899 1829 qui
1925 1729 2017 1807 circa
2041 1763 2099 1806 vos

430 1849 578 1934 respexit
601 1855 678 1914 vota
700 1855 821 1928 nostra,
849 1849 1018 1924 benedico,
1048 1849 1101 1933 qui
1125 1868 1183 1912 vos
1207 1869 1272 1913 nou
1297 1848 1403 1912 solum
1427 1848 1539 1930 nobili,
1569 1847 1638 1928 sed,
1662 1855 1817 1934 quantum
1841 1849 1931 1912 lama
1955 1847 2098 1926 nuntiat,

432 1959 546 2016 sancta
577 1950 720 2016 moribus
749 1973 852 2017 uxore
883 1952 1025 2017 donavit.
1078 1953 1219 2016 cultores
1247 1951 1370 2016 Christi
1405 1952 1552 2039 perfecta
1586 1954 1695 2017 omnia
1727 1959 1975 2038 promerentur:
2014 1951 2097 2036 ipsis

431 2057 509 2122 solis
540 2057 573 2120 in
607 2057 834 2121 coniunctione
868 2079 966 2143 opum
1000 2056 1158 2122 mentium
1187 2063 1220 2120 ct
1249 2057 1416 2141 sanguinis
1448 2055 1579 2120 claritas
1610 2079 1675 2121 non
1705 2063 1855 2142 negatur.
1902 2077 1962 2142 spe
1997 2076 2096 2141 prae·

432 2160 610 2245 oipiebam‚
641 2159 725 2246 quod
754 2161 860 2248 possit
889 2161 965 2224 talis
992 2159 1092 2240 effici,
1125 2160 1255 2244 qualem
1278 2159 1321 2224 ad
1344 2167 1375 2224 te
1400 2158 1496 2224 audio
1521 2159 1586 2224 iam
1609 2161 1749 2224 venisse.
1794 2159 1911 2223 transit
1935 2159 2096 2224 aestima-

432 2265 554 2329 tionem
578 2285 685 2328 meam
708 2265 786 2349 quid
807 2264 848 2328 de
872 2266 943 2330 eius
968 2265 1108 2330 hominis
1126 2265 1276 2350 profectu
1293 2265 1442 2342 sentiam,
1467 2285 1562 2349 quem
1579 2263 1676 2328 audio
1695 2264 1736 2328 ab
1754 2263 1884 2350 optimis
1904 2262 2095 2328 inchoasse.

399 2366 561 2433 3domiue
584 2369 638 2448 mi,
668 2368 808 2453 gratiam
837 2369 1042 2433 salutationis
1065 2369 1244 2454 inpertiens
1269 2390 1374 2454 spero,
1407 2376 1443 2433 ut
1466 2369 1659 2454 petitionem
1684 2369 1789 2433 sancti
1813 2368 1964 2453 episcopi
1989 2368 2096 2453 patris

432 2471 532 2536 vestri
558 2470 739 2558 dignemini
767 2472 996 2537 incunctanter
1024 2473 1155 2538 allicere
1181 2480 1215 2537 et
1238 2472 1360 2537 homini
1383 2473 1484 2559 ipsius
1508 2472 1638 2536 classici
1661 2472 1767 2546 illum,
1789 2471 1839 2536 de
1863 2491 1929 2558 quo
1954 2492 2096 2536 securus

432 2594 514 2656 sum,
539 2575 666 2662 gratiae
690 2574 833 2640 animum
858 2575 1056 2643 condonare.

1086 2829 1258 2900 ouuxlv
1283 2831 1376 2916 (uror.
1393 2831 1438 2914 6).

1012 3013 1060 3086 ΙΝ
1088 3009 1284 3085 CHRISTI
1311 3009 1503 3086 NOMINE.

403 3160 415 3219 l
552 3142 593 3232 Ρ
588 3193 623 3235 rc
648 3171 774 3236 rationo
800 3170 991 3236 solvendum
1004 3141 1077 3251 est,
1102 3169 1187 3256 quod
1206 3191 1264 3255 pro
1282 3171 1406 3235 ratione
1425 3171 1595 3237 tacuimus.
1633 3193 1707 3236 nam
1723 3179 1759 3235 ut
1776 3177 1889 3257 pateat
1905 3177 1940 3236 ct
1957 3172 2096 3258 liuguae

429 3282 559 3340 nostrae
586 3275 694 3340 officia
722 3281 756 3340 et
785 3275 951 3339 silentium
986 3275 1143 3340 ordinatis
1175 3274 1317 3338 servisse
1353 3274 1567 3360 temporibus,
1601 3274 1665 3339 lide
1697 3275 1847 3340 hortante
1880 3275 1915 3338 in
1950 3273 2097 3339 officium

429 3379 588 3445 sermonis
617 3380 829 3465 erumpimus.
875 3378 962 3444 idem
992 3379 1078 3443 enim
1104 3386 1154 3443 est
1179 3399 1381 3463 supervacue
1410 3379 1496 3463 loqui
1526 3379 1613 3464 quod
1635 3379 1820 3444 necessarie
1844 3400 1909 3443 uon
1934 3379 2096 3448 locutum.

275 3463 563 3559 bgisstisslssgdicente
588 3484 749 3568 apostolo:
781 3486 851 3547 ‘vac
877 3484 962 3547 enim
987 3482 1066 3547 mihi
1090 3488 1151 3560 est,
1181 3482 1243 3545 nisi
1267 3481 1560 3565 evangelizavero’,
1590 3491 1623 3548 et
1646 3482 1738 3547 alibi:
1772 3487 1913 3568 ‘tempus
1938 3481 2097 3549 tacendi’.

327 3572 377 3618 ³¹⁷·
400 3591 492 3652 2nos
515 3586 706 3673 praecipue,
731 3607 811 3671 quos
835 3585 974 3671 praelati
998 3587 1118 3651 ceteris
1143 3585 1289 3650 hortatur
1313 3585 1440 3671 pondus
1457 3587 1615 3672 obsequii,
1638 3588 1808 3652 decet-aut
1823 3587 1912 3651 bona
1927 3587 2094 3652 facientes

432 3691 562 3758 elevare
592 3696 649 3756 aut
675 3691 763 3757 mala
791 3689 1005 3777 conprimere.
1057 3697 1091 3754 et
1121 3689 1253 3774 quidem
1281 3710 1339 3753 vos
1370 3687 1488 3755 docere
1518 3712 1583 3755 non
1613 3691 1701 3756 aliud
1731 3696 1782 3755 est
1811 3711 1908 3776 quam
1940 3691 2095 3756 stimulos

432 3793 617 3860 admovisse
655 3793 878 3867 currentibus;
916 3815 991 3857 nam
1026 3793 1111 3879 quod
1146 3815 1188 3857 ex
1222 3794 1390 3880 proposito
1425 3793 1545 3875 facitis,
1580 3795 1712 3882 superbi
1747 3817 1873 3874 sumus,
1909 3795 1937 3859 si
1972 3796 2095 3860 nostris

402 3893 621 3964 3dcbendum
645 3897 809 3964 credimus
833 3898 1000 3962 institutis.
1048 3897 1105 3963 scd
1128 3898 1183 3983 qui
1206 3898 1291 3962 bona
1314 3897 1421 3962 studia
1445 3899 1563 3985 probat
1585 3899 1773 3984 amplificat.
1813 3906 1879 3964 stat
1902 3899 1992 3985 apud
2016 3920 2095 3962 con-

433 4002 589 4068 scientias
625 4009 769 4082 vestras,
814 4007 935 4087 quanta
967 4002 1141 4067 Nestorius
1174 4007 1207 4066 et
1238 4000 1424 4087 Eutyches,
1463 4003 1593 4087 gemina
1629 4002 1809 4068 diabolicae
1850 4002 2095 4068 informationis

433 4112 578 4188 ostenta,
613 4107 669 4171 diu
701 4113 826 4172 castam
861 4108 1074 4172 ecclesiarum
1110 4105 1316 4171 orientalium
1348 4105 1553 4193 disciplinam
1587 4107 1742 4193 perfidiae
1773 4107 1989 4172 fornicatione
2022 4127 2093 4170 cor-

300 4197 411 4302 nfflgfl
435 4211 598 4297 ruperint,
629 4211 684 4296 qui
706 4211 799 4275 iuxta
823 4212 1019 4275 sententiam
1042 4210 1183 4297 apostoli
1206 4209 1427 4276 ‘dilectionem
1452 4211 1597 4275 veritatis
1621 4233 1685 4276 non
1710 4219 1917 4298 receperunt,
1949 4217 1985 4274 ut
2010 4211 2095 4275 salsi
2144 4229 2156 4267 r

432 4314 561 4394 fierent,
589 4320 624 4377 et
647 4311 721 4378 ideo
743 4313 831 4377 misit
854 4313 919 4376 illis
943 4313 1025 4378 deus
1049 4313 1275 4399 operationem
1299 4313 1428 4393 erroris,
1456 4320 1492 4377 ut
1515 4313 1687 4379 crederent
1708 4315 1901 4396 mendacio',
1930 4315 2010 4378 dum
2035 4333 2094 4400 per

409 4603 414 4614 .
533 4558 557 4592 v.
576 4538 593 4592 3
610 4538 785 4592 actbcrcasV
855 4557 931 4592 carue
948 4558 1005 4606 sup.
1023 4541 1106 4592 aas
1215 4538 1276 4590 v.4
1298 4539 1344 4606 sio]
1364 4557 1423 4592 nam
1438 4542 1494 4591 Alc.
1608 4559 1633 4592 v.
1652 4540 1668 4592 b
1686 4513 1747 4608 quid
1765 4541 1853 4593 Schctt
1928 4561 1988 4594 cunr
2007 4545 2094 4609 recepi

428 4643 460 4678 cco
477 4643 553 4678 ocrea
564 4632 587 4690 6,
604 4627 639 4678 sit
651 4626 756 4690 cadmea,
773 4631 813 4678 sat
827 4625 883 4677 Alc.
896 4636 919 4677 et
932 4625 1019 4690 Sir-m,
1037 4629 1086 4679 sib
1155 4626 1312 4679 constitotB
1417 4625 1471 4678 ab
1489 4629 1522 4679 sit
1539 4629 1797 4692 mrctovieaeccrsu5,
1814 4647 1875 4681 oum
1893 4629 1962 4695 (com
1975 4629 2012 4694 B)
2034 4631 2095 4682 libri

534 4726 687 4796 [CDLXlll]
723 4728 740 4782 3
756 4734 880 4799 tepisccre
893 4730 919 4780 B
977 4732 1107 4797 procidere
1122 4730 1145 4781 B
1236 4729 1252 4782 4
1271 4731 1393 4798 colloquii
1410 4731 1433 4780 V
1520 4729 1537 4782 8
1555 4749 1600 4799 spe
1613 4733 1717 4797 Horret,
1734 4735 1788 4799 ipsc
1800 4731 1861 4784 libn'
1954 4731 1971 4783 9
1989 4735 2058 4786 tales
2069 4735 2095 4785 B

430 4815 464 4868 10
480 4817 597 4869 incoasse
609 4817 635 4867 B
756 4816 788 4869 11
806 4816 850 4884 mi]
870 4818 934 4869 mihi
945 4816 1052 4868 BVL'I'
1126 4835 1199 4885 sparo
1219 4817 1242 4882 (s
1259 4835 1330 4869 oran.
1343 4815 1370 4882 2)
1383 4817 1409 4868 B
1530 4817 1562 4870 12
1580 4821 1717 4886 digniminl
1729 4821 1754 4871 B
1877 4818 1909 4870 13
1927 4821 2033 4887 gratiae
2046 4820 2095 4884 Bb,

427 4910 501 4970 grate
519 4904 595 4956 oceri
2025 4915 2028 4920 “

532 5005 683 5075 [CDLXIV]
721 5007 755 5060 14
772 5010 799 5060 in
818 4989 862 5077 {pl
874 5009 977 5060 nomine
990 5006 1018 5069 (ir
1029 5005 1064 5070 B)
1077 5005 1163 5072 BVL,
1180 5009 1257 5059 dictio
1269 5009 1301 5060 de
1312 5010 1448 5062 haereticis
1460 5019 1485 5062 at
1497 5013 1595 5078 synodo
1608 5013 1684 5062 iocor.
1697 5010 1773 5062 Sim.
1873 5005 1906 5058 15
1925 5006 2094 5074 solvendum}

428 5109 464 5142 arr
482 5095 656 5160 loquendum?
763 5093 795 5145 18
812 5096 912 5147 dicante
931 5095 999 5145 anim
1016 5094 1130 5160 apostolo
1148 5111 1197 5146 uae
1215 5095 1277 5146 mihi
1295 5094 1401 5147 VLTm
1466 5098 1515 5148 uisi
1527 5097 1560 5160 B,
1578 5099 1599 5149 si
1618 5115 1669 5148 uon
1682 5097 1757 5148 ceteri
1859 5093 1893 5145 ‘dl
1912 5093 2058 5149 adrfcruissc
2071 5097 2097 5147 B

428 5177 600 5247 sumentibus]
619 5181 762 5232 calcaribus
777 5181 835 5232 OPb
904 5181 1032 5248 preposito
1051 5181 1183 5232 laestcsB
1292 5180 1326 5232 22
1344 5183 1484 5249 amplificat
1502 5183 1600 5247 (t'esc)
1613 5183 1638 5232 B
1747 5179 1781 5232 ‘23
1799 5183 1910 5234 euthicis
1923 5183 1958 5248 B,
1976 5185 2097 5236 euthices

428 5267 503 5318 ceteri
606 5265 641 5318 25
658 5267 766 5334 apostoli
785 5269 937 5320 senteutiam
952 5267 1030 5318 Siras.
1101 5269 1248 5334 reciperunt
1261 5268 1285 5317 B

534 5455 567 5508 15
586 5455 741 5525 Syrnmochi
754 5472 844 5524 papae
861 5455 973 5524 malado
991 5454 1028 5508 ad
1045 5455 1182 5509 orhrdalcs
1199 5455 1263 5509 clota
1280 5456 1357 5510 VIH
1367 5456 1407 5510 Id.
1422 5455 1509 5510 Octob.
1522 5475 1546 5510 a.
1559 5465 1605 5511 512
1617 5459 1708 5522 (Thin
1719 5459 1788 5526 qast
1804 5459 1902 5526 mis.
1915 5477 1945 5528 p.
1962 5465 2020 5528 717)
2038 5465 2055 5528 §
2069 5472 2097 5517 1:

427 5539 522 5596 nullus
546 5543 659 5610 stupeat
679 5544 821 5597 serratum
846 5543 981 5596 hactenus
1000 5558 1049 5595 nos
1068 5558 1142 5596 nunc
1160 5542 1272 5598 solvisse
1291 5543 1446 5609 silentium,
1471 5561 1533 5598 cum
1552 5543 1762 5614 prudentissimi
1781 5543 1941 5600 Salomonis
1961 5546 2020 5603 ista
2039 5566 2095 5604 vox

427 5629 559 5698 personet
577 5629 696 5699 ‘tempus
714 5627 848 5699 loquendi
866 5630 896 5682 et
914 5630 1026 5698 tempus
1045 5628 1172 5683 tucendi'.
