4566 6532
656 405 742 464 eom
761 404 884 478 (aaran.
902 409 927 474 a,
945 407 991 476 aa)
1009 438 1042 449 -
1061 406 1146 464 cnm
1165 407 1288 477 (narsr.
1305 409 1330 474 a,
1348 407 1402 476 aa).
1789 411 1851 475 285

200 577 331 644 devotio
356 577 419 645 deo
442 586 552 646 nostro
574 580 653 646 facit
675 581 845 667 adoeptos,
878 583 1047 648 meliorem
1076 604 1129 648 me
1157 603 1231 647 esse
1266 582 1331 646 iam
1355 582 1475 660 sentio,
1506 581 1697 648 desiderans
1720 583 1851 649 bonori-

200 683 333 748 ficentia
355 683 560 750 salutationis
582 685 724 770 inpensa
738 703 835 770 quam
851 685 936 752 bene
952 688 1091 753 valeatis
1112 706 1302 773 agnoscere,
1325 687 1401 771 quia
1423 691 1498 772 post
1520 692 1687 772 receptam
1711 689 1851 752 salutem

200 788 332 851 unicum
356 793 407 851 est
431 787 588 853 solacium
612 787 699 852 bono
722 795 853 855 vestrae
876 790 1103 876 prosperitatis
1126 789 1251 856 adtolli.

840 1044 949 1114 cmv
972 1047 1082 1135 (urrsr.
1098 1050 1129 1126 8,
1146 1045 1213 1132 27).

754 1223 992 1299 ENNODIVS
1019 1224 1298 1299 BARBARAE.

310 1334 483 1445 Quamvis
517 1365 623 1430 adhuc
659 1366 755 1456 inter
777 1373 925 1431 extrema
954 1366 1014 1430 sim
1043 1367 1170 1452 positus
1201 1372 1234 1431 et
1264 1387 1323 1452 pro
1352 1371 1563 1451 peccatorum
1590 1386 1735 1431 meorum
1766 1366 1881 1432 molet

199 1467 309 1533 domni
331 1471 396 1534 mei
418 1468 590 1548 beneficia,
614 1468 690 1534 dum
707 1489 836 1535 mereor
854 1468 888 1531 in
906 1469 1039 1553 longum
1056 1469 1192 1548 conteri,
1216 1490 1281 1532 nou
1299 1474 1487 1554 sequantur,
1511 1469 1719 1533 reverentiae
1742 1474 1852 1535 tammr

197 1578 327 1637 vestrae
362 1579 396 1637 et
429 1573 593 1658 obsequiis
626 1572 711 1658 quod
745 1572 845 1638 debet
884 1570 1031 1658 pendens
1065 1572 1174 1636 anima
1208 1593 1273 1636 non
1308 1571 1426 1635 omisit.
1480 1592 1586 1658 paene
1621 1572 1686 1635 iam
1714 1577 1851 1636 vocatur

199 1673 241 1738 ad
263 1674 420 1740 iudicium
444 1683 477 1740 et
499 1674 606 1740 adhuc
629 1676 766 1762 suspicit
788 1675 822 1739 in
849 1674 911 1739 bac
938 1675 1012 1739 luce
1036 1695 1117 1760 quos
1141 1675 1252 1740 coluit.
1297 1695 1394 1761 quam
1417 1696 1496 1739 vera
1518 1679 1570 1738 est
1593 1674 1649 1738 illa
1672 1675 1848 1756 sententia,

200 1777 287 1864 quod
310 1786 441 1843 sanctus
465 1779 602 1844 affectus
626 1799 687 1843 nec
710 1784 814 1843 morte
838 1782 968 1864 pereat!
1006 1798 1095 1864 ergo,
1119 1777 1251 1842 domina
1268 1799 1353 1852 mea,
1377 1777 1519 1842 servitiis
1535 1799 1593 1842 vos
1610 1777 1741 1842 debitae
1759 1779 1883 1846 salu-2

200 1882 332 1945 tationis
361 1901 564 1967 prosequens
595 1902 690 1966 rogo,
724 1888 761 1946 ut
791 1881 910 1967 agnitis
940 1901 1024 1967 quae
1055 1881 1144 1945 eirca
1173 1902 1225 1944 rne
1254 1886 1421 1966 geruntur,
1450 1902 1509 1967 pro
1533 1881 1589 1945 illo
1614 1900 1677 1966 quo
1701 1880 1849 1945 omnibus

204 1984 354 2049 eminetis
381 1991 416 2048 et
446 1985 613 2069 sanguinis
639 1987 747 2050 nitore
773 1991 808 2050 et
830 1983 1086 2049 conversationis
1110 1983 1225 2064 radiis,
1257 1982 1376 2048 domno
1398 2003 1471 2048 meo
1494 1984 1644 2070 apostolo
1667 1989 1701 2049 et
1725 1984 1844 2050 ceteris

200 2087 271 2150 eius
293 2086 450 2152 fratribus
473 2087 677 2174 subplicatio,
700 2094 736 2152 ut
758 2107 817 2173 per
840 2107 898 2152 eos
921 2093 1060 2152 exorata
1075 2087 1128 2152 dei
1152 2088 1300 2172 potentia
1320 2087 1514 2152 clementiae
1532 2107 1621 2168 suae,
1645 2108 1730 2172 quae
1753 2085 1847 2151 tarda

198 2210 272 2254 esse
296 2211 359 2254 non
382 2192 477 2273 solet,
499 2191 662 2257 beneficia
684 2213 748 2257 non
772 2191 926 2256 refrenet.

849 2447 936 2516 GDV
959 2447 1068 2530 (uersu.
1086 2449 1116 2527 8,
1134 2447 1201 2531 28).

806 2625 1044 2700 ENNODIVS
1072 2624 1244 2699 ΒΕΑΤΟ.

307 2736 396 2847 Qua
410 2767 490 2832 mibi
507 2769 749 2852 vicissitudinis,
773 2793 837 2858 qua
854 2771 1085 2858 obsequiorum
1102 2771 1400 2857 compensabitur,
1419 2771 1506 2856 quod
1522 2777 1554 2835 te
1572 2777 1606 2835 ct
1623 2770 1849 2854 frequentibus
1864 2779 1878 2837 l

196 2870 323 2958 paginis
355 2871 502 2957 alloquor
533 2878 566 2936 et
596 2873 704 2938 officio
735 2877 893 2941 sermonis
916 2877 963 2940 tui
987 2876 1020 2940 in
1044 2875 1151 2940 lucem
1175 2875 1266 2939 exire
1295 2874 1460 2961 publicam
1490 2894 1555 2937 non
1584 2872 1751 2938 detestor?
1786 2895 1850 2938 uon

196 2994 248 3040 me
278 2980 371 3040 aetas
399 2981 470 3058 tua,
506 2996 571 3040 non
598 2977 731 3063 ingenio
762 2999 836 3044 meo
867 2985 978 3066 potest
1007 2999 1162 3042 revocare
1191 2999 1250 3063 par
1278 2977 1426 3042 formula.
1484 2976 1571 3062 eligo
1603 2974 1754 3062 benignis
1776 2977 1851 3064 plus

196 3077 330 3144 credere
354 3100 451 3166 quam
481 3081 610 3167 peritis,
641 3089 678 3146 ut
707 3083 795 3148 bona
823 3083 957 3170 originis
981 3082 1163 3148 anteferam
1187 3081 1312 3148 studiis.
1358 3082 1444 3168 quod
1467 3079 1572 3145 fidelis
1596 3101 1647 3160 es,
1677 3079 1778 3144 divini
1801 3087 1852 3146 est

196 3183 340 3246 muneris
363 3183 397 3246 in
420 3189 551 3249 natura:
576 3185 715 3252 eruditio
739 3208 799 3274 per
821 3186 917 3252 deum
941 3187 1053 3250 veniet
1076 3207 1128 3249 res
1153 3184 1309 3252 secunda.
1354 3206 1492 3250 necesse
1517 3190 1578 3262 est,
1601 3189 1638 3247 ut
1661 3190 1766 3248 totum
1788 3184 1882 3250 tibia
1943 3271 1945 3276 Ι

198 3306 291 3351 amor
313 3285 512 3373 integritatis
536 3289 693 3356 exhibeat
716 3292 893 3378 primarum
916 3290 1055 3377 partium
1079 3290 1221 3375 insignia
1244 3289 1309 3353 iam
1333 3287 1468 3352 tenenti.
1511 3308 1589 3372 ergo
1613 3287 1735 3352 honore
1760 3288 1849 3352 salu-

194 3389 326 3454 tationis
350 3389 489 3478 adeepto
521 3393 651 3458 noveris
681 3415 733 3460 me
763 3395 857 3458 iuxta
885 3395 1078 3480 petitionem
1102 3399 1244 3458 vestram
1272 3392 1447 3479 epistolam
1471 3390 1595 3456 advos
1619 3390 1851 3456 admonitionis

195 3495 343 3578 quamvis
373 3495 434 3560 sub
462 3496 673 3563 festinatione
702 3497 861 3579 dictasse,
894 3519 991 3584 quam
1021 3496 1063 3562 ad
1092 3496 1246 3561 domnum
1275 3495 1446 3582 patricium
1471 3494 1705 3580 Symmachum
1728 3491 1849 3559 idcireo

195 3594 337 3681 dirigere
366 3601 557 3684 procuravi,
587 3607 624 3665 ut
655 3599 741 3687 quod
772 3602 805 3666 in
836 3623 878 3667 ea
906 3600 1136 3667 emendatione
1164 3599 1298 3686 dignum
1321 3604 1373 3663 est
1396 3599 1587 3683 corrigatur.
1633 3597 1692 3662 sed
1715 3605 1851 3684 propter

196 3699 442 3786 subreptionem
466 3704 698 3790 neglegentiae
722 3710 755 3769 te
779 3724 906 3789 quoque
925 3704 995 3769 eius
1013 3704 1260 3790 exemplaribus
1277 3702 1458 3768 informavi.
1492 3722 1556 3787 qua
1578 3700 1619 3767 de
1644 3724 1679 3768 re
1703 3708 1739 3766 tu
1762 3700 1880 3788 apud3

149 3869 152 3878 ,
196 3809 230 3868 te
253 3809 325 3868 esto
350 3809 383 3868 et
407 3825 487 3870 cave
510 3827 551 3872 ne
576 3806 635 3872 tibi
658 3807 699 3872 ad
723 3813 755 3872 te
779 3808 908 3894 perlata
938 3807 1130 3873 manifestes
1160 3805 1386 3892 conprehensa
1415 3806 1564 3893 superius
1588 3804 1849 3870 eminentissimo

196 3906 274 3988 viro,
299 3927 359 3971 een
384 3928 452 3973 rem
475 3931 593 3975 noram
616 3911 802 3997 postulans,
826 3913 902 3997 quia
926 3912 953 3976 si
978 3911 1049 3976 eius
1073 3931 1145 3975 eam
1169 3911 1361 3996 magisterio
1384 3910 1552 3997 placuisse
1575 3909 1785 3994 cognoveris,
1808 3906 1850 3972 ad

195 4010 344 4074 notitiam
368 4011 513 4096 perferre
537 4034 650 4079 eorum
673 4013 728 4099 qui
742 4015 885 4100 „sapiunt
906 4035 971 4079 non
993 4013 1137 4079 timebis.

833 4270 943 4339 orm
966 4271 1077 4358 (aaran.
1093 4275 1124 4355 8,
1140 4273 1206 4360 29).

804 4449 1016 4526 ENNODIV
1017 4453 1043 4524 S
1070 4450 1241 4525 ΒΕΑΤΟ.

303 4557 392 4654 Non
415 4590 496 4656 mihi
519 4597 596 4656 tuus
619 4613 712 4657 error
734 4593 849 4659 inlusit
871 4614 933 4659 uec
956 4599 1144 4658 retroversa
1167 4591 1299 4679 decepit
1321 4591 1475 4656 adfectio.
1511 4596 1546 4655 tu
1568 4589 1687 4655 aetatis
1710 4594 1876 4655 naturast

187 4695 354 4779 propositi
378 4693 527 4760 ordinem
550 4696 732 4778 custodisti,
757 4718 819 4784 ego
843 4695 965 4783 deliqui
988 4697 1086 4762 aliter
1107 4696 1148 4762 de
1171 4703 1205 4762 te
1229 4717 1325 4783 quam
1348 4695 1509 4783 poscebat
1523 4694 1645 4760 veritas
1663 4694 1847 4760 iudicando.

298 4901 676 4972 ladcsptusB,secsptosV
742 4903 1010 4973 masare]meassB
1112 4902 1351 4973 fagnoscorsrnB
1454 4901 1613 4957 dattolliV

295 5004 401 5076 [CDlV]
436 5007 593 5075 bquarnui·
612 5008 690 5074 (eros.
707 5010 735 5076 x)
752 5011 778 5062 Β
871 5028 988 5064 mserum
1009 5011 1050 5062 cla
1066 5009 1093 5060 B
1225 5009 1242 5062 6
1264 5009 1351 5061 domni
1367 5007 1475 5072 Hortal,
1502 5008 1598 5060 eiomni
1612 5005 1650 5070 B,
1673 5007 1756 5058 somni
1773 5005 1849 5058 aava·

191 5089 207 5143 ‘l
225 5100 253 5146 et
269 5093 320 5146 dcl.
332 5094 390 5146 adit.
482 5095 588 5148 debitB
712 5096 730 5148 8
747 5099 861 5166 suspicet
873 5097 899 5148 Β
1024 5094 1041 5147 9
1059 5097 1152 5148 domna
1164 5095 1243 5148 Siras.
1373 5092 1407 5145 12
1424 5094 1575 5161 supplicetis
1590 5091 1615 5142 V
1702 5088 1756 5158 eos]
1774 5093 1849 5145 ucat

192 5177 226 5230 13
243 5181 317 5232 solati
330 5179 356 5230 B
425 5182 530 5233 refronit
541 5181 567 5232 B

295 5279 386 5350 [CDV]
414 5282 447 5335 15
465 5285 658 5338 uiosuitndinis
669 5285 696 5336 B
751 5287 914 5354 osequicrum
926 5286 952 5337 Β
1009 5295 1035 5338 te
1052 5287 1079 5338 in
1093 5288 1156 5352 freq.
1169 5286 1236 5350 ort,
1253 5293 1279 5337 ts
1291 5293 1317 5337 et
1328 5285 1356 5337 in
1369 5287 1431 5350 freq.
1445 5283 1524 5336 mm.
1616 5278 1649 5333 17
1667 5283 1749 5349 impar
1759 5280 1848 5331 malim

190 5369 225 5436 cs·
237 5385 267 5434 Ρ·
279 5371 337 5432 259,
349 5372 381 5419 26
483 5369 516 5423 18
533 5373 646 5439 origenis
658 5371 684 5422 Β
750 5375 890 5425 anteferam
902 5373 1002 5440 scripsi,
1018 5375 1162 5424 anteferant
1173 5373 1242 5436 libri,
1259 5373 1435 5423 anteferuntur
1451 5367 1493 5420 T²
1595 5365 1631 5419 20
1648 5369 1744 5420 honore
1761 5384 1810 5418 om.
1824 5365 1849 5417 Β

190 5451 222 5505 21
246 5457 353 5524 adcepto
375 5457 488 5527 noveris]
514 5459 666 5526 adecptione
686 5459 756 5512 ueris
771 5458 816 5509 ΒΦΙ
958 5457 993 5510 22
1016 5458 1066 5512 sub
1090 5453 1263 5522 festinatione]
1292 5457 1496 5509 sudastinatione
1514 5454 1539 5506 Β
1681 5450 1717 5504 23
1737 5451 1846 5521 dirsgol

190 5545 327 5610 prorogant
342 5543 368 5594 Β
487 5541 522 5596 24
546 5547 691 5612 quoqueius
707 5545 733 5596 B
852 5545 887 5599 ab
904 5548 950 5599 tibi
974 5545 1112 5599 murm
1135 5553 1180 5595 orit
1201 5544 1425 5612 transferendam:
1447 5558 1510 5595 ears
1528 5543 1574 5594 tibi
1592 5557 1626 5593 ne
1711 5541 1809 5608 perlata
1823 5540 1850 5592 B

189 5630 436 5698 (reiteremplaria),
448 5631 656 5700 perlatamceteri
704 5633 881 5688 manifestisB
928 5630 1163 5686 ammantissimoB
1244 5627 1278 5681 27
1288 5633 1400 5698 perferre
1409 5646 1498 5682 eorum
1509 5627 1542 5691 B,
1554 5643 1642 5679 sorum
1652 5627 1849 5695 perterrendos-i

293 5719 397 5806 [tarr]
431 5731 466 5786 aa
483 5733 626 5788 sroeoov
725 5737 761 5792 eo
777 5757 839 5808 ergo
856 5740 947 5808 rrrrqur
959 5738 986 5790 Β
