4596 6450
503 405 588 461 CXIII
608 404 730 472 (EPIS'I'.
749 406 774 466 4,
793 407 829 470 b),
849 403 949 459 CXXII
969 404 1091 471 (EPIST.
1110 407 1136 466 4,
1154 405 1190 471 t),
1210 403 1325 460 CXXIII
1344 405 1477 472 (OPUSC.
1499 407 1534 473 8).

845 659 962 729 cxxl
985 660 1095 746 (arrsr.
1112 667 1141 740 4,
1159 661 1204 746 5).

793 857 982 931 FAVSTO
1009 856 1260 931 ENNODIVS.

315 999 481 1096 Sublimis
504 1032 554 1094 vir
576 1031 775 1108 Dalmatius,
804 1033 933 1096 animae
956 1053 1050 1096 meae
1075 1033 1179 1118 portio
1203 1053 1268 1096 non
1293 1031 1463 1098 defrudata
1493 1034 1552 1099 sed
1583 1034 1704 1116 solida,
1735 1037 1786 1100 cui
1810 1034 1879 1100 adl

194 1135 454 1221 praerogativam
479 1135 648 1220 sanguinis
674 1157 800 1200 morum
825 1136 981 1222 splendor
1003 1137 1156 1208 accessit,
1182 1137 1243 1200 hoc
1266 1138 1398 1220 negotio
1422 1158 1480 1201 suo
1505 1137 1643 1202 credidit
1666 1140 1853 1220 convenire,

197 1237 223 1301 si
248 1238 328 1302 meis
351 1237 437 1322 apud
461 1239 588 1303 culmen
612 1245 755 1303 vestrum
778 1240 948 1304 iuvaretur
975 1240 1135 1325 alloquiis,
1180 1240 1266 1325 quod
1295 1240 1574 1326 supersedendum
1603 1241 1673 1306 aius
1702 1244 1862 1307 conscius

130 1370 142 1404 r.
197 1361 260 1404 non
283 1341 410 1427 putavi,
433 1341 558 1407 faciens
580 1343 765 1408 urbanitate
789 1345 929 1428 quadam
952 1365 1113 1429 personae
1138 1344 1235 1408 tribui
1259 1345 1344 1429 quod
1368 1367 1427 1409 vos
1451 1346 1527 1409 novi
1551 1345 1672 1411 debere
1696 1346 1852 1412 iustitiae.

196 1446 228 1508 in
252 1443 364 1508 Sicilia
392 1445 479 1508 enim
509 1445 668 1530 praedicti
696 1447 865 1532 praedium
894 1448 979 1511 bono
1007 1448 1166 1511 hactenus
1194 1448 1263 1512 iure
1292 1468 1479 1532 possessum
1503 1470 1522 1512 a
1546 1450 1748 1513 consortibus
1777 1449 1886 1536 per-2

196 1549 328 1613 hibetur
363 1545 522 1613 invasum.
572 1571 657 1613 nunc
688 1549 729 1614 ad
760 1551 910 1614 iuvamen
948 1551 1116 1615 civilitatis
1153 1550 1340 1636 inpenditur
1373 1550 1528 1636 quidquid
1563 1573 1625 1637 ego
1658 1573 1853 1638 promovero

196 1652 420 1738 supplicando.
465 1651 594 1716 domine
624 1653 681 1734 mi,
715 1655 920 1719 salutationis
950 1655 1110 1741 obsequia
1141 1655 1240 1741 plena
1264 1653 1447 1719 humilitate
1471 1655 1662 1740 persolvens
1685 1655 1854 1742 deprecor,

197 1763 233 1819 ut
248 1755 336 1820 circa
351 1757 524 1821 memorati
541 1757 659 1821 nobilis
677 1757 735 1822 viri
752 1757 933 1844 conpendia
949 1758 1107 1844 pudorem
1124 1757 1215 1842 leges
1231 1779 1268 1822 ao
1285 1758 1412 1843 reliqua
1434 1778 1517 1842 quae
1541 1779 1601 1844 per
1623 1759 1853 1824 conscientiam

199 1867 342 1924 vestram
365 1861 549 1925 subsistunt
571 1861 772 1948 reipublicae
794 1869 987 1927 'ornamenta
1009 1862 1173 1927 muniatis.
1211 1862 1294 1928 vale.

783 2225 787 2234 ,
839 2153 977 2223 cxxll
1001 2155 1110 2242 (nersr.
1129 2162 1158 2235 4,
1176 2157 1221 2242 6).

777 2351 993 2426 AGAPITO
1021 2350 1271 2426 ENNODlVS.

314 2495 472 2608 Credidi,
504 2534 678 2613 postquam
707 2527 898 2612 magnitudo
929 2533 1041 2592 vestra
1074 2526 1170 2591 bonis
1199 2533 1250 2590 est
1281 2527 1420 2611 inpensa
1450 2527 1660 2611 generalibus
1691 2533 1725 2591 et
1754 2528 1882 2591 otiuml

198 2632 348 2715 migravit
370 2632 403 2695 in
426 2632 579 2716 glomam,
608 2638 779 2717 postquam
803 2631 1051 2696 Rauennatibus
1075 2630 1227 2695 excubiis
1251 2631 1417 2716 occupati,
1448 2629 1524 2694 dum
1548 2632 1691 2716 quietem
1715 2637 1858 2695 vestram

200 2736 384 2820 neglegitis,
408 2743 552 2800 nostram
577 2737 664 2799 omni
690 2735 854 2800 soliditate
879 2737 1013 2800 firmatis
1037 2742 1070 2800 et
1093 2734 1237 2821 privatus
1261 2736 1380 2819 genius
1395 2734 1437 2798 ad
1453 2735 1546 2819 regni
1563 2734 1684 2800 decora
1700 2735 1858 2813 transivit,

135 2872 146 2908 s
200 2839 328 2924 quando
351 2861 468 2904 novam
492 2841 600 2904 lucem
624 2839 665 2904 de
688 2839 878 2904 domesticis
902 2839 1099 2904 abstractam
1124 2838 1248 2902 sinibus
1271 2839 1434 2923 palatinus
1459 2838 1522 2901 sibi
1547 2838 1654 2923 fulgor
1683 2838 1803 2903 adiecit
1827 2845 1860 2902 et

199 2945 420 3028 angustiorem
443 2945 543 3010 fnisse
567 2943 660 3029 regni
683 2945 734 3008 sui
751 2965 904 3031 pompam
920 2963 1029 3009 rerum
1049 2941 1207 3023 dominus,
1231 2964 1303 3006 cum
1320 2963 1377 3006 vos
1393 2962 1457 3005 non
1473 2941 1598 3024 habuit,
1622 2949 1712 3008 recte
1729 2943 1860 3012 metitus

200 3053 266 3126 est,
289 3069 348 3134 pro
370 3048 537 3113 vicinitate
561 3049 732 3133 regionum
756 3048 878 3113 crebris
902 3069 954 3111 me
978 3046 1190 3112 relevandum
1214 3068 1289 3111 esse
1314 3046 1505 3132 conloquiis.
1552 3045 1611 3109 sed
1633 3046 1891 3111 inefficacibusl

201 3153 271 3239 spei
294 3173 387 3216 meae
403 3153 586 3217 inluserunt
600 3159 741 3239 peccata
756 3153 909 3217 consiliis.
947 3152 1055 3216 nullas
1078 3151 1216 3237 paginas
1240 3149 1280 3214 ad
1304 3148 1494 3233 diligentiae
1518 3150 1743 3214 testimonium
1767 3171 1860 3214 mens

201 3276 318 3320 serena
338 3257 540 3320 transmittit.
585 3277 687 3341 grave
712 3261 763 3320 est
787 3257 815 3319 si
839 3277 982 3321 amorem
1006 3276 1072 3320 non
1095 3255 1216 3334 merui,
1249 3253 1380 3339 gravius
1406 3255 1431 3316 si
1455 3273 1552 3338 quem
1576 3275 1753 3338 exegeram
1776 3254 1862 3318 torte

121 3391 141 3406 ν
201 3359 339 3423 turbavi.
379 3359 446 3424 scio
464 3365 575 3424 tamen
597 3359 680 3424 haec
704 3361 958 3444 congruentibus
974 3359 1104 3424 veritati
1128 3360 1377 3422 excusationum
1400 3356 1544 3421 nubibus
1569 3379 1642 3422 asse
1666 3356 1862 3430 claudenda;

200 3463 233 3526 ln
256 3462 391 3548 privatis
414 3463 553 3528 inveniri
576 3484 713 3527 munera
735 3463 935 3541 litterarum,
963 3485 1026 3526 non
1050 3467 1139 3527 recte
1163 3461 1205 3527 ab
1228 3461 1395 3547 occupatis
1419 3461 1483 3524 ista
1506 3461 1652 3547 disquiri.
1700 3461 1758 3525 sed
1782 3461 1891 3524 novi3

200 3564 326 3628 firmam
349 3565 383 3630 in
406 3566 579 3631 affectione
604 3566 837 3630 conscientiam
862 3568 946 3631 inter
972 3567 1107 3651 quaevis
1135 3565 1281 3652 pondera
1303 3571 1337 3629 et
1365 3564 1504 3630 adversa
1533 3565 1720 3629 distractam
1749 3564 1860 3630 debita

202 3689 260 3732 sua
282 3669 408 3754 gratiae
431 3692 496 3734 non
520 3691 652 3756 negare.
694 3691 779 3734 nunc
802 3671 877 3734 nolo
902 3691 975 3734 esse
992 3670 1149 3756 prodigus
1167 3670 1200 3732 in
1217 3669 1381 3753 querellis.
1421 3669 1629 3734 salutationis
1645 3669 1860 3733 reverentiam

201 3772 331 3836 solvens
360 3773 528 3859 deprecor,
559 3781 595 3837 ut
624 3775 884 3859 suggestionem,
918 3794 1015 3860 quam
1042 3773 1129 3860 apud
1152 3795 1210 3836 vos
1240 3773 1428 3858 deposuerit
1458 3773 1681 3858 praesentium
1713 3773 1860 3857 portitor,

123 3911 135 3945 ·.›
202 3875 242 3940 ad
266 3877 411 3941 votivum
434 3877 622 3965 perducatis
645 3878 808 3943 effectum.
856 3879 939 3944 vale.

851 4164 1011 4234 cxxlss
1035 4166 1153 4252 (orosa.
1169 4167 1216 4252 8).

457 4362 754 4439 PETITORIVM
782 4363 881 4453 Qvo
909 4363 1193 4438 ABSOLVTVS
1221 4363 1310 4436 EST
1337 4360 1611 4435 GERONTIVS

762 4502 889 4575 PVER
917 4502 1076 4576 SVPRA
1105 4500 1307 4575 SCRIPTI.

315 4648 423 4744 Deus
446 4679 570 4743 arbiter
592 4677 815 4742 universitatis
839 4685 872 4743 et
901 4679 1050 4743 eonditor
1077 4679 1131 4743 illa
1163 4699 1215 4742 res
1243 4678 1403 4742 humanas
1435 4678 1528 4742 lance
1556 4676 1739 4763 dispensat,
1772 4683 1808 4741 ut
1832 4683 1893 4751 et1

206 4782 320 4848 fideles
343 4785 522 4870 praemium
547 4789 581 4847 et
602 4803 742 4869 poenam
765 4782 908 4847 rebelles
933 4785 1111 4870 excipiant.
1150 4785 1242 4849 lassis
1266 4783 1352 4848 enim
1377 4782 1567 4846 devotorum
1591 4782 1757 4867 obsequiis
1781 4781 1863 4846 uali-

206 4887 352 4952 tudinem
388 4887 514 4968 tribuit,
550 4886 627 4951 dum
664 4887 807 4950 muneris
847 4887 1013 4953 oblatione
1044 4889 1214 4952 succurrit.
1264 4886 1374 4974 perdit
1405 4885 1526 4950 laboris
1555 4886 1743 4950 memoriam
1775 4892 2021 4999 menslqpqnpcl·

309 5179 414 5250 [cxxi]
444 5180 738 5235 lEnnodiuaFaustob
836 5177 1054 5234 2defraudataB
1150 5177 1301 5248 'laneqnid
1315 5179 1340 5230 V
1431 5177 1509 5248 ami]
1522 5178 1621 5230 mihiB
1716 5175 1869 5245 illegiuBa

205 5265 240 5319 10
257 5269 380 5322 minuatis
392 5268 436 5320 Ba
506 5270 564 5322 nale
582 5267 669 5321 oru.B

311 5371 429 5442 [CXXII]
461 5372 491 5424 ll
511 5374 645 5425 Ennodius
660 5371 798 5440 Agapitob
896 5371 927 5423 11
947 5369 1121 5440 negligitesB
1172 5373 1285 5423 firmatas
1297 5371 1322 5422 B
1420 5369 1453 5421 16
1471 5371 1594 5422 mentitus
1610 5365 1673 5418 vta
1768 5363 1798 5417 17
1817 5366 1869 5417 col-

206 5463 300 5529 loquiis
314 5462 340 5512 V
444 5461 478 5512 18
495 5461 641 5512 inluserunt
653 5460 686 5522 B,
704 5461 823 5511 luserunt
841 5460 916 5509 reteri
1026 5457 1059 5508 19
1076 5461 1206 5526 autgaram
1219 5459 1245 5508 B
1353 5455 1388 5508 20
1406 5457 1509 5508 turbsui
1528 5459 1593 5507 forts
1609 5452 1673 5505 1⁷¹1,
1782 5449 1817 5502 2‘2
1835 5452 1871 5502 di·

206 5551 320 5602 strictam
332 5549 411 5612 LOP,
428 5549 497 5614 quaed
514 5549 628 5614 apsidem
646 5547 736 5596 malian
757 5545 802 5610 (cs.
820 5564 846 5612 p.
860 5549 902 5608 23,
917 5545 957 5610 17)
1061 5542 1306 5612 23qnaertuis131,
1324 5543 1434 5610 querelis
1452 5542 1475 5592 Γ
1575 5541 1609 5593 ab
1627 5541 1686 5592 nale
1704 5557 1752 5590 cm.
1767 5539 1826 5589 om

312 5651 443 5720 [oxxur]
485 5650 518 5703 tl
536 5668 614 5719 supra
637 5649 735 5718 scrIpti]
752 5629 792 5700 ssi
807 5651 859 5713 Bb,
883 5651 987 5717 agapiti
1011 5649 1135 5700 mrbatilur'l
1154 5649 1232 5700 Sirra.
1371 5645 1406 5696 29
1429 5646 1510 5697 fidelis
1529 5646 1602 5695 Bra
1709 5642 1811 5695 rebellis
1831 5640 1872 5690 1⁷⁶

207 5741 335 5806 accipiant
349 5741 407 5791 UPb

1612 5821 1664 5874 17*
