4508 6526
627 425 736 482 cmm
755 426 878 494 (33333.
896 428 921 490 3,
940 425 993 492 33)
1013 424 1135 479 333333
1154 423 1276 494 (canu.
1295 425 1320 490 a,
1338 427 1374 492 3).

803 719 944 787 cnm
967 721 1079 810 (33333.
1096 725 1125 802 9,
1143 721 1210 806 33).

599 898 855 972 ¹ENNODIVS
883 899 1124 974 CAESABJO
1153 899 1395 976 EPISCOPO.

288 1027 397 1137 Quod
427 1081 484 1144 spe
512 1079 760 1144 praeceperam,
792 1059 911 1123 litteris
939 1060 1119 1126 iudicastis.
1164 1080 1240 1123 nam
1264 1058 1443 1124 venerandi
1472 1057 1731 1144 promulgatione
1755 1062 1860 1122 eon-i

177 1165 292 1249 loquii,
324 1163 400 1248 quid
431 1162 585 1228 caelestis
613 1163 791 1247 imperator
814 1162 966 1227 domnum
991 1184 1103 1248 regem
1127 1163 1212 1226 circa
1234 1183 1293 1226 333
1316 1163 1424 1226 133333
1454 1163 1672 1248 conpulisset,
1703 1164 1832 1248 agnovi.

178 1289 239 1354 ego
262 1289 348 1347 sum,
376 1267 426 1332 cui
449 1273 623 1354 postquam
646 1266 798 1330 meritum
821 1273 965 1330 restrum
988 1267 1109 1351 patuit,
1141 1286 1347 1351 3333333333
1373 1289 1408 1330 33
1432 1267 1572 1331 felicitas
1595 1267 1732 1330 actionis
1755 1265 1830 1330 abs-

112 1390 123 1424 3
178 1371 296 1436 3ο33133.
342 1373 397 1457 333
426 1371 591 1435 hominum
623 1369 825 1435 nobilissimo
850 1371 882 1433 in
906 1369 1027 1434 Christi
1056 1370 1213 1434 servitute
1242 1371 1390 1456 pontifici
1420 1377 1568 1435 terrenas
1591 1369 1864 1435 313333333333332

177 1475 301 1539 3333333
335 1497 407 1540 3333
442 1475 608 1538 3313333333
641 1481 675 1537 33
703 1475 864 1538 minacem
900 1475 965 1538 reis
998 1476 1177 1559 potentiam
1209 1475 1414 1539 innocentiae
1447 1475 1628 1539 obiectione
1663 1474 1833 1560 superari?

177 1578 305 1662 quando
340 1578 528 1666 principalis
563 1599 707 1663 purpura
741 1584 798 1640 aut
833 1577 939 1641 cilicia
975 1577 1128 1662 despexit
1157 1583 1213 1641 aut
1245 1578 1402 1665 pallium?
1453 1579 1581 1663 quando
1612 1579 1748 1644 libertas
1778 1579 1858 1642 3113

177 1683 347 1765 potissima
375 1680 512 1746 eredidit
541 1681 603 1744 sibi
632 1687 708 1746 ante
733 1679 953 1745 Christianam
976 1681 1197 1744 humilitatem
1222 1681 1321 1746 licere
1345 1681 1431 1765 quod
1454 1683 1578 1745 voluit?
1624 1687 1681 1744 aut
1703 1679 1833 1766 qnando

178 1787 207 1848 ei
230 1785 324 1850 licuit
347 1787 433 1851 velle
458 1785 544 1871 quod
566 1786 734 1850 laederet?
773 1785 887 1869 quodsi
911 1786 996 1849 inter
1019 1785 1101 1849 haec
1125 1807 1227 1849 canae
1259 1786 1377 1850 aetatis
1406 1786 1560 1870 exempla
1591 1786 1776 1850 recolantur
1799 1787 1864 1849 333

181 1891 350 1955 saevitiam
375 1891 462 1954 cirea
485 1890 627 1954 cultores
649 1888 702 1952 dei
727 1889 931 1974 tyrannicam
954 1888 1091 1953 reducas
1116 1890 1148 1952 in
1170 1889 1324 1970 medium,
1349 1891 1469 1953 scimus
1493 1891 1569 1975 quia
1591 1889 1713 1974 abillis
1730 1889 1834 1953 nostri

177 1994 339 2079 dogmatis
370 2000 567 2072 sectatores,
598 2015 639 2056 33
668 2013 822 2078 umquam
849 1999 1064 2072 morerentur,
1096 1993 1196 2056 occisi
1226 2000 1310 2058 sunt.
1355 2000 1432 2057 tunc
1461 1991 1618 2057 militibus
1643 1993 1710 2057 suis
1735 1993 1833 2057 vitam

178 2104 211 2161 et
234 2099 467 2162 aeternitatem
492 2097 697 2182 obsequente
721 2095 829 2180 gladio
853 2101 1035 2181 perpetuus
1059 2097 1114 2161 ille
1138 2096 1206 2160 dux
1229 2097 1374 2161 contulit.
1413 2095 1458 2160 illi
1483 2097 1685 2160 inimicorum
1702 2117 1833 2161 suorum

177 2201 359 2265 ministerio
382 2198 598 2286 perdiderunt
621 2200 832 2284 originariam
854 2199 1025 2264 vilitatem.
1071 2206 1121 2281 te,
1151 2201 1195 2264 mi
1218 2198 1364 2278 domine,
1391 2201 1427 2264 Ι33
1457 2199 1536 2264 33133
1561 2200 1624 2264 iam
1649 2199 1863 2264 Christianol

178 2304 254 2369 diva
281 2304 336 2368 lex
366 2304 496 2389 peperit
527 2311 559 2368 et
589 2303 761 2389 apostolici
789 2303 902 2368 uberis
926 2304 1011 2368 lacte
1036 2303 1186 2378 nutrivit;
1219 2309 1254 2368 tn
1278 2310 1407 2369 eeteros
1430 2303 1521 2368 velut
1545 2304 1623 2367 solis
1646 2302 1835 2388 magnitudo
1936 2351 1937 2354 ,

178 2409 273 2472 astris
304 2407 484 2472 minoribus
520 2416 698 2494 conparata
734 2407 991 2491 transgrederis;
1028 2415 1060 2471 te
1093 2408 1147 2493 qui
1180 2408 1346 2472 interioris
1381 2407 1520 2472 hominis
1555 2408 1656 2472 oculis
1691 2407 1836 2494 inspexit

177 2513 353 2576 instructus
384 2519 444 2576 cst.
490 2530 564 2575 nam
596 2532 669 2574 cnm
702 2519 735 2574 et
765 2511 850 2576 facie
885 2513 959 2598 ipsa
993 2511 1106 2576 foveas
1141 2509 1333 2598 puritatem,
1370 2511 1598 2596 delinquentes
1628 2512 1746 2576 feriato
1779 2533 1834 2576 ore

178 2615 332 2698 castigas.
368 2614 445 2678 boni
468 2614 509 2680 de
535 2617 782 2680 conversatione
806 2621 872 2694 tua,
897 2636 1102 2701 quocumque
1126 2615 1337 2701 processeris,
1360 2614 1518 2680 imitanda
1534 2615 1718 2691 inveniunt;
1741 2616 1835 2680 malis

177 2719 334 2802 fugienda
362 2718 638 2783 demonstrantur.
683 2718 801 2783 beatus
824 2725 875 2797 tn,
907 2720 959 2783 cui
983 2742 1003 2783 a
1027 2719 1088 2784 deo
1112 2719 1270 2783 tributum
1293 2725 1358 2800 333,
1389 2727 1425 2783 33
1448 2727 1482 2784 33
1505 2719 1634 2784 33333333
1657 2719 1776 2784 doceas
1800 2719 1864 2784 335

178 2822 356 2908 exemplis,
391 2822 445 2906 qui
475 2821 516 2886 ad
548 2821 593 2908 pii
623 2816 936 2886 itineris-directum
965 2843 1097 2908 semper
1126 2823 1271 2887 existens
1296 2825 1450 2909 praevius
1474 2824 1628 2888 invitasti.
1674 2824 1834 2908 quianon

100 2951 111 2988 3
178 2933 269 3012 optet
297 2932 329 2990 to
360 2928 529 3011 loquente,
562 2933 598 2989 ut
626 2926 706 2990 33333
735 2927 843 3010 plura,
876 2947 939 2990 non
963 2926 1096 3012 legere?
1141 2933 1176 2990 tu
1201 2925 1277 2991 dum
1301 2927 1394 2991 libris
1417 2929 1548 3012 genium
1572 2928 1732 2992 relatione
1756 2951 1833 2993 con-

178 3030 282 3110 cilias,
306 3035 338 3093 et
362 3031 536 3114 magistros
560 3029 734 3093 informas:
759 3029 820 3092 tibi
843 3028 945 3094 debet
968 3030 1162 3115 quicumque
1179 3030 1234 3094 3113
1252 3032 1442 3116 scriptorum
1460 3032 1632 3112 maximus,
1656 3031 1742 3116 qnod
1760 3053 1834 3097 cum

177 3133 253 3198 dote
284 3133 475 3198 elocutionis
506 3133 699 3218 amplificas.
745 3133 779 3196 in
802 3139 834 3197 33
858 3133 916 3196 lux
941 3134 1094 3198 convenit
1118 3136 1279 3200 sermonis
1303 3141 1336 3199 et
1359 3137 1478 3220 operis.
1524 3133 1610 3219 33313
1635 3135 1866 3222 haecprae-fi

177 3239 324 3324 rogatira
347 3237 586 3322 Transalpinis,
619 3237 706 3302 unde
734 3237 927 3324 parentibus
955 3237 1035 3301 meis
1065 3238 1270 3324 inauspicata
1299 3238 1498 3319 sublimitas,
1535 3245 1570 3302 ut
1602 3239 1701 3302 talem
1731 3239 1836 3302 virum
1881 3239 1888 3250 “

177 3342 346 3405 miserint?
385 3340 444 3405 sed
468 3362 525 3404 cur
547 3342 633 3404 inter
656 3347 788 3406 3333333
811 3340 979 3426 quaeritur
1001 3363 1054 3406 res
1077 3343 1246 3406 caelestis!
1284 3345 1391 3429 potuit
1417 3363 1495 3428 ergo
1520 3349 1596 3406 ante
1615 3349 1647 3406 te
1666 3341 1836 3426 quodlibet

101 3465 118 3504 3.
179 3445 293 3531 palatii
317 3445 527 3530 supercilium
550 3466 615 3508 non
639 3444 769 3509 iacere?
815 3444 920 3530 potuit
951 3443 1009 3508 tibi
1038 3446 1148 3530 cupita
1177 3445 1387 3526 subtrahere,
1416 3468 1512 3531 quem
1535 3445 1698 3509 mitiorem
1720 3443 1835 3508 ovibus

178 3549 248 3613 sola
272 3548 396 3612 faciunt
420 3555 528 3613 errata
551 3547 758 3634 pugnacem?
797 3548 894 3612 latius
919 3570 971 3613 me
996 3555 1029 3612 et
1053 3550 1203 3613 meritum
1228 3557 1371 3614 33333333
1396 3557 1492 3614 33333
1516 3548 1752 3633 et'diligentia,
1777 3548 1834 3613 sed

175 3649 409 3738 loquacitatem
439 3673 545 3716 meam
576 3653 629 3716 lex
660 3653 847 3738 epistolaris
875 3651 1021 3718 includit.
1067 3652 1152 3736 quod
1183 3660 1349 3738 superest,
1381 3653 1517 3740 benigni
1547 3653 1716 3718 servitutis
1740 3653 1864 3717 333337

177 3776 294 3818 munus
319 3756 457 3842 aecipite
482 3762 590 3820 etms
614 3755 676 3820 deo
701 3761 811 3821 nostro
834 3756 1018 3820 orationum
1035 3755 1198 3841 suffragiis
1216 3757 1376 3836 intimate,
1401 3758 1591 3842 frequenter
1606 3755 1647 3819 de
1663 3756 1725 3834 his,
1749 3777 1833 3841 qnae

74 3875 77 3878 ·
177 3858 347 3924 3313333333
382 3865 524 3944 aguntur
553 3859 606 3925 331
641 3867 714 3924 acta
748 3867 840 3940 sunt,
876 3860 1102 3925 informantes.
1155 3859 1316 3946 deprecor
1351 3860 1449 3925 ctiam
1482 3869 1518 3925 33
1549 3859 1626 3945 33331
1660 3859 1746 3946 apud
1775 3861 1834 3923 333

112 3984 117 4012 3
178 3963 375 4047 promoverit
398 3962 525 4026 Rustici
549 3962 759 4049 subplicatio,
790 3965 860 4048 qui,
891 3971 1048 4050 quantum
1077 3963 1188 4046 audio,
1218 3963 1449 4030 fornicationes
1479 3986 1555 4028 suas
1582 3964 1711 4027 nomine
1735 3963 1834 4028 restit

178 4085 318 4130 uxorum
354 4072 387 4130 ct
422 4067 581 4131 vocabulo
616 4067 702 4153 legis
736 4073 829 4154 putat
864 4067 1016 4132 excusari
1054 4088 1151 4153 posse
1190 4089 1259 4133 rem
1299 4068 1462 4148 criminis,
1500 4067 1578 4132 mihi
1618 4065 1835 4148 manifestetis

178 4167 359 4234 ministerio
382 4169 575 4235 litterarum.
1366 4173 1367 4176 ’
1825 4151 1827 4178 ⁵

770 4483 771 4486 Ἴ
806 4377 969 4445 cnnxll
992 4377 1098 4466 (33333.
1116 4382 1146 4461 2,
1163 4379 1208 4464 5).

737 4556 996 4632 EPlTAFIVM
1024 4557 1275 4633 RVSTICAE.

587 4709 732 4788 Rustica,
757 4716 935 4795 perpetuae
959 4729 1023 4773 non
1047 4716 1080 4773 te
1105 4730 1176 4773 sors
1199 4709 1323 4796 pallida
1346 4710 1432 4773 vitae

635 4813 783 4896 Sustulit,
809 4813 976 4879 interitum
999 4833 1059 4877 nec
1083 4814 1143 4879 tibi
1167 4822 1269 4880 morte
1294 4813 1393 4880 dedit.

179 4943 458 4950 -q—-m-..m--r

280 5053 406 5123 [cnnxl]
445 5055 456 5106 l
476 5057 596 5124 episcopo
614 5058 758 5110 Arelatensi
775 5077 844 5109 3333333
865 5075 915 5109 rec.
932 5060 961 5108 ia
973 5057 1033 5109 Bet
1046 5057 1134 5109 Sabou
1222 5057 1417 5126 2precipsrsm
1430 5058 1463 5120 B,
1481 5059 1655 5125 praeciperem
1672 5056 1717 5107 VL
1770 5056 1833 5106 indi·

175 5149 257 5194 castca
268 5142 295 5192 B
362 5143 484 5210 colloquii
499 5143 523 5192 V
626 5143 644 5195 3
661 5143 740 5211 circa]
759 5145 797 5196 cir
808 5144 833 5194 Β
947 5143 964 5193 5
981 5145 1007 5194 in
1028 5161 1076 5194 oar.
1089 5143 1115 5193 B
1227 5143 1244 5195 6
1262 5145 1387 5196 nesciatss
1404 5145 1535 5197 subiectas
1548 5143 1592 5194 Β(ι
1666 5158 1797 5194 menaeem
1809 5140 1835 5190 B

175 5225 235 5295 reis]
254 5231 322 5295 regis
334 5227 359 5278 B
456 5227 472 5279 7
491 5231 644 5298 principales
656 5229 766 5282 BVssd'b
823 5247 934 5298 purpora
946 5229 971 5280 B
1030 5231 1141 5298 dispexit
1153 5231 1179 5282 B
1274 5229 1291 5282 8
1310 5233 1455 5283 cristianam
1470 5231 1495 5282 B
1593 5227 1625 5280 12
1643 5239 1669 5282 et
1687 5247 1735 5280 om.
1749 5227 1834 5280 LOPb

176 5321 312 5380 perpetuos
326 5314 351 5364 Β
439 5315 471 5366 13
489 5314 535 5383 333]
554 5334 595 5369 ms
607 5317 651 5368 Ba
704 5318 824 5369 cristiano
837 5316 863 5367 B
953 5315 983 5368 15
1001 5317 1173 5384 trangrederis
1186 5317 1230 5367 Ba
1319 5317 1351 5368 lli
1370 5325 1396 5369 et
1413 5335 1472 5368 cum
1487 5316 1566 5368 Sir-m
1656 5313 1689 5365 18
1707 5315 1797 5368 decess
1809 5312 1835 5362 B

177 5398 209 5450 19
226 5401 331 5452 iteneris
342 5401 367 5452 B
479 5400 513 5454 25
531 5405 631 5471 cupitas
643 5403 668 5454 B
780 5401 814 5454 26
832 5404 991 5468 diligentiam
1010 5411 1036 5455 et
1052 5405 1103 5470 loq.
1117 5403 1143 5453 Β
1254 5402 1288 5454 28
1306 5405 1337 5454 ds
1357 5401 1405 5468 his]
1425 5403 1506 5454 domis
1518 5403 1544 5453 Β
1659 5399 1694 5451 29
1712 5402 1834 5466 deprecor

175 5505 231 5554 sup.
244 5488 289 5538 lin.
302 5487 328 5539 B
431 5489 466 5540 30
483 5491 619 5542 sublieatio
631 5489 665 5554 B,
682 5489 834 5556 supplicatio
852 5489 873 5538 V
941 5490 1117 5542 fornicationis
1130 5489 1155 5540 B
1259 5487 1291 5540 31
1312 5492 1443 5542 excussuri
1455 5490 1480 5540 B
1550 5489 1717 5540 manifestetis
1733 5487 1835 5552 scripsi,

176 5575 343 5626 manifestites
355 5575 389 5638 B,
406 5577 554 5628 manifestes
571 5578 647 5628 ceteri

278 5675 421 5746 [cnuxu]
458 5679 562 5731 Codices
574 5689 681 5747 procer
694 5679 719 5730 B
735 5698 821 5732 33333333
839 5681 886 5732 boc
903 5682 1062 5746 3333333333
1085 5680 1137 5730 3133
1156 5681 1211 5730 loco
1232 5678 1361 5736 sacaenc
1382 5681 1416 5746 cf.
1434 5697 1461 5745 p.
1473 5683 1521 5731 120
1538 5686 1561 5730 et
1578 5682 1641 5741 326,·
1658 5685 1740 5730 enatat
1757 5677 1833 5729 3333333

174 5767 201 5818 in
219 5766 304 5818 codice
318 5767 422 5830 Alcicti,
439 5767 508 5818 rrrrde
521 5767 661 5820 Morinum
679 5768 757 5819 edidit
772 5767 856 5820 can.
876 5767 946 5833 Vra)
966 5787 1007 5820 ar.
1019 5771 1088 5820 626⁶
1174 5767 1331 5833 epitaphium
1349 5765 1373 5815 V

277 5858 417 5914 Erremus.
1591 5857 1626 5912 41
