4612 6442
430 433 492 488 LIV
988 435 1039 490 III.
1064 432 1111 488 DE
1130 433 1366 489 snrrroulaus
1385 433 1535 490 ENNOIII.

431 607 557 673 vinculo
586 605 723 694 quodam
746 607 892 693 coniungi
920 617 1101 694 cognoscet.
1140 631 1328 695 quamquam
1358 609 1439 675 euim
1463 609 1581 696 scripta
1601 607 1729 674 Eunodi
1756 608 1938 674 festinanter
1959 610 2088 676 collecta

429 722 460 776 et
470 712 667 797 neglegenter
681 710 767 776 edita
778 721 861 792 sunt,
873 721 976 777 taurcu
992 735 1073 798 quae
1083 722 1138 777 aut
1152 735 1254 778 rerum
1270 723 1324 778 aut
1338 723 1513 801 tempourm
1529 713 1702 778 rationibus
1719 713 1892 792 cohaerent,
1906 714 2088 801 plerumque

429 816 461 880 in
486 838 580 880 uuum
603 824 676 879 sunt
691 814 813 880 collata.
846 817 951 881 omnia
974 840 1048 882 vero
1071 841 1165 904 opera
1180 818 1308 882 Enuodi
1331 819 1362 883 in
1385 818 1546 883 codicibus
1562 827 1706 884 accurate
1728 841 1766 882 ex
1782 827 1956 903 temporum
1980 819 2088 883 ordine

430 921 535 985 referri
558 941 648 984 nemo
671 919 852 1000 affirmabit,
874 922 1021 1006 quoniam
1048 923 1183 1009 exempli
1214 945 1309 988 carisa
1336 945 1430 1009 opus,
1459 922 1543 1008 quod
1572 924 1603 986 iu
1633 922 1794 987 codicibus
1822 923 1958 1008 primum
1985 921 2087 985 locum

430 1023 558 1104 obtinet,
581 1025 663 1088 cirea
684 1047 801 1088 anuum
823 1028 895 1104 594,
917 1049 967 1111 cp.
983 1025 1105 1089 XLIII
1127 1049 1209 1091 anuo
1232 1030 1295 1094 495
1319 1037 1420 1091 ortum
1444 1037 1498 1091 est.
1540 1027 1615 1091 item
1638 1025 1823 1092 Sirmondus
1847 1025 1888 1090 ad
1911 1027 2000 1112 epist.
2017 1025 2051 1093 V
2064 1030 2089 1104 1,

431 1127 485 1194 VI
499 1131 529 1207 o,
551 1127 694 1194 V11121
719 1136 800 1192 recte
822 1127 987 1194 adnotavit
1008 1130 1157 1215 epistulas
1186 1153 1248 1194 nou
1271 1152 1393 1216 semper
1415 1128 1454 1194 ad
1482 1131 1631 1217 temporis
1655 1129 1796 1196 ordinem
1819 1129 1989 1216 dispositas
2012 1151 2089 1194 esse.

431 1229 515 1316 quod
537 1231 595 1295 etsi
618 1230 761 1317 pluribus
783 1232 934 1318 exemplis
953 1233 1149 1320 comprobari
1173 1244 1285 1320 potest,
1308 1235 1339 1298 in
1354 1233 1535 1298 uuiversum
1558 1244 1660 1298 tamen
1684 1257 1779 1322 opera
1802 1235 1833 1298 in
1850 1232 2010 1297 codicibus
2028 1233 2088 1298 sibi

430 1333 535 1399 vicina
566 1333 666 1398 eidem
689 1336 839 1421 temporis
869 1336 973 1422 spatio
1001 1336 1208 1402 adscribenda
1243 1345 1323 1401 sunt.
1381 1338 1500 1401 scilieet
1526 1361 1596 1402 cum
1627 1339 1744 1425 scripta
1772 1337 1897 1402 Eunodi
1926 1360 1965 1401 ex
1994 1337 2089 1402 variis

430 1437 544 1502 libellis
566 1445 598 1501 et
619 1437 776 1503 schedulis
791 1449 866 1526 post
880 1440 979 1526 ipsius
996 1449 1126 1506 mortem
1146 1440 1372 1527 colligerentur,
1395 1441 1441 1505 illi
1462 1441 1559 1505 libelli
1575 1441 1704 1528 proprii,
1727 1463 1806 1526 quos
1822 1439 1900 1504 dicit
1914 1464 1944 1526 p.
1956 1443 2029 1521 246,
2041 1445 2090 1520 18,

431 1543 623 1606 continentes
645 1543 797 1629 opuscula
818 1543 926 1608 eodem
949 1553 1088 1632 tempore
1114 1546 1229 1632 scripta
1256 1568 1275 1608 a
1303 1545 1403 1630 primo
1431 1544 1548 1608 editore
1574 1546 1627 1610 ita.
1646 1545 1793 1632 descripti
1816 1553 1904 1624 srrnt,
1932 1553 1967 1608 ut
1996 1567 2090 1631 opera

432 1645 563 1730 singulis
584 1645 700 1710 libellis
723 1647 946 1734 comprehensa
968 1671 1060 1714 suum
1083 1647 1223 1712 ordinem
1239 1649 1427 1726 obtinerent,
1449 1648 1624 1713 libellorum
1647 1650 1787 1736 ipsorum
1810 1647 1896 1728 ordo,
1919 1648 2088 1713 secundum

431 1772 523 1835 quem
546 1749 643 1814 libelli
667 1751 740 1815 olim
764 1753 927 1838 compositi
952 1763 1047 1832 erant,
1069 1753 1193 1840 saepius
1217 1753 1400 1818 turbaretur.
1439 1775 1535 1839 quare
1557 1754 1610 1838 qui
1633 1771 1744 1841 opere,
1759 1763 1795 1818 ut
1817 1753 1847 1820 iu
1870 1775 1984 1839 genera
2005 1751 2091 1838 dige

432 1863 555 1933 rantur,
592 1864 769 1940 segregant,
803 1857 863 1943 ipsi
898 1879 932 1921 se
960 1857 1166 1921 instrumento
1195 1855 1234 1921 ad
1262 1855 1468 1921 Ennodiauue
1494 1857 1644 1921 orationis
1678 1857 1825 1942 caligines
1860 1856 2090 1943 perspiciendas

433 1957 600 2044 peridoneo
616 1959 750 2046 privant.
783 1959 816 2023 id
838 1960 981 2026 concedit
1003 1962 1070 2048 ipse
1093 1961 1279 2026 Siunondus
1303 1968 1391 2041 nota,
1413 1983 1506 2047 quam
1530 1960 1697 2048 adscripsit
1715 1960 1857 2026 carrull
1870 1964 1971 2026 90.—
1984 1959 2092 2046 Opera

433 2063 465 2126 iu
488 2061 649 2128 codicibus
664 2064 827 2129 coniuncta
841 2065 950 2130 eodem
973 2065 1036 2130 fere
1050 2074 1189 2152 ternpore
1205 2065 1321 2152 scripta
1336 2087 1404 2130 esse
1428 2089 1489 2129 non
1506 2088 1575 2130 raro
1598 2065 1690 2129 otiam
1706 2065 1871 2130 verborum
1888 2063 2091 2128 similitudine

434 2166 617 2231 ostenditur.
661 2167 745 2253 quod
767 2167 806 2232 ad
834 2168 1055 2234 illustrandum
1078 2171 1199 2256 aliquot
1221 2170 1393 2234 locutiones
1417 2170 1504 2234 brevi
1533 2169 1696 2234 intervallo
1726 2169 1886 2255 repetitas,
1913 2168 2090 2253 ceteroquin

434 2280 536 2336 autem
560 2271 600 2335 ab
622 2269 770 2335 Eunodio
792 2294 854 2336 non
879 2273 1007 2338 usitatas
1030 2274 1200 2360 proferam:

590 2415 620 2476 p.
676 2394 747 2471 5,27
770 2401 870 2457 macte
892 2393 1062 2479 insignium
1086 2393 1268 2458 adulescens
1292 2394 1443 2458 virtutum
1461 2425 1501 2447 =
1518 2415 1547 2479 p.
1562 2395 1643 2473 ltu

657 2515 750 2591 47,28
773 2513 868 2578 verba
891 2513 1021 2578 caminis
1043 2513 1207 2580 fabrilibus
1231 2523 1359 2580 excocta

657 2619 751 2696 sula
773 2617 914 2681 homines
938 2617 1067 2683 caminis
1090 2618 1255 2684 fabrilibus
1278 2619 1396 2683 excocti

658 2739 750 2816 talo
774 2737 832 2803 sub
855 2761 1049 2825 quacumque
1071 2739 1266 2825 neglegentia
1289 2789 1343 2804 ...
1365 2749 1533 2826 temperem

659 2841 748 2920 74,21
774 2842 834 2906 sub
857 2864 1052 2930 quocumque
1076 2844 1217 2928 neglectu
1238 2853 1406 2931 temperem

636 2963 728 3040 III,8
773 2963 911 3028 animum
934 2986 1032 3050 usque
1056 2963 1096 3028 ad
1119 2963 1282 3030 domestici
1306 2964 1468 3052 perlatoris
1492 2963 1732 3050 oportunitatem
1756 2960 1904 3049 suspendi

637 3064 751 3143 111,23
775 3087 872 3150 usquc
895 3064 935 3130 ad
958 3065 1163 3131 domesticum
1186 3067 1371 3152 perlatorem
1395 3076 1468 3132 vcta
1491 3065 1641 3152 suspendi

637 3186 728 3262 126,ss
772 3184 859 3250 nulla
881 3187 996 3273 eloquii
1019 3188 1133 3274 poterit
1154 3197 1275 3252 mutare
1297 3187 1456 3252 affluentia

639 3291 753 3367 leole
776 3289 862 3353 nulla
884 3290 1039 3377 eloquitur
1060 3292 1123 3356 oris
1147 3292 1304 3357 affluentia

638 3411 751 3488 14420
774 3409 908 3476 furctum
930 3434 968 3476 ex
993 3411 1173 3497 diligentiae
1195 3436 1296 3477 messe
1318 3411 1516 3476 condidimus

640 3514 750 3592 lton
775 3514 893 3578 fructus
916 3515 955 3578 dc
977 3517 1094 3601 gratiae
1117 3539 1218 3582 messe
1241 3516 1394 3581 condebat

636 3637 729 3712 232‚4
774 3656 868 3720 quam
897 3635 974 3700 bene
1003 3635 1115 3700 meod
1144 3637 1327 3722 patientiam
1356 3637 1515 3702 absentiae
1538 3645 1659 3702 vestrae
1681 3636 1794 3720 longus
1817 3643 1895 3698 teru-

852 3763 963 3827 porum
985 3764 1061 3806 usus
1085 3751 1248 3828 aptaverat-

637 3844 751 3920 23417
770 3840 867 3928 'quam
891 3843 968 3908 berre
991 3845 1129 3910 animum
1156 3867 1259 3909 meum
1282 3844 1323 3910 ad
1351 3844 1533 3933 patientiam
1563 3843 1818 3930 sequestrationis
1842 3843 1897 3907 ab·

855 3949 970 4014 sentiae
988 3949 1115 4015 ¹vestrae
1138 3973 1213 4015 usus
1237 3960 1400 4038 aptaverat

438 4064 499 4128 huc
521 4065 613 4130 etiam
644 4076 765 4153 spectat
793 4068 878 4154 quod
907 4069 1036 4134 eandem
1066 4071 1250 4135 sententiam
1282 4071 1442 4136 Ciceronis
1465 4095 1495 4158 p.
1511 4073 1562 4150 38,
1574 4072 1612 4136 31
1639 4078 1668 4133 01
1691 4071 1794 4148 49,11
1820 4074 1912 4153 atque
1934 4065 2095 4131 Iuvenalis

439 4194 469 4256 p.
485 4172 590 4249 295,4
612 4179 642 4234 01
664 4174 737 4250 311,
750 4176 791 4237 29
818 4174 938 4261 repetit.
988 4176 1091 4261 itaque
1117 4175 1169 4261 qui
1194 4173 1321 4239 Eunodi
1344 4197 1438 4262 opera
1461 4172 1631 4239 secundum
1655 4165 1797 4236 ebdieum
1823 4169 1976 4246 ordinem,
2004 4191 2095 4255 quoru

439 4281 546 4338 nostra
568 4273 703 4339 editione
726 4275 931 4356 restituimus
960 4279 1137 4364 perlegerit,
1167 4303 1230 4344 non
1252 4278 1355 4343 solum
1378 4277 1417 4343 ad
1447 4299 1495 4342 res
1519 4274 1751 4362 cognoscendas
1775 4273 1946 4340 sedetiam
1969 4274 2097 4339 adser-

440 4401 561 4443 monem
589 4379 811 4444 Enuodianum
839 4381 1079 4446 examinandum
1109 4383 1176 4448 utili
1204 4381 1383 4447 adiumento
1415 4383 1592 4446 instruetur.
1637 4379 1770 4464 denique
1793 4378 1838 4442 sic
1863 4386 1894 4442 01
1916 4377 1955 4442 de
1976 4379 2096 4443 lacunis

438 4481 588 4547 librorum
615 4493 647 4547 et
670 4483 708 4547 de
736 4485 984 4573 orthographicis
1014 4485 1196 4552 differentiis
1224 4487 1345 4552 facilius
1373 4486 1570 4552 iudicabitur.
1613 4483 1710 4548 veluti
1741 4504 1796 4546 cur
1822 4480 1973 4546 dictiones
1996 4483 2098 4570 prima

439 4596 470 4651 et
491 4587 640 4652 vicesima
661 4589 753 4653 tertia
774 4589 940 4654 lacunosae
956 4590 1027 4670 sint,
1050 4613 1088 4654 ex
1112 4590 1268 4655 Sirmoudi
1289 4589 1424 4655 editione
1447 4611 1537 4653 nemo
1553 4587 1726 4672 intelleget:
1750 4586 1803 4671 qui
1826 4607 1864 4649 ex
1887 4585 1945 4649 hac
1960 4583 2097 4648 editione

439 4691 620 4776 cognoverit
648 4691 733 4756 illam
756 4692 922 4758 dictionem
949 4695 981 4757 iu
1011 4694 1171 4760 codicibus
1198 4696 1333 4782 primum
1362 4717 1456 4781 opus,
1485 4694 1564 4758 hauc
1587 4691 1813 4777 paenultirrumr
1835 4711 1919 4769 csse,
1946 4711 2010 4754 reur
2035 4691 2096 4754 iarn

439 4793 532 4858 habet
552 4805 754 4882 perspectam.
787 4797 955 4884 cademque
978 4799 1125 4864 facilitate
1154 4801 1212 4864 sibi
1236 4798 1437 4887 persuadebit
1458 4799 1591 4862 formam
1619 4796 1734 4860 soboles
1760 4796 1791 4859 in
1819 4793 1976 4882 prioribus
2000 4816 2096 4880 opus-

440 4897 532 4979 culis,
553 4899 674 4964 sobolcs
696 4901 728 4965 iu
750 4903 975 4987 posterioribus
998 4904 1185 4989 praevalere.

544 5001 688 5068 Ceterum
704 5027 743 5068 ne
765 5005 809 5070 eis
832 5007 886 5091 qui
902 5005 1060 5071 Sirmoudi
1082 5007 1323 5092 significationes
1347 5026 1553 5090 numerosque
1574 5002 1722 5068 adhibere
1738 5001 1847 5080 solent,
1869 5009 1977 5066 nostra
2000 4999 2096 5064 editio

439 5106 571 5171 molesta
594 5107 647 5185 sit,
673 5107 852 5174 addidimus
876 5117 907 5174 et
935 5111 1067 5196 siugulis
1095 5110 1241 5197 operibus
1265 5109 1494 5192 designationes
1519 5106 1755 5172 Sirmondianas
1778 5114 1810 5171 et
1831 5105 1985 5182 tabulam,
2008 5103 2096 5167 euius

440 5210 557 5276 auxilio
579 5211 639 5275 loci
662 5234 701 5275 ex
717 5210 876 5276 Sirmoudi
899 5214 1076 5278 recensione
1092 5214 1179 5278 citati
1201 5213 1285 5278 facili
1309 5213 1433 5297 negotio
1457 5213 1488 5276 irr
1511 5213 1569 5276 hoc
1592 5233 1715 5298 quoque
1738 5210 1874 5275 editione
1889 5208 2097 5274 inveniantur.

439 5326 598 5404 praeterea
620 5315 792 5380 rationibus
815 5316 984 5402 legentium
1006 5341 1043 5381 ea
1065 5340 1097 5382 10
1120 5317 1313 5382 consuluisse
1336 5317 1427 5380 uobis
1445 5316 1594 5395 videmur,
1617 5315 1702 5401 quod
1726 5315 1831 5379 omnia
1853 5311 1979 5379 Euuodi
2003 5333 2097 5397 opera

442 5421 472 5483 in
495 5419 706 5507 paragraphus
729 5407 961 5498 distribuimus3
990 5422 1020 5485 iu
1052 5422 1238 5508 panegyrico
1265 5422 1357 5486 etianr
1388 5421 1492 5508 capitu
1521 5421 1729 5505 siguvimus,
1760 5440 1839 5505 quae
1866 5417 2011 5482 distinxit
2033 5417 2099 5480 Sir-

443 5523 586 5603 mendus,
609 5523 724 5589 Mauso
747 5525 932 5592 numeravit.

313 5632 418 5677 narseus
546 5627 641 5692 Ratio
664 5628 695 5692 iu
717 5627 902 5693 lectionibus
926 5627 1069 5692 codicum
1085 5626 1256 5715 deligendis
1276 5627 1418 5694 adhibita
1439 5627 1549 5694 nititur
1570 5628 1614 5692 cis
1638 5624 1839 5712 argumentis,
1862 5645 1940 5711 quae
1956 5624 2097 5710 singulos

355 5685 370 5720 'f

308 5687 426 5732 mmm
442 5733 537 5800 libros
572 5731 779 5799 describentes
813 5734 984 5799 attulimus.
1032 5734 1180 5800 lectiones
1214 5733 1330 5800 codicis
1360 5733 1388 5801 B
1417 5742 1502 5799 tauta
1537 5731 1697 5818 diligentia
1727 5728 1888 5810 adnotavi,
1922 5737 1957 5792 ut
1992 5751 2099 5794 verear
