4538 6436
772 365 946 422 LIBELLVS
964 366 1036 424 PRO
1055 365 1211 422 SYNODO.
1780 375 1820 440 53

67 565 92 608 r·
107 558 149 601 arc
167 536 347 625 perdiderit
371 545 405 604 et
425 538 636 625 primogeniti
660 559 774 604 canam
798 539 991 626 dignitatem
1014 539 1160 605 amiserit
1181 539 1331 606 faucibus
1349 539 1572 627 obsequendo.
1609 543 1651 608 ad
1666 544 1729 608 ista
1744 544 1821 630 quid

166 642 321 724 referum,
361 642 415 728 qui
444 663 488 708 ex
520 642 610 708 omni
636 642 840 710 obiectorum
868 651 961 730 parte
992 643 1187 709 concludor?
1233 645 1303 730 quis
1333 666 1413 730 rugo
1446 653 1592 712 vestrum
1623 647 1819 734 Symmacho

164 746 443 828 benedictionem,
473 745 552 812 dnm
578 747 663 832 patri
687 743 761 833 plus
785 746 941 829 deservit,
976 748 1114 834 eripuit?
1159 747 1211 813 cui
1234 753 1399 813 tantorum
1422 769 1593 816 munerum
1615 751 1716 816 Iacob
1739 772 1820 819 voce
1890 773 1892 778 ’

166 857 218 916 est
240 850 369 916 conlata
391 849 565 915 nobilitas?
610 850 682 935 quis
706 871 748 915 ex
771 851 865 917 vobis
888 853 979 918 caeci
1000 852 1145 939 parentis
1169 850 1340 918 desideriis
1362 852 1527 939 pariturus
1550 855 1712 919 occurrit?
1747 856 1821 942 quis
1833 858 1874 921 30

98 977 111 1014 s
166 961 310 1019 vestrum
334 953 508 1020 devotione
532 972 593 1018 sua
615 955 799 1039 genitorem
822 955 1045 1020 venerabilem
1077 960 1208 1041 captum
1237 954 1340 1019 oculis
1369 956 1460 1020 nulla
1487 955 1564 1021 fecit
1591 957 1674 1023 lucis
1704 958 1823 1025 damna

87 1493 112 1531 10

164 1058 309 1123 sentire?
347 1078 456 1123 nonne
473 1057 661 1123 conlatione
677 1058 888 1125 tenebrarum
903 1065 1085 1124 vestrarum
1101 1078 1167 1122 nox
1190 1063 1326 1144 putatur
1347 1080 1408 1145 per
1430 1060 1546 1126 sudum
1570 1062 1706 1127 rutilans
1729 1062 1824 1128 iubar

165 1160 339 1227 ostendere
363 1167 397 1226 et
420 1161 523 1226 omnis
547 1161 729 1227 obscuritas
752 1162 881 1228 actibus
895 1163 1015 1229 vestris
1039 1164 1168 1228 conlata
1184 1162 1337 1228 decorem
1355 1163 1434 1228 solis
1451 1162 1611 1229 adsumit?
1647 1171 1823 1252 praeterea

163 1271 241 1358 tnnc
275 1263 374 1330 Iacob
413 1265 561 1350 quamvis
600 1271 834 1350 congruentem
873 1267 1017 1332 moribus
1051 1267 1097 1331 fili
1138 1265 1401 1333 benedictionem
1441 1273 1552 1333 tamen
1586 1269 1723 1335 contulit
1756 1270 1822 1335 ianr

164 1367 369 1456 promissam.
420 1389 506 1434 nnnc
537 1367 614 1455 quid
649 1367 701 1434 his
734 1369 863 1454 longius
897 1371 1112 1449 inmoramur,
1155 1389 1229 1433 cum
1263 1368 1401 1436 docendi
1433 1390 1498 1435 non
1533 1371 1598 1436 sint
1628 1372 1684 1457 qui
1715 1373 1870 1438 calcesdt

166 1471 305 1538 stimulis
327 1472 527 1538 intulerunt?
573 1471 696 1538 credite
727 1472 824 1554 mibi,
855 1473 944 1559 pacis
974 1473 1104 1538 inimica
1131 1479 1221 1554 sunt,
1252 1472 1477 1559 inpugnaticni
1504 1495 1570 1539 non
1601 1480 1676 1540 sunt
1705 1475 1823 1542 idonea

165 1596 252 1664 quae
275 1575 442 1663 profertis.

275 1677 341 1746 Sed
357 1679 504 1765 sequitur
515 1675 681 1744 vinculum
698 1700 771 1744 cum
787 1680 986 1767 aenigmate,
1010 1680 1095 1766 quod
1114 1679 1227 1746 nescio
1244 1700 1307 1764 qua
1322 1680 1545 1765 replicationis
1561 1687 1632 1748 arte
1647 1683 1822 1750 solvamus.

165 1781 336 1850 Tullianae
359 1783 447 1850 enirn
468 1783 700 1870 profunditatis
723 1785 863 1871 pelagus
886 1785 1026 1870 ingressi
1048 1783 1235 1848 cumbulam
1262 1788 1408 1848 nostram
1436 1783 1665 1870 quaestionum
1693 1785 1823 1852 flatibus

166 1908 227 1973 per
242 1886 374 1952 litorum
389 1887 515 1952 incerta
530 1888 763 1953 transmittunt.
801 1887 834 1952 in
851 1908 915 1972 qua
930 1893 1041 1952 tamen
1057 1885 1188 1952 Christo
1203 1887 1331 1951 clavum
1348 1892 1482 1954 tenente
1506 1893 1635 1974 portum
1658 1888 1824 1975 ingrediar

99 2037 104 2048 .
166 1999 200 2056 et
228 1991 418 2077 singillatim
446 1989 488 2057 de
520 1991 706 2058 turbinibus
733 1991 853 2057 vestris
885 1991 1041 2056 universa
1069 1988 1256 2070 discutiam,
1293 1989 1464 2056 habiturus
1496 1991 1528 2056 in
1564 1991 1663 2057 ductu
1693 1992 1822 2057 illorum

166 2094 366 2175 facultatem,
391 2114 457 2159 non
471 2116 588 2160 meam.
627 2097 719 2160 aiunt
734 2095 835 2161 enirn:
866 2095 905 2159 ‘si
921 2115 1000 2160 vera
1017 2101 1070 2161 est
1086 2093 1314 2181 episcopcrum
1337 2092 1491 2176 adsertio,
1515 2096 1603 2163 sedis
1626 2097 1823 2183 apostolicae
1836 2095 1877 2159 32

165 2198 354 2284 praesulem
381 2199 543 2264 minorum
573 2220 750 2285 numquam
781 2198 985 2265 subiacuisse
1014 2198 1216 2278 sententiae,
1249 2219 1306 2262 cur
1333 2195 1374 2260 ad
1402 2197 1556 2264 iudicium
1580 2198 1724 2264 districta
1747 2221 1823 2266 cou-

166 2302 319 2368 venticne
343 2301 520 2389 productus
543 2301 627 2368 estt'
666 2304 804 2370 multum
819 2303 950 2390 quidem
975 2323 1100 2368 annosa
1122 2302 1174 2366 hic
1196 2302 1229 2366 in
1253 2301 1348 2366 nobis
1371 2302 1498 2368 laborat
1521 2303 1669 2385 infantia,
1693 2303 1746 2368 cui
1768 2304 1824 2369 ille

70 2425 93 2467 r·
108 2417 148 2458 ³²²
166 2404 377 2471 advocandus
401 2413 462 2486 est,
485 2407 540 2492 qui
563 2407 761 2472 ineluctatae
785 2407 955 2472 nobiscum
979 2427 1112 2492 semper
1134 2405 1261 2491 pondus
1283 2405 1514 2492 propositionis
1537 2412 1726 2494 exsuperat,
1750 2428 1823 2472 cum

85 2533 113 2572 2¹0

166 2509 339 2575 manifeste
362 2531 421 2596 pro
446 2509 670 2576 sacerdotibus
694 2531 767 2574 cum
790 2510 919 2597 profeta
943 2506 1121 2576 clamitem:
1157 2509 1322 2595 ‘numquid
1344 2507 1541 2595 gldriabitur
1562 2511 1686 2576 securis
1709 2517 1824 2578 contra
1837 2520 1889 2564 1⁸⁸⁵·
1901 2527 1934 2575 1⁰.
1945 2527 1977 2566 ιι·

167 2635 241 2678 cum
265 2614 321 2700 qui
343 2619 434 2680 secat
454 2615 488 2678 in
513 2620 571 2678 ea?
610 2619 666 2678 aut
689 2614 892 2680 exaltabitur
919 2636 1011 2680 serra
1039 2621 1152 2680 contra
1176 2635 1250 2678 euru
1274 2614 1327 2699 qui
1352 2613 1452 2678 trabit
1475 2611 1577 2679 eam't'
1623 2619 1659 2678 ut
1681 2613 1723 2678 sit
1744 2612 1823 2678 mihi

166 2716 247 2781 illud
270 2717 425 2802 suffragio
449 2716 594 2782 divinum
618 2718 800 2783 oraculum:
836 2717 1009 2803 ‘quomodo
1034 2718 1060 2796 si
1084 2718 1226 2783 cassavit
1249 2723 1394 2796 exactor,
1418 2717 1574 2782 tributum
1597 2716 1749 2803 quiescit:
1778 2717 1978 2782 itane-taes·

167 2819 319 2885 contrivit
347 2819 497 2886 dominus
527 2821 679 2886 baculum
708 2819 902 2908 impiomm)
948 2821 1069 2900 tribue,
1101 2821 1247 2901 domine,
1281 2820 1367 2906 quod
1394 2820 1590 2907 praedixisti
1616 2820 1650 2885 iu
1676 2820 1757 2899 illis,
1789 2826 1826 2884 ut
1840 2817 1880 2880 33
1903 2813 1956 2856 ¹⁸⁰³·

168 2923 264 2988 ‘sicut
286 2931 374 2989 errat
398 2924 507 2989 ebrius
538 2930 571 2990 et
593 2922 749 3006 vomens',
780 2927 827 2991 ita
855 2933 971 3012 percat
997 2925 1185 2991 incredulus
1209 2925 1264 3011 qui
1287 2924 1464 2991 infideliter
1486 2925 1563 3010 agit.
1608 2931 1743 3011 propter
1765 2924 1825 2991 hoo
1869 2923 1870 2926 ’
1891 2869 1966 2969 13313

100 3075 104 3084 .
167 3027 294 3112 profeta
316 3027 410 3092 vobis
433 3027 594 3093 insultans
618 3028 788 3093 vociferat:
824 3028 945 3094 ‘audite
969 3028 1105 3094 verbum
1129 3028 1268 3109 domiui,
1296 3029 1358 3094 viri
1381 3026 1564 3094 inlusores?
1610 3028 1824 3114 quisquamne
1833 3036 1885 3080 1⁸⁸1·
1899 3042 1932 3090 ²⁸.
1948 3042 1979 3081 ¹⁴·

168 3150 339 3196 causarum
370 3151 411 3196 ex
443 3131 710 3217 praecognitione
738 3132 842 3197 sancit
875 3138 1029 3197 eventum
1053 3139 1087 3198 et
1109 3131 1231 3197 rabidis
1254 3132 1428 3198 terminum
1452 3132 1600 3218 positura
1622 3131 1825 3197 conflictibus

169 3234 214 3298 sic
237 3233 379 3316 metitur,
401 3240 438 3299 ut
460 3234 579 3321 pernix
595 3234 728 3316 decisio,
752 3234 828 3300 dum
845 3235 1052 3321 inquisitione
1071 3256 1145 3301 esse
1163 3235 1271 3300 senior
1287 3235 1475 3316 innotescit,
1498 3234 1644 3300 favorem
1659 3234 1826 3300 censentis

169 3342 325 3402 accuset?
363 3357 449 3403 nunc
472 3337 640 3425 paulisper
663 3359 719 3404 ore
742 3339 871 3404 actibus
895 3339 990 3404 annis
1013 3338 1166 3424 indignus
1189 3339 1366 3424 pontificali
1389 3359 1469 3404 voce
1486 3360 1544 3404 vos
1568 3359 1717 3425 argonam:
1752 3335 1877 3419 uos,3l

167 3442 222 3526 qui
237 3446 359 3506 statvna
381 3447 495 3507 nostra
516 3463 582 3507 non
604 3463 670 3508 una
692 3442 778 3527 apud
794 3463 854 3507 vos
874 3442 1038 3507 voluimus
1061 3443 1155 3507 lance
1182 3448 1343 3524 constare,
1367 3442 1484 3529 quibus
1507 3442 1548 3508 de
1572 3441 1825 3528 inpugnatorum

88 3591 94 3603 .
169 3543 325 3628 qualitate
354 3545 413 3609 luti
443 3551 519 3610 sunt
549 3566 710 3626 oenones,
745 3545 830 3632 apud
860 3567 942 3632 quos
971 3546 1064 3612 nefas
1095 3551 1145 3610 est
1168 3565 1251 3611 cana
1273 3552 1402 3633 patrum
1425 3545 1562 3612 definita
1584 3544 1829 3626 transcendere,

169 3645 288 3730 quibus
311 3647 466 3734 scripturn
490 3653 541 3714 cst
567 3649 600 3713 in
624 3647 888 3734 Carthaginiensi
916 3649 1073 3728 concilio,
1102 3646 1188 3733 quod
1210 3649 1415 3736 apostolicae
1439 3647 1528 3715 sedis
1551 3670 1612 3735 per
1633 3648 1826 3714 Faustinum
1863 3637 1982 3734 ¹¹⁰·⁰⁸{²¹¹·

170 3752 374 3840 episcopum,
413 3754 467 3839 qui
496 3760 573 3820 tunc
601 3753 644 3820 ab
677 3777 718 3820 ea
747 3755 867 3821 missus
896 3753 1059 3836 interfuit,
1091 3752 1244 3840 probavit
1270 3752 1464 3818 auotoritas:
1501 3750 1758 3819 ‘accusatoribus
1787 3750 1829 3817 de
1842 3793 1976 3852 ,qm

170 3855 293 3922 inimici
327 3854 424 3922 domo
459 3857 698 3945 prodeuntibus
729 3879 795 3923 non
827 3856 1048 3938 credendum',
1085 3857 1118 3921 in
1150 3855 1268 3942 quibus
1301 3855 1374 3921 odio
1403 3876 1562 3922 succensa
1590 3854 1740 3920 vicinitas
1769 3875 1829 3941 per
1842 3853 1883 3915 35

169 3958 370 4025 nutrimenta
391 3960 484 4027 arida
506 3962 670 4028 flammam
693 3949 934 4048 persecutionis
958 3961 1141 4028 exsuscitat
1164 3965 1198 4025 et
1220 3957 1407 4024 universam
1430 3958 1498 4025 doli
1519 3958 1679 4025 fabricam
1696 3964 1829 4045 sumptu

92 4085 119 4124 as
172 4071 209 4130 et
233 4064 391 4130 machinis
421 4063 675 4132 cohaerentibus
707 4071 837 4132 secreta
859 4062 1076 4152 dispositione
1100 4059 1267 4150 conponit.
1312 4062 1392 4127 istos
1415 4082 1500 4147 quae
1523 4059 1639 4128 domus
1663 4066 1831 4126 evomeret

78 4188 99 4230 n
114 4178 154 4220 ³2⁸
172 4168 228 4253 qui
250 4168 333 4235 scire
356 4169 520 4256 potuisset
542 4174 657 4234 nostra
679 4168 832 4234 collectio
856 4167 919 4233 nisi
941 4171 1163 4253 praesentes?
1205 4171 1240 4230 et
1261 4164 1506 4251 inpugnationis
1529 4165 1721 4251 qualitatem
1742 4162 1831 4230 unde

170 4271 235 4336 nisi
258 4292 301 4337 ex
324 4272 446 4359 scripta
468 4272 693 4359 propositione
718 4270 911 4338 didicisset?
955 4269 1131 4356 inquibus
1161 4267 1324 4334 sentinam
1354 4267 1539 4350 criminum,
1572 4268 1648 4334 dum
1678 4267 1830 4333 simulato

170 4373 280 4440 fenmt
301 4375 563 4463 persecutionem
588 4396 624 4441 se
648 4374 770 4441 debere
794 4373 996 4455 criminibus,
1021 4374 1232 4459 agnovisset?

278 4479 446 4558 Postilla,
470 4500 554 4565 quae
578 4477 618 4545 de
643 4479 891 4546 accusatoribus
913 4477 1042 4567 prolata
1065 4484 1151 4558 sunt,
1175 4475 1362 4542 addidistis:
1388 4494 1445 4538 cur
1460 4494 1622 4561 personae
1637 4473 1746 4541 iussae
1762 4475 1826 4541 siut
1839 4473 1880 4536 36

92 4606 120 4646 co
171 4583 394 4669 praesentari,
436 4603 518 4669 quas
551 4604 652 4670 saepe
686 4583 865 4670 imperialis
899 4581 1082 4668 flagitasset
1114 4579 1309 4660 auctoritas,
1345 4579 1388 4644 ud
1421 4575 1702 4644 defraudationem
1736 4579 1826 4666 genii

275 4805 293 4858 3
305 4805 380 4875 uoce]
390 4807 515 4861 uiceedit
529 4808 618 4860 Oeten
628 4807 719 4859 emnil.
729 4815 752 4859 at
761 4806 839 4860 Siren.
910 4803 1026 4874 dlaccb]
1040 4807 1111 4859 Isaac
1118 4822 1197 4872 prop.
1207 4802 1286 4857 Sbm.
1322 4804 1360 4855 fili
1369 4802 1403 4868 B,
1414 4804 1460 4855 tilii
1469 4803 1545 4856 couri
1614 4801 1647 4854 12
1659 4802 1827 4871 enigmntcV,

171 4893 292 4962 fulgurata
304 4894 330 4946 B
435 4891 468 4946 13
485 4890 645 4959 cumbulam]
660 4894 798 4946 coubularu
810 4891 853 4944 13¹
861 4893 914 4957 Vn,
931 4893 1061 4945 oinbulam
1073 4889 1127 4956 Β),
1144 4891 1237 4960 copula
1251 4891 1318 4954 OPb,
1335 4891 1494 4942 sterilitatem
1511 4890 1540 4942 iu
1552 4907 1601 4957 mg.
1618 4887 1660 4938 1⁷2
1719 4890 1832 4942 conbula

171 4987 283 5032 nostram
300 4980 459 5033 sterilitatem
474 4998 499 5047 q.
512 4979 547 5044 A,
564 4980 724 5032 sterilitatem
736 4980 899 5032 confabulatu
912 4987 1025 5032 nocuum
1036 4997 1061 5046 q.
1075 4977 1105 5042 3,
1121 4977 1269 5029 cumbulam
1283 4984 1385 5028 noemae
1401 4977 1541 5029 sterilitatis
1553 4993 1576 5042 q.
1591 4975 1617 5025 Β
1712 4973 1745 5026 15
1762 4975 1832 5044 sigil-

171 5065 242 5117 latim
257 5065 339 5119 rupo
430 5063 462 5116 l'l
479 5065 635 5118 dssbictaB
722 5064 755 5117 18
772 5066 912 5134 perductus
921 5064 974 5115 ΑΒ
1060 5060 1096 5115 20
1113 5063 1270 5132 prophetaii
1357 5059 1390 5114 21
1404 5060 1554 5128 quilr'ſtrabit
1564 5059 1589 5110 V
1636 5059 1704 5129 eam]
1717 5061 1833 5114 0nta

171 5147 206 5202 25
222 5153 346 5220 propbeta
358 5152 384 5203 A
490 5147 524 5203 a?
542 5151 702 5218 inquisitioni
713 5150 739 5202 B
843 5148 878 5202 29
896 5158 993 5203 statuta
1010 5146 1107 5216 nostra]
1122 5155 1192 5202 statu
1209 5156 1296 5201 nostro
1308 5147 1354 5200 13⁶
1413 5148 1551 5200 noluemus
1563 5145 1597 5212 B,
1612 5146 1735 5199 uolumus
1750 5145 1831 5199 PGPt

170 5233 206 5289 30
221 5239 331 5291 diffinita
340 5239 387 5291 ΟΡ
396 5246 419 5292 at
428 5237 509 5291 Simu.
615 5235 649 5290 31
669 5237 829 5290 scribtumB
897 5234 1182 5304 chartaginisusiBVL
1291 5229 1326 5286 32
1344 5233 1497 5302 approbauit
1506 5231 1585 5284 Sir-nr.
1653 5232 1777 5286 anterius
1787 5230 1833 5284 B?

172 5320 206 5375 35
224 5325 349 5377 machinis
365 5327 422 5378 cub.
442 5323 490 5391 (isc
501 5325 530 5376 iu
542 5322 591 5388 lit)
603 5323 630 5374 B
698 5323 844 5392 dispoaione
855 5322 882 5374 Β
985 5319 1019 5374 37
1032 5322 1128 5374 scribta
1139 5321 1165 5373 B
1234 5321 1369 5372 dedicisset
1380 5318 1406 5371 Β
1509 5315 1545 5370 38
1562 5314 1656 5384 ferunt]
1674 5319 1781 5370 fuerunt
1792 5314 1833 5369 13¹

172 5405 206 5461 33
223 5409 268 5462 illo
280 5407 350 5461 BV!
420 5409 559 5462 addedistis
572 5407 598 5460 Β
667 5425 715 5462 cur
733 5409 802 5476 quod
818 5424 942 5476 personae
961 5410 1032 5459 ...l
1050 5406 1212 5459 reitandum
1228 5423 1281 5459 cecc
1295 5415 1359 5474 prun
1463 5402 1718 5458 40defrndatiousm
1729 5400 1770 5455 B¹

276 5615 309 5669 16
328 5615 398 5671 Acta
414 5630 473 5686 syn.
491 5619 555 5668 cn:
582 5611 740 5683 [pontifices
764 5615 964 5685 suggesserunt
987 5612 1060 5683 regi]
1079 5651 1085 5666 .
1102 5652 1129 5667 ..
1151 5629 1203 5668 nec
1226 5611 1386 5668 antedictae
1411 5609 1484 5666 sedis
1513 5609 1671 5666 antistitem
1694 5608 1833 5663 minorum

174 5701 251 5771 (aab.
270 5701 461 5769 minimorum)
480 5698 651 5756 subiacuisse
669 5701 784 5757 indicio.
