4538 6436
674 403 722 456 xa
740 402 862 472 (aaran.
881 401 907 465 a,
926 402 961 470 n,
981 401 1042 454 xm
1061 401 1185 469 (aaran.
1203 401 1228 470 a,
1246 403 1283 470 e).
1770 407 1811 468 39

152 577 239 662 quod
262 598 325 641 non
357 577 397 641 de
428 576 601 642 verborum
629 575 774 663 pondere
803 577 856 642 vel
883 597 1002 663 pompa
1036 577 1198 662 capiatur,
1232 577 1286 661 qui
1315 577 1356 642 de
1385 577 1530 641 absentis
1559 578 1731 663 propinqui
1760 582 1812 642 eet

153 682 260 746 salute
284 680 456 758 sollicitus,
489 701 550 745 nec
574 681 727 746 aestimat
749 683 839 748 nasei
861 703 959 767 posse
982 681 1141 746 offensam
1164 680 1205 745 de
1234 682 1349 765 gratia,
1378 682 1440 746 hoc
1470 681 1511 745 ad
1540 681 1697 746 laetitiam
1729 683 1809 745 satie

153 806 229 850 esse
254 785 427 864 coniciens,
451 786 475 848 si
500 791 644 871 optatam
668 786 795 850 nuntiet
819 787 960 872 epistula
985 787 1184 871 sospitatem.
1230 785 1287 850 sed
1311 805 1380 863 vos,
1404 806 1484 868 quos
1508 785 1590 850 libra
1614 785 1753 871 peritiae
1777 785 1843 849 in3

153 889 276 974 eloquii
308 888 402 953 lance
437 889 603 975 pensavit,
639 890 754 975 quibus
788 889 923 954 ubertas
958 891 1101 974 linguae,
1136 890 1316 973 castigatus
1350 908 1472 968 sermo,
1506 889 1648 953 Latiaris
1682 887 1810 968 ductus,

82 1008 94 1042 ὁ
154 993 315 1079 quadrata
346 998 474 1057 constat
508 993 659 1073 elocutio,
692 995 845 1080 quaeritis
881 994 1031 1058 nimirum
1060 995 1091 1057 in
1122 993 1193 1058 aliis
1223 990 1307 1076 quod
1336 992 1506 1070 exereetis,
1541 994 1696 1079 quaeritis
1724 992 1810 1079 quod

151 1099 279 1162 amatis.
323 1117 380 1160 nos
404 1096 445 1161 ab
469 1096 628 1161 scolarum
652 1098 832 1183 gymnasiis
856 1099 1058 1181 sequestrati,
1091 1099 1214 1162 arentis
1238 1095 1361 1180 ingenii
1385 1096 1486 1181 guttis
1510 1097 1673 1181 quaedam
1696 1097 1811 1161 oceani

150 1203 275 1267 fluenta
297 1221 522 1287 provocamus,
555 1202 647 1286 quasi
670 1201 798 1286 lychnis
823 1207 936 1264 contra
958 1202 1034 1266 solis
1058 1201 1167 1265 radios
1189 1201 1374 1285 pugnaturi.
1419 1201 1484 1264 mei
1507 1202 1629 1265 macies
1654 1201 1750 1286 longe
1774 1203 1841 1265 sed

151 1311 313 1370 monstrat
342 1304 439 1369 studii
470 1311 519 1385 et,
552 1305 614 1368 nisi
646 1311 821 1370 excusetur
851 1306 973 1390 pietate
1009 1305 1190 1390 garrulitas,
1223 1303 1428 1388 dispendium
1457 1305 1579 1388 proprii
1605 1304 1736 1391 pudoris
1764 1310 1814 1368 est

152 1407 241 1495 quod
263 1409 379 1473 amavi.
425 1429 510 1471 vena
533 1406 663 1492 quidem
693 1408 825 1492 linguae
850 1429 869 1470 a
892 1408 1022 1491 generis
1051 1407 1140 1471 fonte
1172 1407 1311 1471 trahitur
1342 1414 1374 1470 et
1400 1409 1528 1472 fervore
1558 1408 1699 1493 genuino
1729 1407 1813 1472 solet

86 1529 87 1532 ’
152 1511 261 1577 fetura
283 1511 402 1576 nobilis
426 1511 567 1575 incitari:
601 1532 662 1595 ego
692 1531 767 1574 rnea
795 1532 867 1574 sum
895 1513 989 1597 inpar
1017 1511 1180 1597 prosapia,
1208 1529 1260 1574 me
1290 1509 1420 1575 dotibus
1448 1512 1565 1576 vestris
1594 1511 1687 1597 quasi
1715 1531 1812 1598 pere-

151 1617 281 1702 grinum
309 1616 465 1680 scientiae
496 1614 664 1701 plenitudo
692 1637 755 1679 non
786 1616 903 1700 tetigit,
934 1637 994 1700 ego
1026 1637 1083 1679 vos
1114 1621 1240 1679 tantum
1269 1613 1403 1679 laudare
1432 1615 1537 1698 magis
1568 1635 1665 1700 quam
1693 1613 1812 1678 imitari

150 1721 256 1785 valeo.
303 1726 336 1785 et
360 1720 507 1804 quamvis
531 1718 670 1784 necdum
694 1721 726 1784 in
749 1741 802 1785 me
825 1721 867 1785 ad
890 1721 1003 1784 florem
1026 1719 1154 1783 venerit
1176 1725 1305 1783 matura
1327 1716 1480 1782 facundia
1502 1724 1535 1782 et
1555 1739 1689 1804 pressus
1710 1719 1841 1802 onereb

151 1824 277 1909 gratiae
300 1822 449 1888 solvendi
472 1821 607 1888 deserar
628 1824 795 1906 facultate,
820 1824 985 1888 committo
1010 1831 1120 1888 tamen
1145 1823 1295 1888 cumbam
1319 1829 1452 1888 tenuem
1473 1821 1601 1908 placido
1616 1821 1709 1902 mari,
1734 1823 1810 1906 quie

151 1949 267 2015 parum
290 1928 331 1993 ab
353 1927 587 2013 ingratitudine
604 1927 714 1993 differt
729 1936 819 1993 muta
835 1929 1020 2014 gratulatio.
1058 1927 1144 1992 unde
1167 1927 1311 1991 nascitur
1332 1945 1459 2011 quaese,
1487 1933 1523 1990 ut
1544 1946 1703 2012 prospera
1726 1946 1808 2011 quae

82 2047 93 2080 ³
151 2031 193 2096 de
222 2031 313 2096 vobis
342 2032 516 2118 perlatoris
544 2032 701 2097 relatione
730 2034 878 2117 cognovi,
909 2033 994 2096 inter
1018 2033 1174 2096 caelestia
1204 2029 1283 2094 mihi
1314 2029 1475 2094 beneficia
1505 2035 1731 2115 conputantur.
1777 2029 1841 2094 etti

151 2136 300 2221 quamvis
323 2134 461 2201 reddere
492 2136 646 2201 deberem
677 2137 835 2201 sermonis
863 2136 978 2206 officia,
1014 2134 1070 2198 aed
1102 2136 1176 2220 quia
1205 2134 1399 2220 portitorum
1430 2133 1641 2218 neglegentia
1667 2133 1746 2198 feeit
1776 2139 1812 2196 nt
1893 2173 1894 2178 .

151 2238 298 2304 directae
321 2261 341 2303 a
363 2239 456 2304 vobis
480 2248 536 2304 aut
568 2241 787 2306 retinerentur
817 2245 873 2304 eut
901 2239 1117 2326 perderentur
1144 2238 1320 2324 epistulae:
1353 2257 1414 2322 ego
1444 2243 1553 2301 tamen
1582 2237 1811 2302 verecundiam

151 2363 260 2406 meam
285 2344 317 2407 in
341 2343 478 2408 statione
502 2342 678 2429 degentem
708 2344 749 2407 ad
778 2345 903 2409 incerta
930 2341 1052 2407 deduxi
1083 2349 1116 2405 et
1144 2348 1248 2406 totum
1280 2361 1331 2404 me
1361 2339 1536 2426 legendum
1559 2343 1673 2427 ⁴sapori
1702 2351 1812 2407 vestro

156 2445 323 2512 committo.
368 2448 469 2526 salve,
493 2449 536 2512 mi
560 2447 701 2524 domine,
733 2456 767 2512 et
789 2453 953 2512 amantem
977 2449 1075 2512 vestri
1098 2447 1324 2531 frequentibus
1348 2447 1447 2511 colite
1476 2445 1595 2510 muniis
1619 2447 1812 2527 litterarum,

68 2573 73 2584 ·
152 2550 240 2614 circa
261 2570 345 2636 quae
370 2551 480 2616 studia
501 2551 631 2636 pigrum
655 2573 727 2616 esse
752 2572 812 2616 nec
835 2551 1026 2636 diligentem
1051 2552 1204 2615 convenit
1227 2573 1288 2615 nee
1311 2549 1496 2615 facundum.

811 2857 896 2924 XLI
919 2861 1028 2944 (aeter.
1053 2864 1082 2942 2,
1107 2861 1151 2944 8).

701 3053 939 3130 ENNODIVS
965 3053 1273 3130 APOLLINARI.

265 3199 343 3295 Pro
376 3237 451 3296 voto
470 3232 629 3321 'militant
663 3230 833 3296 desideriis
867 3233 1006 3318 propriis
1039 3233 1251 3298 necessitates
1289 3233 1431 3312 alienae,
1470 3231 1546 3295 dum
1583 3232 1616 3294 in
1653 3226 1838 3316 gaudiuml

152 3339 300 3396 nostrum
323 3334 506 3420 aliquorum
529 3334 680 3422 precibus
704 3335 898 3401 exhibemus
920 3336 1121 3422 obsequium.
1169 3339 1240 3421 quis
1272 3357 1337 3401 non
1368 3337 1473 3423 pretio
1496 3340 1629 3422 propter
1651 3355 1686 3397 se
1710 3351 1809 3419 quae-

152 3442 250 3516 reret,
274 3436 360 3522 quod
392 3438 488 3503 alteri
517 3439 577 3504 sub
606 3439 667 3503 hac
695 3440 864 3504 occasione
896 3445 1102 3525 praestatur?
1136 3440 1259 3506 debent
1287 3440 1366 3505 mihi
1395 3462 1479 3505 nunc
1509 3439 1688 3526 perlatores
1715 3457 1811 3522 prae·

69 3551 96 3590 sa
154 3540 296 3604 sentium
319 3540 431 3607 debita
454 3563 528 3606 mea
552 3549 585 3608 et
607 3564 671 3607 non
695 3542 798 3606 solum
821 3543 937 3607 moad
968 3545 1162 3608 solutionem
1190 3565 1254 3608 non
1283 3544 1485 3630 pertrahunt,
1516 3541 1573 3606 sed
1604 3562 1639 3606 se
1669 3538 1812 3604 fatentur

152 3641 319 3707 obnoxios.
363 3665 428 3709 non
453 3653 504 3710 est
526 3647 671 3712 incuriae
695 3644 779 3730 quod
802 3668 875 3710 raro
899 3669 918 3711 a
940 3668 992 3711 me
1016 3648 1136 3732 scripta
1156 3654 1387 3734 prorogantur:
1411 3647 1529 3711 similia
1551 3645 1750 3731 frequenter,
1774 3650 1810 3707 ut

151 3765 238 3811 nunc
269 3748 408 3834 repperi,
440 3747 529 3813 bona
562 3772 598 3815 se
634 3749 837 3816 subtrahunt.
888 3751 1055 3816 inveniant
1089 3773 1166 3838 ergo
1199 3753 1295 3817 huius
1330 3752 1474 3818 benificii
1509 3751 1661 3832 fructum,
1698 3750 1723 3814 si
1757 3750 1842 3813 me2

151 3847 297 3936 diligitis,
320 3852 504 3936 portitores,
527 3854 582 3938 qui
604 3856 686 3918 sieut
709 3877 729 3919 a
751 3877 803 3921 me
829 3877 878 3937 ea,
911 3876 994 3941 quae
1025 3863 1118 3922 erant
1146 3857 1334 3940 obterenda,
1366 3862 1558 3943 exegerunt,
1592 3856 1640 3920 ita
1673 3854 1714 3919 ad
1743 3875 1810 3934 vos,

150 3961 188 4020 ut
210 3957 331 4043 opinor,
354 3956 395 4022 de
418 3959 602 4046 scriptionis
626 3963 808 4026 conmercia
833 3969 946 4047 optata
969 3962 1164 4048 perducunt.
1193 3962 1324 4027 domine
1348 3961 1402 4042 mi,
1427 3961 1630 4025 salutationis
1653 3958 1811 4044 obsequia

151 4059 329 4126 restituens
358 4060 456 4126 deum
489 4084 616 4149 precor,
649 4072 686 4129 ut
713 4065 797 4130 baec
825 4065 916 4130 vobis
946 4067 979 4130 in
1009 4066 1093 4131 bona
1123 4067 1306 4131 constitutis
1336 4065 1514 4130 valitudine
1543 4063 1751 4150 porrigantur
1778 4067 1812 4126 et

151 4159 306 4228 reddatur
327 4164 402 4228 ilico
426 4167 557 4252 pagina,
582 4188 665 4252 quae
689 4189 796 4234 meam
820 4176 965 4256 quaerat,
990 4176 1132 4235 vestram
1154 4171 1282 4236 nuntiet
1305 4171 1506 4256 sospitatem.

255 4455 406 4510 faeetimet
423 4461 514 4525 serpet
583 4459 805 4526 exitimat,⁵,llnasci
824 4461 881 4526 (nas
899 4464 926 4514 in
944 4463 992 4527 lit.)
1011 4481 1085 4530 posse
1104 4467 1226 4516 offensam
1239 4462 1279 4527 Β,
1297 4465 1427 4515 existimat
1444 4464 1513 4529 quod
1530 4463 1600 4513 nasei
1618 4463 1698 4530 possit
1714 4463 1811 4515 offensa

150 4545 227 4595 ceteri
322 4543 339 4595 4
358 4547 479 4612 pensauit
490 4545 594 4611 Hartel,
612 4549 731 4614 pensabit
749 4549 809 4599 libri
827 4547 961 4616 (pensabat
976 4549 1025 4614 Vl)
1083 4553 1212 4602 seruicia
1231 4553 1266 4602 lit.
1284 4551 1307 4599 V
1399 4547 1416 4601 5
1434 4550 1547 4601 cluentio
1561 4545 1589 4600 Β
1641 4550 1768 4615 quaeretis
1782 4546 1811 4601 Β

151 4627 168 4678 6
186 4645 297 4696 gemus·
309 4629 312 4696 Ι
324 4632 368 4682 siis
380 4631 458 4696 (eras.
472 4629 495 4697 s)
508 4630 536 4683 Β
597 4635 675 4700 gottis
688 4633 715 4686 Β
778 4635 884 4687 ocheani
896 4633 923 4686 Β
1037 4633 1166 4702 'llyohrris
1180 4637 1268 4700 Sirra,
1286 4638 1372 4705 lygnis
1384 4635 1469 4699 BVL,
1486 4636 1621 4703 lignisrel.
1683 4635 1769 4686 radius
1780 4633 1809 4687 Β

150 4713 334 4782 8p0d0ra131
422 4715 530 4783 9fonte]
543 4721 617 4770 sonae
627 4717 655 4770 Β
661 4718 671 4755 ¹
760 4718 792 4771 11
805 4722 926 4774 scientiae
935 4720 1112 4774 scientiaeBl
1201 4720 1232 4772 12
1244 4719 1363 4788 necdum]
1374 4722 1512 4774 nondumd
1600 4717 1632 4770 13
1644 4721 1809 4772 ἀοωτιιτΒ

151 4801 269 4867 cymbam
284 4800 308 4851 V
409 4801 443 4854 14
455 4819 550 4871 quaeso
561 4803 666 4870 Hartel,
684 4823 750 4873 quae
761 4805 846 4872 BVL,
864 4809 933 4875 quod
946 4807 988 4858 Ta
996 4847 1003 4872 ,
1021 4827 1069 4860 om.
1084 4805 1161 4870 (we,-
1175 4810 1322 4876 9raviorem
1340 4807 1565 4876 emperantia
1582 4809 1682 4860 subesse
1699 4819 1809 4875 apparet

151 4883 186 4937 15
203 4895 357 4955 conputatur
372 4888 431 4953 n,
455 4897 607 4958 conpetatur
620 4890 660 4956 Β,
682 4899 862 4960 computantur
879 4891 977 4960 tuph,
1000 4903 1173 4962 conputantur
1191 4894 1270 4948 Sirra.
1411 4892 1443 4946 16
1466 4895 1585 4948 deberem
1607 4895 1711 4947 reddere
1730 4894 1810 4946 Sir-m.

151 4973 236 5024 officia
249 4970 285 5038 Β,
303 4975 417 5026 osticium
435 4977 510 5028 σείει-ι’
579 4979 640 5044 quia
658 4979 795 5031 delerrdum
807 4981 874 5047 sort.
945 4981 1103 5049 negligentia
1117 4978 1145 5032 Β
1256 4980 1290 5033 19
1309 4983 1389 5034 colete
1401 4980 1470 5031 BVl
1574 4977 1610 5031 20
1626 4988 1755 5032 conuenet
1766 4979 1794 5032 Β
1800 4979 1810 5017 ²

256 5073 335 5144 [XLI]
378 5076 411 5130 21
429 5081 571 5148 apollonari
586 5078 683 5133 Vtut]
809 5080 843 5133 22
860 5084 953 5136 militat
967 5083 1004 5132 Vt
1091 5087 1270 5138 neccessitatee
1286 5084 1313 5136 B
1443 5082 1477 5136 23
1494 5086 1618 5137 elicorum
1631 5081 1659 5134 Β
1745 5086 1811 5151 preti

151 5179 207 5227 sup.
221 5163 293 5215 limo
306 5161 334 5214 B
434 5165 472 5218 25
489 5175 689 5235 pertruuntmp.
704 5170 750 5220 lin.
763 5170 780 5219 h
791 5168 817 5219 Β
921 5167 955 5220 26
973 5172 1068 5223 scribta
1081 5168 1108 5222 Β
1206 5168 1240 5221 27
1258 5173 1396 5224 subtraant
1407 5188 1463 5238 sup.
1478 5171 1522 5224 lin.
1537 5171 1593 5222 hB
1655 5171 1774 5223 beneficii
1790 5171 1815 5220 V

151 5243 187 5300 28
203 5249 314 5317 diligetis
327 5248 373 5388 Ξῖ
442 5253 572 5306 offerenda
587 5253 612 5303 V
723 5253 757 5306 29
776 5253 822 5324 mi]
842 5256 905 5306 mihi
923 5255 1000 5307 BVL
1117 5254 1152 5309 30
1170 5259 1316 5312 constitutis
1329 5256 1370 5321 Β,
1392 5275 1440 5310 om.
1459 5258 1534 5311 reteri
1603 5257 1753 5310 ualitudinis
1769 5256 1808 5305 V!

150 5343 319 5405 Wmssffltur
