4566 6532
415 393 579 450 cnxxxlv
598 394 720 464 (EPIST.
740 395 764 458 9,
784 394 837 461 12),
855 393 1006 447 CDXXXV
1025 393 1147 462 (EPIST.
1166 395 1191 456 9,
1210 394 1262 460 13),
1281 392 1445 447 cuxxxvt
1464 395 1567 461 (DIC'I'.
1585 394 1639 462 27).
1794 395 1857 458 299

790 651 1006 720 euffllv
1028 651 1138 739 (sessu.
1155 657 1185 734 9,
1204 654 1269 739 12).

769 832 1020 907 MESSALAE
1046 832 1295 906 ENNODlVS.

321 959 419 1054 Fero
436 996 615 1055 vestrarum
631 991 865 1057 abstinentiam
882 994 1076 1071 litterarum,
1101 993 1129 1056 si
1146 993 1192 1056 sic
1210 992 1251 1058 ad
1267 993 1471 1058 incrementa
1494 990 1606 1077 gaudii
1628 991 1693 1055 mei
1715 991 1858 1077 pertinet
1873 995 1883 1054 t

203 1091 290 1177 quod
322 1094 450 1158 tacetis.
496 1115 561 1159 non
592 1102 643 1160 est
676 1098 817 1161 molesta
846 1098 1007 1184 paginalis
1038 1097 1251 1178 intermissio,
1287 1097 1314 1160 si
1346 1117 1419 1160 oum
1448 1093 1627 1182 splendidis
1661 1093 1858 1159 dictionibus

202 1197 381 1282 iunguntur
410 1220 483 1264 rara
511 1200 694 1285 conloquia.
740 1201 826 1285 quod
856 1201 896 1265 de
921 1202 1026 1286 gratia
1056 1200 1143 1264 circa
1166 1197 1223 1264 uos
1247 1200 1314 1280 dei,
1344 1199 1431 1286 quod
1454 1198 1495 1264 de
1518 1199 1639 1263 sanetis
1663 1197 1856 1284 parentibus

136 1330 147 1366 n
200 1301 470 1385 praesumebatur
485 1304 621 1390 accipio.
652 1305 716 1369 iarn
727 1305 892 1389 suffragiis
908 1307 1086 1369 amicorum
1102 1304 1166 1383 dei,
1183 1306 1238 1390 qui
1253 1304 1312 1368 tibi
1327 1310 1422 1390 pater
1438 1309 1471 1368 et
1487 1303 1589 1368 frater
1602 1308 1663 1382 est,
1683 1301 1856 1386 agnovisti.

203 1426 281 1471 vere
310 1405 485 1471 dictionem
516 1412 605 1471 tuam
636 1409 705 1472 sine
736 1409 894 1487 lacrimis,
926 1429 1006 1493 quas
1035 1407 1160 1473 dabant
1188 1407 1323 1492 gaudia,
1355 1429 1420 1472 non
1450 1406 1562 1492 relegi.
1608 1406 1683 1470 nolo
1713 1402 1799 1491 apud
1823 1409 1890 1469 tea

203 1529 287 1593 quae
317 1509 358 1574 de
386 1515 418 1574 te
448 1512 552 1574 sentio
576 1512 750 1576 verborum
774 1512 1012 1598 inportunitate
1036 1510 1229 1598 producere.
1275 1510 1461 1590 laborant,
1492 1509 1577 1595 quod
1602 1514 1802 1594 suggerente
1826 1508 1859 1572 in

204 1613 353 1677 sensibus
384 1635 467 1678 vena
502 1615 645 1694 invenis,
683 1635 850 1700 conponas
883 1616 1081 1700 eloquentia.
1127 1615 1206 1678 nihil
1237 1614 1296 1679 tibi
1324 1635 1343 1678 a
1372 1613 1483 1678 domni
1512 1613 1625 1677 Fausti
1656 1619 1689 1678 et
1720 1610 1859 1676 domnae

203 1737 297 1781 meae
321 1719 433 1782 matris
456 1723 532 1783 tuac
556 1719 623 1782 filio
646 1720 754 1783 minus
777 1725 837 1799 est,
861 1719 924 1782 nisi
941 1718 1026 1804 quod
1043 1719 1112 1803 ipse
1131 1718 1277 1781 studiose
1294 1717 1506 1781 subtraxeris.
1544 1723 1659 1803 pareat
1674 1716 1734 1781 tibi
1748 1722 1859 1780 tamen

205 1819 301 1900 deus,
339 1827 376 1884 ut
405 1821 520 1886 credas
555 1844 607 1887 me
641 1823 855 1888 inmemorem
887 1823 936 1886 tui
966 1845 1057 1902 esse,
1097 1821 1173 1886 dum
1205 1821 1449 1908 inpedientibus
1480 1821 1601 1885 morbis
1631 1821 1795 1905 frequenti
1827 1827 1860 1883 te

205 1925 382 2008 scriptione
405 1946 470 1989 non
488 1946 640 1990 veneror:
665 1925 766 1991 debes
789 1947 886 1990 nosse
909 1926 1043 2010 dignum
1060 1945 1133 1990 esse
1150 1926 1246 1989 venia
1263 1925 1416 2010 quicquid
1433 1925 1632 1989 necessitate
1650 1923 1859 2009 delinquitur.

204 2026 334 2093 domine
358 2030 413 2110 mi,
438 2031 669 2094 salutationem
692 2029 917 2115 plenissimam
941 2029 1055 2094 dicens
1077 2028 1276 2094 benedicere
1300 2051 1352 2094 me
1375 2029 1473 2094 deum
1497 2029 1530 2092 in
1554 2028 1708 2113 operibus
1732 2028 1802 2092 eius
1818 2024 1892 2091 de3

204 2131 313 2195 domni
338 2132 456 2197 Avieni
480 2133 710 2197 coniunctione
735 2133 884 2217 significo
910 2141 943 2198 ct
966 2133 1007 2197 de
1031 2140 1063 2196 te
1088 2132 1173 2222 quod
1198 2133 1269 2196 eius
1294 2133 1400 2217 pietas
1423 2131 1598 2217 pollicetur
1621 2138 1773 2217 expecto.

802 2422 996 2491 cltxxxv
1019 2427 1128 2505 (eersr.
1147 2430 1177 2507 9,
1196 2426 1260 2511 13).

754 2603 1042 2678 esnanomo
1069 2557 1317 2678 eunomus¹

317 2733 540 2846 peregrinari
564 2781 617 2825 me
640 2761 673 2825 in
698 2762 769 2825 solo
799 2763 904 2847 patrio
928 2763 1022 2827 vobis
1054 2763 1247 2828 absentibus
1278 2763 1446 2844 crederes,
1477 2765 1607 2829 etiamsi
1628 2766 1782 2829 valerem.
1828 2769 1888 2829 ati

206 2886 279 2929 curn
303 2863 474 2948 aegritudo
497 2864 576 2928 mihi
601 2871 633 2929 et
657 2865 859 2949 quorundam
883 2867 1013 2931 insistat
1035 2868 1216 2948 infirmitas,
1239 2869 1326 2932 inter
1348 2874 1504 2952 utrasque
1522 2868 1599 2953 quid
1614 2866 1754 2932 faciam?
1790 2867 1862 2952 quis

205 2989 269 3033 uno
297 2975 444 3053 tempore
473 2975 507 3032 et
535 2968 668 3032 morbos
699 2968 784 3032 ierat
813 2977 846 3033 ct
874 2971 1039 3056 perfidos?
1079 2972 1164 3036 scias
1194 2972 1284 3035 nulla
1307 2973 1475 3050 cautione.
1507 2970 1597 3035 nulla
1619 2971 1807 3035 innocentia
1829 2971 1862 3034 in

205 3072 336 3136 civitate
366 3076 478 3134 nostra
502 3091 586 3156 quae
610 3070 672 3136 deo
695 3071 804 3137 medio
828 3073 991 3158 promissa
1014 3081 1088 3139 sunt
1111 3075 1275 3138 custodiri.
1321 3083 1425 3139 totum
1449 3074 1599 3139 felicitati
1623 3074 1786 3155 tribuitur,
1817 3075 1863 3138 nil

205 3176 322 3249 amori;
353 3176 440 3238 circa
468 3174 608 3238 humiles
639 3195 711 3238 rara
739 3172 903 3260 dignatio:
934 3179 1077 3262 optimus
1107 3178 1163 3242 ille
1192 3180 1246 3264 qui
1271 3179 1398 3245 celsior.
1443 3177 1502 3242 sed
1525 3178 1608 3243 haec
1632 3199 1694 3262 ego
1717 3199 1782 3242 non
1806 3199 1863 3263 pro

126 3315 131 3329 ·
204 3281 283 3360 mei,
315 3283 366 3345 cui
397 3282 478 3346 nibil
507 3290 659 3368 superest
691 3282 777 3368 quod
802 3305 947 3370 sperem,
979 3285 1240 3350 consideratione
1265 3285 1409 3369 suspiro:
1442 3283 1532 3348 dolet
1555 3281 1633 3346 mihi
1656 3281 1730 3345 illos
1753 3281 1863 3367 perire

141 3467 142 3470 Ἴ
205 3407 286 3470 quos
315 3385 426 3470 diligo.
472 3386 602 3471 plenius
630 3385 723 3450 vobis
752 3408 823 3451 rem
852 3407 980 3450 omnem
1010 3395 1044 3452 et
1071 3408 1168 3472 quarn
1198 3392 1332 3472 propter
1362 3384 1505 3449 studium
1533 3391 1678 3450 vostrum
1708 3383 1895 3449 invidiam2

206 3491 425 3553 contraxerim
456 3489 555 3553 homo
585 3495 696 3554 vester
726 3490 917 3556 insinuabit.
963 3513 1026 3575 ego
1057 3491 1214 3554 honorem
1246 3489 1454 3552 salutationis
1486 3488 1667 3574 inpertiens
1698 3508 1794 3572 rogo,
1827 3492 1864 3550 ut

206 3593 327 3677 scripta
349 3613 424 3656 mea
447 3598 481 3657 et
503 3593 621 3656 domno
645 3592 774 3658 Avieno
799 3601 832 3658 ct
863 3593 982 3657 domno
1006 3593 1138 3657 Liberio
1167 3593 1318 3678 protinus
1349 3592 1564 3672 contradatis,
1597 3597 1630 3656 et
1658 3612 1717 3677 per
1746 3591 1863 3676 ipsum,

205 3696 260 3778 qui
291 3695 383 3759 nobis
412 3696 623 3760 Panfroniatn
656 3702 799 3760 nostram
832 3717 944 3761 sanam
980 3695 1121 3773 tribuat,
1158 3695 1306 3774 conium,
1346 3701 1382 3758 ut
1411 3715 1488 3758 mox
1521 3716 1572 3760 me
1605 3693 1684 3779 quid
1716 3695 1865 3780 responsi

129 3829 153 3865 c,
207 3797 358 3863 dederint
386 3799 571 3874 instruatis3
603 3801 680 3884 quia
710 3800 736 3862 si
767 3800 877 3883 regius
908 3799 1122 3885 occupatione
1151 3799 1260 3882 aliqua
1283 3805 1423 3884 negatur
1446 3797 1623 3878 adventus,
1655 3819 1717 3882 ego
1742 3796 1864 3861 advos

206 3903 269 3966 deo
291 3923 366 3968 mco
390 3903 591 3988 suffragante
616 3903 676 3967 sub
701 3905 816 3988 quavis
840 3903 1060 3967 membrorum
1082 3923 1229 3967 meorum
1253 3901 1432 3987 fragilitate
1457 3903 1568 3966 venire
1592 3901 1723 3965 festino.

829 4192 1046 4261 cnxxxvl
1070 4195 1164 4280 (orer.
1182 4196 1247 4279 27).

345 4373 506 4447 VERBA
533 4373 724 4448 lVNONlS
752 4374 851 4447 CVM
878 4374 1076 4448 ANTEVM
1104 4372 1313 4447 VIDERET
1340 4372 1507 4445 PAREM
1534 4371 1726 4445 VIRIBVS

777 4510 1015 4586 HERCVLIS
1043 4511 1299 4586 EXTITISSE.

321 4641 484 4734 Tandem
508 4670 683 4756 aliquando
708 4672 763 4756 qui
787 4670 907 4736 iudicio
933 4677 1045 4737 nostro
1068 4672 1286 4758 responderet
1314 4672 1468 4736 inventus
1492 4676 1560 4751 est,
1591 4671 1646 4756 qui
1668 4669 1710 4736 de
1733 4670 1893 4735 inimicol

207 4781 328 4854 nostro,
354 4781 387 4838 et
402 4773 479 4838 dum
494 4773 644 4854 vincitur,
668 4773 862 4840 triumfaret.
901 4775 1089 4841 Herculeae
1106 4778 1203 4856 vires,
1227 4776 1290 4840 nisi
1306 4775 1464 4856 eliserint,
1488 4795 1553 4839 non
1575 4774 1744 4840 iacebunt:
1769 4794 1865 4860 quem

311 4981 493 5051 [CDXXXIV]
535 4984 548 5035 l
572 4985 705 5037 Ennodius
728 4985 885 5036 Messalnsb
1027 4983 1044 5035 2
1067 4986 1212 5038 absentiam
1231 4985 1309 5037 Sim.
1449 4984 1466 5036 3
1487 4985 1621 5052 paginulas
1638 4983 1676 5048 Β,
1702 4981 1810 5052 paginal
1823 4981 1872 5050 llV

207 5067 239 5136 sil
258 5071 295 5122 sic
307 5070 333 5120 B
384 5072 514 5138 spendidis
526 5071 553 5122 Β
643 5070 661 5122 4
677 5073 805 5138 colloquia
817 5071 841 5121 V
928 5071 945 5122 5
963 5074 1176 5140 praesumebatur
1188 5073 1284 5137 Sabou,
1303 5073 1540 5140 praesummsbstur
1552 5071 1585 5136 Β,
1603 5077 1780 5139 praesumatur
1792 5070 1868 5121 ceteri

207 5156 223 5208 6
241 5159 337 5210 dabant
353 5155 392 5208 Τ2
403 5168 426 5209 st
439 5157 527 5223 Sirim,
544 5160 644 5211 dabunt
660 5157 704 5210 Vn
711 5157 803 5222 T10P,
821 5160 919 5212 debunt
931 5159 957 5210 Β
1060 5157 1078 5211 8
1095 5161 1212 5212 sentibus
1224 5159 1249 5211 Β
1316 5166 1342 5210 et
1353 5176 1384 5211 ec
1395 5177 1413 5210 u
1425 5161 1465 5210 uel
1475 5177 1492 5211 a
1503 5176 1570 5210 corr.
1584 5156 1609 5206 B
1711 5154 1728 5207 9
1746 5158 1800 5224 ipss
1813 5155 1868 5219 ΒΟ,

207 5245 263 5310 ipsa
275 5245 350 5295 ceteri
472 5243 507 5296 10
524 5261 580 5298 esse
597 5247 637 5298 tui
650 5245 708 5296 OPb
832 5244 863 5296 11
883 5245 955 5300 debis
973 5246 1044 5297 nossi
1056 5245 1081 5296 B
1167 5263 1223 5298 asse
1240 5263 1289 5298 orn.
1302 5245 1327 5295 Β
1448 5242 1483 5295 12
1501 5240 1547 5311 mi]
1565 5244 1628 5296 mibi
1639 5243 1666 5294 Β
1672 5243 1717 5295 Vt
1800 5243 1868 5296 ssln-

207 5331 310 5383 tstionis
322 5331 367 5380 Βα
437 5332 508 5384 dium
521 5332 546 5382 Β
1887 5334 1893 5346 ’

312 5433 477 5502 [CDXXXV]
511 5433 543 5487 14
560 5437 694 5489 Ennodius
711 5438 878 5488 Psnfroniob
972 5435 1004 5488 15
1022 5437 1133 5489 crederis
1145 5437 1170 5486 Β
1223 5434 1259 5502 at]
1278 5437 1310 5488 sd
1322 5435 1348 5485 B
1435 5433 1468 5486 16
1486 5441 1609 5502 umsqus
1621 5433 1655 5498 B,
1672 5440 1781 5500 utraque
1793 5434 1869 5486 aeri

206 5518 240 5571 21
259 5523 361 5590 planius
375 5561 466 5574 ......
480 5524 594 5574 studium
612 5541 660 5574 om.
673 5522 698 5573 Β
814 5519 848 5574 22
866 5521 981 5573 insinuat
998 5539 1059 5590 ergo
1073 5521 1098 5572 Β
1218 5520 1252 5572 23
1270 5521 1364 5574 scribta
1376 5519 1401 5571 Β
1513 5518 1547 5572 24
1565 5521 1640 5572 nobis
1652 5520 1686 5584 Β,
1703 5520 1777 5572 uobis
1795 5520 1869 5572 ceteri

206 5609 303 5661 tribuat
320 5610 427 5661 coninro
440 5607 567 5674 BV⁶L²,
585 5611 733 5662 contribuat
745 5611 801 5661 iuro
815 5609 864 5672 Vss,
882 5608 1030 5660 contribuat
1043 5609 1149 5660 cortiuro
1160 5605 1260 5659 t10Po
1322 5605 1391 5672 mox]
1406 5625 1452 5658 nos
1466 5605 1544 5658 Sirm.
1642 5604 1678 5657 25
1695 5608 1834 5659 instructos
1843 5605 1870 5656 Β

311 5711 488 5779 [CDXXXVI]
520 5710 553 5763 27
572 5713 695 5764 antheum
711 5711 735 5760 V
793 5729 880 5780 parem
898 5709 1008 5777 viribus]
1032 5711 1171 5778 pareuibns
1183 5711 1208 5761 B
1309 5709 1343 5761 28
1361 5712 1481 5764 extulisse
1494 5709 1519 5760 B
1614 5707 1649 5760 30
1667 5711 1836 5777 triumpharet
1848 5708 1873 5758 V

1609 5801 1662 5856 33*
