4596 6450
404 345 464 407 178
873 336 1009 392 CCXXIII
1028 335 1131 403 (DIC'I.
1151 335 1203 403 16),
1222 333 1357 389 ccxxiv
1375 333 1497 400 (amar.
1515 336 1540 397 b,
1558 335 1595 402 8).

401 516 590 600 ingemisco.
641 512 754 590 dicite,
788 512 958 596 praesules
991 510 1166 588 libertatis,
1202 531 1298 595 quem
1334 507 1442 594 potius
1471 506 1648 573 habuimus
1684 506 1739 591 qui
1774 507 1898 582 animos
1933 511 2060 570 nostros

401 617 547 704 possedit
573 617 607 681 in
634 615 786 680 tubamm
817 614 969 698 clangore
1000 619 1175 692 terrorem,
1205 611 1281 675 dum
1305 610 1383 675 ferri
1408 630 1504 692 seges
1529 629 1685 692 equorum
1709 607 1858 672 fremitus
1883 608 2061 673 minaretur

370 720 563 786 beritiumt
609 717 721 794 credo,
749 739 790 781 ne
814 716 919 781 libera
948 721 1077 801 patrum
1101 717 1186 779 colla
1209 720 1396 778 catenarum
1422 712 1510 796 rigor
1532 711 1766 794 adstrIngeret,
1796 732 1838 777 ne
1861 710 2059 776 inviolabilis

401 822 570 895 matribus¹
592 821 697 908 pudor
724 822 757 885 in
788 821 929 885 civitatis
959 803 1088 884 excidio
1120 818 1300 903 deperiret,
1334 837 1376 880 ne
1405 817 1512 880 votiva
1541 815 1712 900 virginitas
1743 815 1842 880 sacris
1874 816 2060 902 mancipata

403 927 540 992 culturis
563 924 737 1012 praedonis
761 927 836 1009 igne
861 930 1042 1009 raperetur.
1067 944 1107 986 ne
1130 923 1252 986 famula
1276 921 1412 985 castitas
1437 919 1523 984 hosti
1546 919 1687 1004 pretium
1704 918 1798 982 fieret
1814 919 1995 998 insultanti,
2019 943 2060 986 nc
2126 941 2138 974 a

404 1030 595 1115 corporibus
618 1051 662 1094 ex
684 1029 827 1093 humana
857 1027 1049 1092 condicione
1073 1027 1221 1091 liberatis
1243 1026 1292 1088 via
1316 1023 1448 1088 inimica
1471 1024 1655 1108 subriperet
1679 1029 1712 1087 ct
1735 1022 1943 1088 adversariae
1966 1023 2061 1110 pudi-

374 1132 482 1197 lcitia
511 1130 637 1196 libidini
664 1131 705 1195 ad
735 1131 884 1196 ultimum
911 1129 1050 1196 deducta
1080 1129 1228 1194 serviret.
1274 1148 1395 1213 quaero
1419 1148 1438 1190 a
1461 1133 1508 1202 te,
1540 1126 1641 1192 beroa
1663 1127 1887 1210 magnanime,
1919 1126 1997 1211 quid
2019 1127 2061 1194 de

403 1236 508 1322 patria
530 1243 586 1300 tua
610 1236 686 1299 mali
710 1234 887 1319 depuleris,
911 1235 938 1298 si
962 1235 1045 1298 haec
1068 1255 1151 1318 quae
1167 1233 1260 1296 timui
1277 1232 1380 1296 victor
1397 1232 1527 1316 optasti,
1551 1230 1629 1295 dum
1645 1239 1767 1296 mortes
1783 1230 1926 1296 hostium
1942 1230 2062 1297 ictibus

403 1341 467 1405 tuis
492 1339 659 1404 numinum
683 1338 776 1402 favor
799 1337 986 1402 addiceret?
1024 1343 1220 1423 percunctor
1242 1340 1349 1400 utrum
1374 1334 1564 1422 poposceris
1587 1355 1722 1419 superos
1739 1334 1771 1398 in
1787 1333 1846 1400 illa
1861 1335 2061 1400 necessitate

403 1444 570 1508 fautores?
620 1443 648 1506 si
675 1441 797 1520 fecisti,
832 1442 1022 1526 perfunctus
1056 1440 1212 1527 periculis
1248 1437 1474 1503 sacerdotibus
1509 1458 1622 1502 eorum
1656 1458 1715 1522 pro
1749 1436 1861 1502 debita
1895 1437 2061 1503 oblatione

405 1546 585 1612 minitaris?
632 1546 745 1609 sinon
770 1543 947 1610 adhibuisti
970 1545 1025 1630 pia
1048 1552 1124 1607 vota
1149 1542 1335 1620 certamini,
1367 1540 1445 1627 quid
1467 1541 1527 1606 tibi
1550 1540 1671 1620 debeo,
1696 1560 1792 1625 quem
1816 1540 1886 1606 sine
1909 1542 2062 1627 precibus

372 1647 474 1713 8suis
504 1649 668 1733 generalis
698 1649 898 1734 prosperitas
928 1648 1082 1712 comitata
1110 1646 1280 1710 liberavit?
1325 1645 1352 1707 si
1380 1646 1563 1730 intellegis,
1600 1645 1737 1709 multum
1771 1650 1822 1709 est
1848 1644 1935 1730 quod
1961 1644 2063 1710 debes

405 1753 605 1833 numinibus,
639 1754 665 1816 si
695 1753 890 1817 studuerunt
918 1751 1068 1837 supplici:
1100 1751 1220 1826 maius,
1252 1750 1280 1813 si
1302 1749 1464 1814 dedemnt
1486 1749 1656 1814 victoriam
1685 1750 1909 1834 conpetenti.
1954 1747 2062 1821 oredo,

406 1856 572 1941 digressus
596 1877 614 1920 e
638 1856 761 1942 proelio
785 1857 856 1919 loeo
879 1857 1026 1941 principe
1056 1853 1193 1918 delubra
1217 1859 1392 1918 veneratus
1420 1875 1456 1918 es
1485 1859 1517 1918 et
1544 1853 1589 1918 ibi
1621 1853 1760 1938 gratiam
1790 1853 1945 1932 retulisti,
1976 1852 2062 1919 unde

405 1958 560 2046 praedam
589 1959 716 2022 feriatis
744 1958 896 2022 manibus
924 1964 1030 2023 certas
1060 1957 1222 2042 abripere.
1269 1977 1385 2020 vercor
1414 1977 1453 2019 ne
1484 1957 1615 2040 templis
1645 1957 1733 2020 nulla
1762 1956 1834 2021 face
1864 1957 2064 2042 consumptis
2132 1979 2143 2012 τι

406 2062 504 2128 ducat
527 2063 686 2127 vestalem
710 2062 870 2146 virginem
894 2081 962 2124 sors
987 2060 1131 2124 secunda
1156 2061 1328 2145 captivam.

1034 2399 1205 2468 ccxxlv
1225 2404 1333 2487 (aaran.
1350 2409 1380 2485 5,
1397 2406 1442 2488 8).

1015 2597 1251 2672 ENNODIVS
1292 2599 1464 2673 PETRO.

380 2763 389 2819 ¹
520 2743 710 2856 Postquam
736 2770 932 2835 venerabilis
962 2771 1114 2835 iudicium
1147 2773 1303 2858 principis
1331 2775 1522 2859 periclitatis
1553 2773 1696 2837 moribus
1725 2774 1961 2858 magnitudinis
1990 2783 2066 2839 tuae

408 2874 541 2939 donavit
564 2883 596 2939 te
620 2875 778 2939 honorum
803 2879 949 2960 germine
973 2899 1031 2963 pro
1056 2899 1164 2941 messe
1189 2878 1354 2958 virtutum,
1379 2899 1438 2964 per
1462 2879 1594 2962 linguae
1618 2878 1718 2942 ferias
1740 2880 1854 2944 fovens
1878 2881 2068 2966 inreligiosa

408 2979 538 3042 silentia
568 2986 601 3043 et
631 2979 663 3042 in
692 2979 879 3064 eloquentia
907 2989 962 3045 tua
991 2987 1023 3045 et
1051 2983 1083 3044 in
1118 3002 1193 3044 meo
1227 3001 1338 3044 amore
1374 2982 1532 3066 peccasti,
1568 2983 1644 3066 quia
1673 2983 1878 3047 naturalibus
1911 2982 2067 3046 adolescit
2121 3015 2147 3053 e.

409 3082 551 3146 elocutio
574 3083 700 3146 munita
723 3085 916 3170 superciliis,
940 3085 1092 3169 quotiens
1116 3105 1345 3172 prosperorum
1370 3085 1547 3151 famulatur
1570 3085 1700 3150 indicio.
1741 3089 1900 3174 copiosior
1915 3086 2067 3152 facundia

408 3186 568 3250 bonorum
600 3187 717 3251 militat
744 3189 970 3259 incrementis:
1010 3189 1175 3274 profectus
1205 3210 1280 3252 suos
1310 3210 1374 3252 nou
1398 3188 1568 3274 inparibus
1593 3190 1779 3273 significant
1807 3191 1982 3277 peritorum
2010 3213 2068 3255 ora

377 3290 626 3356 leuccessibus.
676 3313 753 3356 ecce
791 3292 976 3356 inamabilis
1012 3293 1216 3356 taciturnitas
1246 3299 1278 3357 et
1305 3292 1398 3357 vobis
1433 3292 1563 3358 dicendi
1592 3293 1728 3360 abstulit
1761 3297 1892 3380 genium
1924 3300 1958 3360 et
1989 3295 2068 3359 mihi

408 3394 553 3459 laetitiae
576 3394 691 3458 invidit
714 3395 878 3460 effectum.
918 3395 1066 3461 referatis
1089 3395 1239 3460 forsitan:
1265 3417 1378 3481 posses
1403 3419 1466 3472 me,
1491 3397 1605 3478 amice,
1630 3396 1669 3460 de
1694 3398 1899 3482 ignoratione
1924 3401 2068 3484 culpare,

410 3498 435 3561 si
465 3496 541 3583 quid
573 3497 634 3561 tibi
663 3496 704 3562 dc
740 3499 833 3584 apice
869 3520 941 3564 mco
976 3499 1170 3585 promiscuis
1206 3498 1358 3563 dedicata
1391 3501 1513 3564 nuntiis
1548 3501 1636 3566 fama
1671 3501 1861 3587 suppressit.
1913 3501 1971 3566 ssd
2003 3522 2066 3586 ego
2121 3531 2139 3570 a.

409 3623 589 3687 agnoscere
613 3624 763 3667 carorum
788 3604 929 3668 culmina
952 3624 1079 3668 rumore
1103 3625 1168 3667 non
1185 3604 1292 3689 patior
1308 3610 1341 3667 et
1356 3604 1532 3669 manifesta
1548 3602 1659 3690 gaudii
1677 3606 1832 3690 colligere
1849 3602 1889 3669 de
1906 3604 2069 3690 opinionis

376 3705 635 3775 dinconstantia.
681 3727 834 3770 noveram
866 3728 962 3793 quam
994 3707 1074 3770 mihi
1103 3705 1320 3770 devinctionis
1349 3728 1442 3792 spem
1471 3709 1612 3794 simplex
1641 3709 1758 3773 eruditi
1789 3706 1910 3772 dudum
1936 3709 2070 3774 fecisset

409 3809 575 3893 allegatio.
623 3808 796 3874 credebam
819 3811 940 3874 fmstra
964 3832 1016 3875 me
1039 3811 1071 3874 in
1096 3811 1152 3875 illa
1175 3817 1268 3898 parte
1294 3813 1419 3876 serenis
1443 3811 1586 3875 animum
1615 3812 1703 3875 auris
1733 3813 1949 3891 committere,
1982 3810 2068 3876 unde

265 3917 446 4013 bleffe-tu
480 3934 533 3977 mc
569 3934 643 3977 esse
677 3913 815 3978 hilarem
849 3935 913 3977 non
947 3913 1094 3978 iubebas.
1145 3914 1236 3978 illam
1272 3915 1378 4000 ipsam
1413 3915 1503 3978 mille
1539 3915 1663 3978 alarum
1697 3914 1889 3981 fabricatam
1926 3915 2069 3998 remigiis

313 4002 318 4022 ’
373 4000 378 4010 ’
410 4016 598 4101 scriptionis
622 4022 697 4080 tuae
720 4017 934 4080 aestimabam
960 4015 1098 4103 pedibus
1122 4018 1268 4102 potuisse
1293 4017 1457 4102 superari,
1491 4039 1531 4082 ne
1556 4019 1678 4082 amanti
1702 4025 1876 4104 expectata
1898 4017 1986 4084 bona
2009 4018 2069 4083 tibi

377 4118 550 4190 afructum
584 4119 785 4205 praeripiens
817 4121 900 4185 alter
932 4121 1110 4205 ingereret.
1164 4142 1257 4200 ecce,
1292 4123 1335 4184 mi
1367 4121 1514 4202 domiue,
1549 4121 1706 4186 honorem
1739 4124 1871 4186 salutati
1904 4123 2068 4208 accipiens

410 4223 530 4308 agnitis
553 4222 701 4286 dolorum
725 4225 832 4288 causis
855 4223 1002 4289 remedia
1025 4231 1200 4310 properata
1224 4247 1289 4289 non
1312 4224 1475 4311 deneges,
1499 4225 1591 4309 quia,
1615 4232 1772 4309 quantum
1795 4248 1984 4312 praesumo,
2007 4247 2070 4291 nec

377 4326 490 4396 5fides
513 4326 546 4389 in
569 4325 741 4411 diligentia
763 4348 825 4391 uec
849 4326 889 4391 ad
912 4349 1056 4412 unguem
1081 4327 1199 4392 ductus
1223 4349 1329 4392 sermo
1348 4349 1405 4392 vos
1429 4327 1552 4392 deserit
1567 4330 1600 4392 in
1616 4329 1770 4413 loquella.
1808 4329 1879 4395 Non
1898 4337 2070 4394 contentus

345 4505 349 4512 Δ
409 4439 519 4496 tamen
544 4451 608 4494 uno
633 4430 762 4495 dicendi
785 4453 908 4516 genere
932 4432 1108 4517 displicere
1133 4453 1265 4496 carmen
1289 4431 1405 4508 adieci,
1429 4439 1465 4496 ut
1488 4438 1562 4518 post
1585 4432 1699 4517 epulas
1716 4431 1898 4497 Antenorei
1919 4434 2070 4518 gurgitis,

410 4557 491 4620 quas
521 4535 653 4600 lavacra
672 4533 783 4620 Aponi
813 4543 924 4600 coacta
952 4537 1114 4600 inertum
1139 4538 1344 4622 caruislege
1374 4538 1551 4624 castigant,
1581 4535 1658 4602 dum
1687 4537 1767 4601 illud
1798 4535 1883 4622 quod
1912 4559 2069 4623 aquarum
2139 4566 2150 4602 c

516 4831 528 4882 1
549 4832 626 4884 dicite
645 4831 701 4897 (alt
719 4831 727 4882 i
746 4829 824 4895 corr.)
837 4830 862 4880 B
937 4831 1064 4898 praesulis
1077 4831 1103 4880 Β
1178 4831 1317 4882 animuaB
1428 4829 1445 4882 2
1463 4829 1608 4898 possiditB
1681 4831 1755 4882 femin
1773 4830 1866 4898 egIsB
1937 4833 2071 4884 fremitub

410 4918 520 4970 3credo
538 4935 594 4984 sup.
607 4919 652 4970 lira
665 4917 691 4967 B
759 4917 970 4983 adstrimgeritB,
987 4916 1180 4983 ubingeretV
1280 4914 1298 4968 4
1316 4918 1342 4968 iu
1361 4935 1409 4968 om.
1423 4916 1502 4970 Sina.
1608 4915 1766 4967 tilibertntis
1779 4915 1804 4966 Β
1873 4925 1899 4969 et
1916 4934 1973 4983 cap.
1986 4918 2032 4969 lia.
2045 4917 2071 4968 Β
2099 4949 2100 4954 =

409 5005 534 5073 pudicitia
551 5042 699 5056 ........
719 5020 778 5054 eron
795 5004 880 5070 suppl.
898 5002 925 5054 ia
942 5020 991 5069 mg.
1009 5003 1058 5070 ins.
1071 4999 1115 5054 Β2
1234 5001 1252 5055 8
1273 5011 1367 5055 mortes
1387 5002 1480 5067 Sim,
1506 5003 1594 5054 mortis
1616 5002 1677 5054 libri
1796 4999 1812 5052 9
1837 5003 1966 5056 addiceret
1982 5003 2072 5068 Sim,

410 5090 604 5142 addiceritlibri
672 5097 807 5156 percontor
822 5087 848 5137 V
953 5086 1173 5141 10aucs0rss13
1250 5090 1379 5141 oblatione
1397 5085 1530 5153 minitaris]
1549 5088 1775 5140 oblationemitaris
1786 5085 1828 5137 131
1941 5087 1972 5140 11
1991 5096 2072 5142 certa·

411 5173 540 5228 minisB¹
645 5174 678 5226 12
695 5173 855 5227 liberabitB
960 5171 993 5224 13
1011 5175 1134 5228 nnmibne
1150 5173 1196 5225 VL
1263 5174 1438 5227 smderurrtB

516 5275 665 5346 [CCXXIV]
698 5276 730 5329 18
748 5279 873 5330 iudicium
888 5278 976 5345 Siron,
995 5278 1208 5342 iudiciacodicee,
1224 5280 1323 5330 iustitia
1335 5279 1431 5332 Hartel
1535 5277 1568 5332 21
1588 5279 1753 5347 copiosiorB
1857 5277 1969 5350 lagenos
1982 5279 2073 5345 Sir-m,

412 5383 475 5418 suus
493 5367 553 5417 libri
662 5361 697 5416 24
715 5364 834 5432 possiaB
941 5363 975 5416 26
994 5367 1025 5418 ds
1043 5361 1181 5434 opinionis]
1200 5365 1233 5414 dc
1251 5366 1378 5430 opinionis
1391 5365 1416 5415 B
1526 5364 1558 5416 21
1578 5364 1833 5418 diuinationisBVL
1935 5362 1970 5416 28
1988 5364 2071 5433 auria]

411 5452 519 5504 auribus
535 5452 560 5500 Τ
573 5461 596 5504 st
609 5451 689 5504 Sam.
768 5453 900 5504 comittere
921 5449 966 5501 VL
1087 5449 1121 5502 29
1138 5451 1246 5502 hilarem
1264 5468 1320 5504 esse
1333 5451 1412 5504 Sirra.
1536 5451 1571 5506 30
1588 5455 1738 5506 estimabam
1750 5452 1776 5504 Β
1852 5453 1898 5504 tibi
1916 5469 1972 5518 arcp.
1986 5453 2032 5504 lin.
2046 5453 2073 5504 B

411 5536 444 5588 31
464 5539 622 5604 ingereritB
735 5536 770 5588 32
788 5545 937 5606 praeparata
951 5537 1030 5589 Sir-m.
1109 5537 1253 5604 deusgisB
1366 5535 1400 5590 33
1417 5540 1520 5605 loquela
1537 5537 1562 5588 V
1670 5536 1705 5590 34
1722 5541 1838 5612 anteuori
1855 5539 1925 5605 gitur
1940 5536 1944 5602 Ι
1959 5540 2072 5618 gurgitis

413 5626 439 5696 (a
457 5624 567 5690 inimicit
584 5633 608 5676 et
624 5625 695 5692 gitur
713 5624 763 5676 del.
783 5642 815 5677 m.
830 5622 892 5692 llll
995 5620 1030 5673 35
1048 5640 1114 5690 quas
1126 5622 1159 5686 Β,
1177 5640 1242 5690 quos
1259 5626 1334 5677 ceteri
1970 5619 1972 5624 ’
2018 5617 2020 5622 ’
