4538 6436
384 383 426 446 gg
1061 368 1160 423 LXXX
1179 367 1315 436 (OPUSC.
1332 369 1368 437 3).

383 552 524 616 imatum
556 548 681 635 gloriae
713 543 910 631 opinabatur
938 548 1036 629 atque
1067 542 1269 622 mercedem,
1296 542 1324 605 si
1350 541 1586 628 praetulissent
1614 540 1763 606 homiues
1787 539 1875 624 quod
1897 539 1958 603 soli
1980 539 2044 604 deo

384 653 566 720 exhibebat
588 649 791 717 abscondite.
836 648 869 712 in
892 665 1068 724 summam,
1097 646 1269 731 apostolici
1292 663 1418 710 memor
1441 644 1579 723 omculi,
1612 639 1861 708 adsentationes
1884 661 2044 730 respuens

384 759 418 821 in
442 756 620 843 semetipso
644 760 731 822 teste
754 751 956 818 conscientia
977 769 1036 837 pro
1058 749 1136 814 boni
1159 749 1268 836 operis
1290 749 1515 835 recognitione
1538 747 1726 835 plaudebat.

333 863 371 925 13
493 858 579 924 Illud
595 877 673 924 vero
696 855 863 922 libandum
887 871 959 919 esse
982 873 1047 918 non
1070 852 1189 933 abnuo,
1213 851 1300 938 quod
1322 851 1508 916 formositas
1525 853 1558 917 in
1574 851 1631 916 illo
1647 851 1728 916 lucis
1746 869 1924 938 corporeae
1939 851 2042 918 index

385 965 512 1029 animae
535 963 653 1028 fuitei
679 967 808 1026 tantum
837 963 951 1024 contra
976 956 1120 1022 studium
1147 957 1235 1020 illius
1266 956 1390 1022 formae
1421 955 1521 1020 decus
1553 955 1684 1037 sciuit,
1717 961 1754 1020 ut
1784 975 1846 1020 nec
1873 954 1950 1021 iorti
1971 957 2043 1022 viro

385 1074 496 1156 posset
519 1067 731 1154 obpugnante
753 1063 910 1130 subverti.
948 1061 1099 1127 ridebant
1114 1079 1230 1146 genae,
1255 1059 1354 1125 etiam
1370 1079 1445 1124 cum
1460 1060 1589 1125 animus
1605 1058 1839 1125 maestitudine
1854 1060 2044 1146 torpuisset,

383 1170 487 1236 nitida
515 1171 612 1236 simol
642 1169 732 1235 labia
762 1165 1036 1233 commendabant
1069 1164 1244 1251 dupliciter
1278 1164 1377 1230 mella
1411 1183 1613 1245 sermonum,
1646 1182 1709 1229 nec
1742 1183 1809 1230 uon
1837 1183 2043 1252 quocumque

333 1276 538 1340 ttvertisset
561 1275 684 1355 oculos,
708 1273 919 1339 serenitatem
942 1269 1062 1336 mentis
1084 1268 1257 1333 nuntiabat
1280 1275 1445 1354 aspectus.
1483 1269 1573 1334 irons
1596 1289 1712 1334 cereae
1735 1268 1986 1355 pulchritudinis
2009 1275 2045 1336 et

385 1376 535 1443 candoris
563 1379 668 1460 illius,
702 1397 786 1463 quae
816 1376 897 1440 solis
928 1394 1026 1460 passa
1056 1370 1164 1438 radios
1194 1371 1339 1437 colorem
1367 1371 1470 1438 traxit
1499 1372 1541 1437 ab
1572 1371 1725 1448 aethere;
1758 1391 1856 1438 nares
1887 1373 1920 1438 in
1951 1380 2043 1439 tanto

385 1481 577 1546 naturaliter
611 1480 787 1568 splendore
820 1479 999 1557 formatae,
1035 1482 1072 1541 ut
1106 1477 1180 1542 illas
1214 1475 1366 1561 nequiret
1393 1476 1592 1562 imaginibus
1623 1495 1760 1562 corpora
1789 1484 2043 1563 repraesentans
2098 1493 2126 1534 ¹⁰

385 1585 492 1671 pictor
513 1585 687 1660 aemulari;
709 1601 827 1648 manus
850 1588 983 1660 teretes,
1006 1580 1126 1668 prolixi
1149 1581 1253 1667 digiti,
1275 1580 1452 1667 dequibus
1473 1579 1597 1665 aliquid
1620 1586 1654 1646 et
1676 1581 1862 1667 alienigena
1884 1582 2045 1666 gauderet
2057 1612 2078 1655 p.
2094 1606 2134 1646 see

346 1720 353 1734 ·
385 1691 555 1775 accipere;
580 1695 725 1755 staturae
748 1686 930 1775 proceritas
947 1687 1078 1767 decens,
1104 1704 1188 1772 quae
1205 1686 1417 1752 eminentiam
1434 1691 1608 1751 secuturae
1624 1683 1792 1770 dignitatis
1808 1685 2046 1772 praefiguraret

336 1794 373 1852 15
387 1793 420 1856 in
442 1792 598 1858 membris
622 1813 683 1858 nec
706 1799 817 1858 tamen
840 1790 973 1856 modum
995 1791 1225 1855 ornatissimae
1244 1790 1443 1877 prolixitatis
1459 1788 1648 1854 excederet.
1686 1787 1746 1854 sed
1761 1807 1804 1853 ns
1819 1789 1892 1873 quis
1908 1789 2044 1858 forsitan

385 1897 567 1962 malitiosus
590 1896 753 1984 interpres
775 1893 1008 1983 intempestive
1031 1895 1173 1982 positum
1196 1896 1314 1976 iactet,
1344 1895 1377 1959 in
1401 1894 1470 1958 viro
1501 1897 1665 1958 tantarum
1687 1893 1842 1971 sirbitum
1867 1892 1908 1960 de
1931 1895 2045 1982 lepore

385 2000 492 2064 earnis
520 1999 641 2064 iactam
669 2017 743 2064 esse
772 2001 989 2078 mentionem,
1021 2019 1094 2063 oum
1123 1998 1156 2063 in
1184 1998 1241 2062 illa
1268 1997 1374 2063 veteri
1404 1994 1632 2062 mandatorum
1654 1997 1846 2062 caelestium
1867 1997 1979 2064 radice
2003 2001 2046 2064 sit
2098 2025 2124 2062 ιι

272 2099 372 2196 mg
388 2102 535 2183 insitum,
565 2103 771 2168 sacerdotum
800 2123 938 2190 corpora
967 2102 1078 2187 sagaci
1105 2098 1230 2166 debere
1260 2100 1481 2166 insinuatione
1510 2101 1658 2183 lustrari,
1686 2119 1729 2166 ne
1759 2100 1835 2186 quid
1859 2101 1970 2168 debile
1992 2104 2047 2168 sel

301 2183 306 2202 ’
386 2207 542 2288 deforme,
564 2206 699 2291 nequid
722 2208 796 2293 plus
820 2205 971 2270 minusve
995 2225 1071 2270 esse
1097 2204 1267 2290 contingat
1289 2223 1373 2268 neve
1395 2203 1542 2268 inolitam
1565 2204 1701 2268 maculis
1724 2210 1833 2269 cutem
1856 2205 2047 2291 superficies

385 2311 483 2377 foeda
510 2311 704 2393 dedecoret,
733 2333 774 2376 ne
802 2311 946 2375 fractura
968 2322 1084 2374 manus
1108 2317 1165 2374 aut
1187 2308 1331 2374 fractura
1354 2308 1448 2396 pedis
1472 2315 1530 2374 aut
1551 2308 1672 2394 gibbus
1696 2307 1865 2394 indignum
1889 2310 2047 2376 altaribus

386 2414 502 2480 reddat
524 2415 721 2480 antistitem:
752 2422 786 2479 et
808 2415 928 2479 clamet
951 2413 1065 2479 doctor
1086 2413 1234 2499 gentium
1264 2420 1298 2478 et
1325 2413 1496 2479 electionis
1518 2433 1593 2494 vas,
1625 2411 1791 2478 hominem
1820 2414 1976 2480 mundum
2006 2415 2046 2480 ad

386 2518 546 2582 eiusmodi
569 2517 692 2584 debere
714 2517 858 2583 cilicium
881 2518 1065 2604 pervenire,
1088 2517 1175 2603 quod
1197 2537 1263 2582 non
1287 2517 1394 2582 solum
1418 2516 1459 2582 de
1482 2517 1622 2598 animae,
1646 2515 1706 2582 sed
1722 2517 1822 2582 etiam
1837 2517 1879 2583 de
1902 2520 2046 2606 corporis
2099 2539 2126 2580 eo

337 2619 375 2680 16
389 2623 533 2688 creditur
554 2623 661 2686 nitore
684 2620 819 2688 dixisse.
847 2619 1063 2707 ,potissimum
1087 2620 1142 2705 qui
1159 2619 1340 2684 deformem
1357 2640 1395 2684 ao
1411 2620 1554 2686 debilem
1570 2639 1590 2682 a
1604 2617 1814 2685 libaminibus
1831 2623 1898 2686 suis
1915 2623 2049 2687 mandat

387 2727 503 2808 arceri,
526 2726 692 2790 iuvenitur
714 2747 782 2809 eos,
805 2726 860 2810 qui
882 2724 1109 2810 multipliciter
1131 2723 1215 2809 grati
1239 2732 1325 2806 sunt,
1348 2723 1489 2790 libenter
1511 2721 1694 2802 admittere,
1717 2726 1912 2811 praesertim
1934 2727 1967 2791 iu
1983 2745 2048 2812 quo

387 2829 495 2894 lucem
526 2831 747 2894 membrorum
776 2830 906 2896 animae
936 2829 1044 2914 fulgor
1073 2834 1235 2914 exuperat
1251 2849 1325 2894 nee
1353 2829 1548 2894 natsualiter
1570 2827 1652 2892 illud
1674 2835 1841 2894 terrenum
1862 2831 1965 2896 decus
1988 2832 2048 2895 ali-

387 2932 506 3019 quibus
530 2933 677 2998 artificiis
700 2933 883 3000 adiuvatur.

338 3033 376 3094 17
497 3036 705 3102 Praestrictis
736 3057 815 3122 ergo
847 3037 897 3101 bis
929 3055 1013 3122 quae
1045 3037 1190 3122 oportuit
1220 3056 1286 3099 non
1316 3035 1437 3118 omitti,
1473 3041 1510 3100 ut
1539 3037 1593 3100 cui
1622 3037 1845 3103 innotesceret
1870 3056 1971 3125 opere
1998 3039 2051 3103 vir
2101 3057 2127 3098 es

387 3143 555 3206 inmensus
577 3147 845 3228 praesentaretur
869 3147 902 3205 et
926 3140 1033 3222 vultu,
1057 3147 1223 3205 transeam
1246 3139 1288 3204 ad
1313 3141 1381 3218 illa,
1404 3159 1489 3226 quos
1512 3139 1553 3205 de
1577 3138 1759 3205 cultoribus
1782 3140 1836 3206 dei
1859 3143 1959 3206 nostri
1982 3163 2048 3208 non

388 3245 599 3310 mediocriter
628 3244 792 3310 laudanda
818 3245 926 3309 fronte
949 3251 1134 3311 narrantur.
1179 3251 1250 3310 erat
1272 3246 1306 3309 in
1330 3244 1448 3310 eodem
1471 3261 1579 3310 sermo
1602 3243 1646 3310 ad
1667 3245 1848 3311 doctrinam
1873 3267 2049 3334 oongmus,
2063 3272 2084 3315 ι-
2100 3265 2139 3306 ³⁸³

388 3348 567 3414 fabricatus
596 3348 637 3412 ad
665 3348 857 3432 blanditias,
888 3348 930 3413 ad
953 3349 1209 3414 intercessiones
1233 3349 1298 3414 ism
1321 3355 1399 3414 tunc
1422 3349 1558 3430 artilex,
1588 3347 1630 3414 ad
1653 3349 1878 3434 corripiendos
1902 3352 2049 3436 singulos

387 3451 584 3517 auctoritate
608 3452 736 3539 plenus,
760 3452 802 3517 ed
825 3452 1048 3518 exhortandos
1071 3472 1220 3539 quosque
1243 3454 1431 3518 necessario
1455 3453 1567 3539 lepore
1590 3452 1814 3518 dulcissimus:
1838 3471 2049 3534 sexennem,

243 3553 376 3654 (xpophor.
391 3575 468 3620 suco
492 3555 593 3618 virilis
615 3555 802 3641 elegantiae
826 3555 967 3638 condita,
990 3577 1052 3621 neo
1076 3563 1186 3622 tamen
1209 3557 1349 3642 agrestis
1372 3575 1411 3622 ao
1434 3557 1555 3622 rustica
1578 3575 1640 3622 nec
1662 3557 1800 3622 infracta
1822 3558 2049 3645 gradatimque
2102 3579 2129 3618 so

288 3638 293 3658 ’
390 3679 410 3723 a
432 3659 580 3723 mascula
602 3657 768 3724 soliditate
792 3659 952 3745 deposita.
992 3661 1083 3725 illum
1107 3661 1304 3746 quicumque
1328 3660 1418 3741 sidit,
1442 3681 1521 3726 cum
1538 3661 1678 3726 necdum
1700 3661 1894 3747 dignitatum
1918 3661 2051 3749 aliquod

390 3762 490 3826 limen
513 3761 678 3841 intrasset,
701 3763 810 3827 omnia
833 3781 908 3828 eum
931 3765 1088 3829 transisse
1112 3762 1252 3828 credidit
1275 3781 1359 3849 quae
1383 3765 1607 3850 sequebantur
1627 3767 1775 3854 insignia.

339 3867 377 3928 18
497 3864 588 3929 Talis
611 3865 741 3929 iamed
764 3873 914 3932 octavum
937 3867 1099 3932 decimum
1122 3868 1240 3932 aetatis
1264 3886 1345 3934 suae
1367 3871 1519 3955 pervenit
1542 3887 1680 3942 annum,
1708 3871 1741 3935 in
1763 3889 1828 3956 quo
1850 3869 2050 3936 insecundo

389 3969 539 4035 alesitis
562 3987 698 4034 numero
722 3969 891 4035 dedicatus
921 3989 1035 4036 senum
1065 3971 1214 4037 coetibus
1243 3989 1326 4058 puer
1354 3971 1527 4038 adiunctus
1556 3979 1616 4040 est.
1660 3980 1816 4062 stupuere
1843 3975 2049 4063 conplurimi,

390 4070 449 4137 ssd
477 4073 622 4151 externi,
655 4073 710 4172 qui
740 4094 848 4140 mores
876 4074 964 4139 illius
992 4095 1065 4140 oum
1097 4076 1216 4141 aetatis
1249 4075 1473 4142 inmaturitate
1502 4077 1695 4163 iungebant:
1730 4097 1839 4144 seram
1869 4078 2050 4146 credebant
2102 4097 2127 4136 ³⁵

338 4178 377 4239 19
390 4174 585 4261 dignitatem
607 4176 693 4242 hanc
717 4176 877 4242 redditam
901 4197 976 4243 esse
998 4179 1053 4263 qui
1081 4183 1251 4247 noverant.
1297 4186 1330 4244 at
1356 4181 1413 4245 illc
1441 4181 1639 4246 venerabilis
1664 4181 1834 4271 Orispinus
1864 4184 2050 4271 spiscopus,

388 4278 509 4345 iasoris
538 4281 688 4362 nescius,
720 4282 882 4366 pertinaci
910 4288 1029 4346 tenens
1061 4280 1266 4349 districtione
1297 4301 1468 4350 censuram
1498 4290 1655 4371 atquem
1678 4305 1855 4373 numquam
1879 4288 1941 4352 nisi
1963 4288 2051 4352 bona

389 4383 591 4448 conscientia
613 4382 707 4449 duxit
729 4384 771 4449 ad
794 4386 949 4471 gratiam,
978 4386 1028 4450 sic
1049 4405 1125 4451 eum
1148 4386 1316 4454 mulcebat
1338 4388 1508 4472 sensibus,
1531 4395 1568 4455 ut
1591 4389 1757 4457 morderet
1778 4391 1911 4474 obtutu,
1934 4397 1969 4457 et
1990 4391 2051 4456 sub

310 4511 313 4518 ·
389 4487 500 4573 specie
529 4488 644 4552 frontis
671 4487 797 4574 rigidae
826 4489 1064 4555 clandestinum
1095 4491 1182 4555 circa
1213 4491 1408 4581 discipulum
1440 4495 1607 4560 nutriebat
1636 4495 1801 4562 allectum.
1852 4494 2052 4583 pascebatur

388 4591 512 4655 alumni
541 4591 590 4655 sui
613 4592 750 4679 optabili
774 4596 1024 4660 conversatione
1048 4600 1144 4681 pater
1167 4600 1201 4660 et
1223 4595 1257 4660 in
1280 4597 1433 4663 omnibus
1456 4599 1528 4665 eius
1552 4599 1680 4664 actibus
1703 4599 1816 4664 oculos
1840 4599 2047 4666 amoenabat.
2101 4615 2129 4654 ⁴⁰

337 4695 378 4756 20
390 4695 424 4759 in
447 4715 511 4781 quo
535 4701 645 4760 tamen
667 4696 723 4762 ille
744 4697 946 4763 subdiaconii
962 4698 1074 4764 ordine
1091 4698 1172 4765 nibil
1188 4701 1329 4787 amplius
1345 4723 1443 4788 quam
1459 4704 1591 4770 biennio
1607 4709 1835 4788 commoratus,
1858 4707 2050 4772 meritorum

391 4820 523 4865 suorum
553 4799 691 4865 saltibus
721 4808 855 4868 evectus
885 4803 1017 4886 exiluit,
1047 4824 1109 4870 nec
1132 4827 1167 4873 se
1190 4805 1247 4871 diu
1268 4806 1354 4872 intra
1376 4809 1544 4895 engrutiee
1567 4808 1686 4876 modici
1708 4809 1842 4876 honoris
1865 4811 1975 4876 anima
1997 4816 2047 4876 est
2060 4828 2082 4873 a·
2097 4820 2135 4863 ⁸⁶⁴

491 5073 510 5128 9
527 5095 653 5131 summam
663 5077 775 5146 BVLO,
797 5082 924 5135 summai
1017 5082 1155 5150 apostoloci
1167 5082 1213 5134 B*
1349 5083 1368 5137 4
1384 5085 1522 5140 formulas
1534 5084 1575 5138 131
1666 5087 1738 5140 indlx
1752 5085 1778 5139 Β
1913 5087 1931 5142 b
1948 5091 2013 5144 lom
2024 5089 2051 5142 Β

390 5159 407 5214 6
424 5170 511 5230 posset
528 5161 618 5230 Siara,
639 5167 719 5234 possit
736 5167 796 5220 litet
888 5168 1030 5236 carpsisset
1041 5168 1067 5219 B
1195 5165 1211 5219 ‘l
1229 5169 1391 5238 duplici-ter
1407 5172 1488 5235 (ss-os.
1505 5170 1531 5238 a)
1543 5171 1569 5224 Β
1698 5172 1716 5226 9
1733 5171 1805 5244 solis]
1824 5173 1881 5228 solu
1893 5175 1939 5228 Ba
1953 5185 1982 5228 ut
1998 5177 2050 5230 oid.

390 5249 418 5299 in
435 5257 506 5302 tanto
523 5251 551 5304 in
562 5269 612 5319 mg.
628 5254 713 5319 suppl.
725 5269 796 5306 maa.
810 5260 824 5306 1
840 5253 864 5304 V
959 5251 992 5304 12
1010 5248 1112 5316 decens]
1131 5251 1219 5304 dicens
1231 5253 1281 5305 BL
1386 5255 1520 5311 reinolt
1624 5257 1657 5311 18
1673 5260 1767 5329 gippus
1780 5259 1826 5312 Be
1930 5261 1964 5314 19
1979 5270 2050 5315 anta·

390 5335 475 5388 etitem
487 5337 513 5388 B
605 5335 638 5390 21
659 5340 818 5405 potissimum
830 5340 864 5404 B,
882 5356 932 5392 oca.
944 5339 1020 5392 uteri
1110 5333 1145 5388 Ὦ
1162 5339 1295 5392 admittam
1312 5341 1449 5396 libsutarls
1545 5341 1580 5396 23
1597 5355 1734 5415 exsuperat
1746 5344 1812 5399 1⁷¹1.
1908 5345 1943 5400 ffi
1959 5345 2050 5416 nestri]

390 5419 408 5472 ri
425 5419 520 5487 VLTl,
542 5440 590 5475 om.
606 5424 665 5476 01²1>
768 5423 803 5478 28
821 5426 956 5478 fabricatas
968 5425 1012 5476 Bss
1115 5420 1150 5474 30
1166 5426 1304 5494 eligantise
1316 5427 1394 5480 BVL
1497 5427 1532 5482 32
1549 5448 1577 5484 se
1592 5429 1597 5498 Ι
1611 5433 1707 5486 bantur
1723 5432 1786 5502 (qus
1798 5442 1858 5502 post
1876 5434 1921 5488 lits.
1939 5435 2013 5500 add)
2026 5436 2053 5488 Β

391 5504 425 5558 33
443 5509 570 5562 decimum
587 5519 708 5563 octauum
721 5510 800 5566 Sires.
871 5514 898 5563 iu
915 5507 1037 5578 secundo]
1057 5511 1179 5576 intimet,
1196 5513 1401 5567 scandentes.
1503 5515 1539 5568 34
1556 5535 1621 5584 puer
1632 5519 1658 5570 Β
1668 5531 1692 5573 at
1704 5520 1793 5585 scm,
1813 5537 1859 5590 pas·
1876 5524 1960 5587 celeri,
1977 5525 2053 5574 orn.l›

390 5597 572 5729 st2upueruntb
642 5598 746 5664 plurimi
760 5597 818 5648 CPb
924 5595 959 5650 40
976 5599 1002 5650 in
1020 5599 1094 5650 orat
1196 5594 1230 5649 41
1250 5601 1455 5664 subdiaconali,
1472 5605 1622 5658 subdiaconi
1640 5610 1716 5663 cauri
1785 5611 1933 5663 institorum
1952 5625 2001 5660 om.
2016 5609 2053 5661 Cb

390 5677 407 5728 4
442 5689 480 5737 est
500 5683 567 5732 diuis
585 5683 613 5733 in
630 5681 665 5732 lit.
680 5682 705 5732 B
