<?xml version="1.0" encoding="UTF-8"?>
<!DOCTYPE html PUBLIC "-//W3C//DTD XHTML 1.0 Transitional//EN"
    "http://www.w3.org/TR/xhtml1/DTD/xhtml1-transitional.dtd">
<html xmlns="http://www.w3.org/1999/xhtml" xml:lang="en" lang="en">
 <head>
  <title>
</title>
<meta http-equiv="Content-Type" content="text/html;charset=utf-8" />
  <meta name='ocr-system' content='tesseract 3.04.00' />
  <meta name='ocr-capabilities' content='ocr_page ocr_carea ocr_par ocr_line ocrx_word'/>
</head>
<body>
  <div class='ocr_page' id='page_1' title='image "./monumentagerman06mittgoog_0205.png"; bbox 0 0 4596 6450; ppageno 0'>
   <div class='ocr_carea' id='block_1_1' title="bbox 438 379 1588 448">
    <p class='ocr_par' dir='ltr' id='par_1_1' title="bbox 438 379 1588 448">
     <span class='ocr_line' id='line_1_1' title="bbox 438 379 1588 448; baseline -0.012 -2"><span class='ocrx_word' id='word_1_1' title='bbox 438 384 499 446; x_wconf 86' lang='grc'><strong>132</strong></span> <span class='ocrx_word' id='word_1_2' title='bbox 940 379 1054 435; x_wconf 84' lang='lat' dir='ltr'>CXXIII</span> <span class='ocrx_word' id='word_1_3' title='bbox 1073 379 1207 447; x_wconf 82' lang='lat' dir='ltr'><strong>(OPUSC.</strong></span> <span class='ocrx_word' id='word_1_4' title='bbox 1225 380 1262 448; x_wconf 87' lang='lat'><strong>8),</strong></span> <span class='ocrx_word' id='word_1_5' title='bbox 1281 379 1391 434; x_wconf 83' lang='lat' dir='ltr'>CXXIV</span> <span class='ocrx_word' id='word_1_6' title='bbox 1413 379 1517 448; x_wconf 83' lang='lat' dir='ltr'><strong>(DIO&#39;I&#39;.</strong></span> <span class='ocrx_word' id='word_1_7' title='bbox 1538 380 1588 447; x_wconf 84' lang='grc'>11).</span> 
     </span>
    </p>
   </div>
   <div class='ocr_carea' id='block_1_2' title="bbox 337 495 2239 2711">
    <p class='ocr_par' dir='ltr' id='par_1_2' title="bbox 433 495 2090 741">
     <span class='ocr_line' id='line_1_2' title="bbox 2007 495 2019 522; baseline 0 0"><span class='ocrx_word' id='word_1_8' title='bbox 2007 495 2019 522; x_wconf 59' lang='grc' dir='ltr'>δ</span> 
     </span>
     <span class='ocr_line' id='line_1_3' title="bbox 433 549 2090 639; baseline -0.002 -21"><span class='ocrx_word' id='word_1_9' title='bbox 433 555 570 619; x_wconf 89' lang='lat' dir='ltr'><strong>terrenis</strong></span> <span class='ocrx_word' id='word_1_10' title='bbox 594 553 738 638; x_wconf 90' lang='lat' dir='ltr'><strong>obligata</strong></span> <span class='ocrx_word' id='word_1_11' title='bbox 761 553 958 632; x_wconf 78' lang='lat' dir='ltr'>carceribus,</span> <span class='ocrx_word' id='word_1_12' title='bbox 982 554 1132 639; x_wconf 87' lang='lat' dir='ltr'><strong>quotiens</strong></span> <span class='ocrx_word' id='word_1_13' title='bbox 1155 553 1203 616; x_wconf 94' lang='lat' dir='ltr'><strong>illi</strong></span> <span class='ocrx_word' id='word_1_14' title='bbox 1226 552 1450 617; x_wconf 89' lang='lat' dir='ltr'><strong>vicissitudine</strong></span> <span class='ocrx_word' id='word_1_15' title='bbox 1473 551 1673 615; x_wconf 89' lang='lat' dir='ltr'><strong>subvenitur.</strong></span> <span class='ocrx_word' id='word_1_16' title='bbox 1713 551 1746 614; x_wconf 90' lang='lat' dir='ltr'><strong>in</strong></span> <span class='ocrx_word' id='word_1_17' title='bbox 1770 550 1940 635; x_wconf 92' lang='lat' dir='ltr'><strong>antiquum</strong></span> <span class='ocrx_word' id='word_1_18' title='bbox 1963 549 2090 615; x_wconf 90' lang='lat' dir='ltr'><strong>sudoris</strong></span> 
     </span>
     <span class='ocr_line' id='line_1_4' title="bbox 433 653 2090 741; baseline -0.001 -21"><span class='ocrx_word' id='word_1_19' title='bbox 433 658 603 723; x_wconf 91' lang='lat' dir='ltr'><strong>iuveniscit</strong></span> <span class='ocrx_word' id='word_1_20' title='bbox 626 657 789 738; x_wconf 84' lang='lat' dir='ltr'><strong>affectum,</strong></span> <span class='ocrx_word' id='word_1_21' title='bbox 813 657 868 741; x_wconf 91' lang='lat' dir='ltr'><strong>qui</strong></span> <span class='ocrx_word' id='word_1_22' title='bbox 892 657 1124 721; x_wconf 89' lang='lat' dir='ltr'><strong>necessitatem</strong></span> <span class='ocrx_word' id='word_1_23' title='bbox 1148 657 1272 740; x_wconf 89' lang='lat' dir='ltr'><strong>gratiae</strong></span> <span class='ocrx_word' id='word_1_24' title='bbox 1294 655 1398 720; x_wconf 92' lang='lat' dir='ltr'><strong>melle</strong></span> <span class='ocrx_word' id='word_1_25' title='bbox 1417 659 1593 718; x_wconf 77' lang='lat' dir='ltr'><strong>conmutat.</strong></span> <span class='ocrx_word' id='word_1_26' title='bbox 1640 661 1824 718; x_wconf 89' lang='lat' dir='ltr'><strong>sanctorum</strong></span> <span class='ocrx_word' id='word_1_27' title='bbox 1848 674 1985 740; x_wconf 90' lang='lat' dir='ltr'><strong>poenae,</strong></span> <span class='ocrx_word' id='word_1_28' title='bbox 2014 653 2090 718; x_wconf 91' lang='lat' dir='ltr'><strong>dum</strong></span> 
     </span>
    </p>

    <p class='ocr_par' dir='ltr' id='par_1_3' title="bbox 337 757 2239 2711">
     <span class='ocr_line' id='line_1_5' title="bbox 337 757 2091 846; baseline -0.001 -22"><span class='ocrx_word' id='word_1_29' title='bbox 337 801 339 808; x_wconf 32' lang='grc' dir='ltr'><em>ν</em></span> <span class='ocrx_word' id='word_1_30' title='bbox 433 780 554 825; x_wconf 92' lang='lat' dir='ltr'><strong>corona</strong></span> <span class='ocrx_word' id='word_1_31' title='bbox 590 761 766 846; x_wconf 90' lang='lat' dir='ltr'><strong>quaeritur,</strong></span> <span class='ocrx_word' id='word_1_32' title='bbox 803 760 1004 826; x_wconf 90' lang='lat' dir='ltr'><strong>abiurantur.</strong></span> <span class='ocrx_word' id='word_1_33' title='bbox 1055 760 1107 824; x_wconf 94' lang='lat' dir='ltr'><strong>cui</strong></span> <span class='ocrx_word' id='word_1_34' title='bbox 1141 759 1276 825; x_wconf 92' lang='lat' dir='ltr'><strong>dubium</strong></span> <span class='ocrx_word' id='word_1_35' title='bbox 1311 766 1378 834; x_wconf 90' lang='lat' dir='ltr'><strong>est,</strong></span> <span class='ocrx_word' id='word_1_36' title='bbox 1412 758 1499 844; x_wconf 93' lang='lat' dir='ltr'><strong>quod</strong></span> <span class='ocrx_word' id='word_1_37' title='bbox 1534 779 1595 822; x_wconf 92' lang='lat' dir='ltr'><strong>neo</strong></span> <span class='ocrx_word' id='word_1_38' title='bbox 1629 757 1671 821; x_wconf 90' lang='lat' dir='ltr'><strong>ad</strong></span> <span class='ocrx_word' id='word_1_39' title='bbox 1694 758 1830 822; x_wconf 66' lang='lat' dir='ltr'><strong>‘caelum</strong></span> <span class='ocrx_word' id='word_1_40' title='bbox 1861 758 1932 823; x_wconf 88' lang='lat' dir='ltr'><strong>sine</strong></span> <span class='ocrx_word' id='word_1_41' title='bbox 1971 757 2091 822; x_wconf 90' lang='lat' dir='ltr'><strong>fiducia</strong></span> 
     </span>
     <span class='ocr_line' id='line_1_6' title="bbox 401 860 2239 948; baseline 0.002 -25"><span class='ocrx_word' id='word_1_42' title='bbox 401 862 704 930; x_wconf 76' lang='lat' dir='ltr'><strong>aremunerationis</strong></span> <span class='ocrx_word' id='word_1_43' title='bbox 728 863 919 929; x_wconf 82' lang='lat' dir='ltr'><strong>adceditur?</strong></span> <span class='ocrx_word' id='word_1_44' title='bbox 956 862 1113 928; x_wconf 91' lang='lat' dir='ltr'><strong>imitanda</strong></span> <span class='ocrx_word' id='word_1_45' title='bbox 1135 869 1211 928; x_wconf 92' lang='lat' dir='ltr'><strong>sunt</strong></span> <span class='ocrx_word' id='word_1_46' title='bbox 1225 863 1420 928; x_wconf 83' lang='lat' dir='ltr'><strong>mortalibus</strong></span> <span class='ocrx_word' id='word_1_47' title='bbox 1436 862 1518 926; x_wconf 89' lang='lat' dir='ltr'><strong>duce</strong></span> <span class='ocrx_word' id='word_1_48' title='bbox 1534 862 1696 948; x_wconf 79' lang='lat' dir='ltr'><strong>sapientia</strong></span> <span class='ocrx_word' id='word_1_49' title='bbox 1711 861 1779 940; x_wconf 91' lang='lat' dir='ltr'><strong>illa,</strong></span> <span class='ocrx_word' id='word_1_50' title='bbox 1803 860 1920 946; x_wconf 93' lang='lat' dir='ltr'><strong>quibus</strong></span> <span class='ocrx_word' id='word_1_51' title='bbox 1935 868 2089 926; x_wconf 89' lang='lat' dir='ltr'><strong>aeternus</strong></span> <span class='ocrx_word' id='word_1_52' title='bbox 2237 943 2239 946; x_wconf 16' lang='grc' dir='ltr'>Ι</span> 
     </span>
     <span class='ocr_line' id='line_1_7' title="bbox 432 964 2163 1055; baseline -0.002 -22"><span class='ocrx_word' id='word_1_53' title='bbox 432 968 511 1033; x_wconf 92' lang='lat' dir='ltr'><strong>ordo</strong></span> <span class='ocrx_word' id='word_1_54' title='bbox 545 969 747 1055; x_wconf 89' lang='lat' dir='ltr'><strong>conponitur.</strong></span> <span class='ocrx_word' id='word_1_55' title='bbox 800 974 974 1033; x_wconf 91' lang='lat' dir='ltr'><strong>secuturus</strong></span> <span class='ocrx_word' id='word_1_56' title='bbox 1006 974 1057 1032; x_wconf 91' lang='lat' dir='ltr'><strong>est</strong></span> <span class='ocrx_word' id='word_1_57' title='bbox 1086 967 1212 1032; x_wconf 90' lang='lat' dir='ltr'><strong>actibus</strong></span> <span class='ocrx_word' id='word_1_58' title='bbox 1242 969 1385 1045; x_wconf 91' lang='lat' dir='ltr'><strong>animus,</strong></span> <span class='ocrx_word' id='word_1_59' title='bbox 1421 967 1507 1031; x_wconf 89' lang='lat' dir='ltr'><strong>unde</strong></span> <span class='ocrx_word' id='word_1_60' title='bbox 1539 967 1678 1052; x_wconf 78' lang='lat' dir='ltr'><strong>sumpsit</strong></span> <span class='ocrx_word' id='word_1_61' title='bbox 1712 965 1887 1049; x_wconf 81' lang='lat' dir='ltr'><strong>originem,</strong></span> <span class='ocrx_word' id='word_1_62' title='bbox 1922 964 1999 1030; x_wconf 92' lang='lat' dir='ltr'><strong>dnm</strong></span> <span class='ocrx_word' id='word_1_63' title='bbox 2027 965 2090 1032; x_wconf 92' lang='lat' dir='ltr'><strong>deo</strong></span> <span class='ocrx_word' id='word_1_64' title='bbox 2152 1000 2163 1036; x_wconf 80' lang='lat' dir='ltr'><strong>s</strong></span> 
     </span>
     <span class='ocr_line' id='line_1_8' title="bbox 405 1068 2091 1159; baseline -0.002 -23"><span class='ocrx_word' id='word_1_65' title='bbox 405 1071 549 1159; x_wconf 82' lang='lat' dir='ltr'><strong>¹devote</strong></span> <span class='ocrx_word' id='word_1_66' title='bbox 579 1072 775 1136; x_wconf 88' lang='lat' dir='ltr'><strong>famulantes</strong></span> <span class='ocrx_word' id='word_1_67' title='bbox 805 1072 890 1156; x_wconf 90' lang='lat' dir='ltr'><strong>quod</strong></span> <span class='ocrx_word' id='word_1_68' title='bbox 921 1073 1161 1158; x_wconf 83' lang='lat' dir='ltr'><strong>praestolamur</strong></span> <span class='ocrx_word' id='word_1_69' title='bbox 1191 1071 1369 1136; x_wconf 85' lang='lat' dir='ltr'><strong>offerimus.</strong></span> <span class='ocrx_word' id='word_1_70' title='bbox 1415 1091 1600 1156; x_wconf 90' lang='lat' dir='ltr'><strong>asuperna</strong></span> <span class='ocrx_word' id='word_1_71' title='bbox 1627 1068 1716 1133; x_wconf 93' lang='lat' dir='ltr'><strong>euim</strong></span> <span class='ocrx_word' id='word_1_72' title='bbox 1749 1070 1997 1134; x_wconf 89' lang='lat' dir='ltr'><strong>conversatione</strong></span> <span class='ocrx_word' id='word_1_73' title='bbox 2026 1091 2091 1133; x_wconf 92' lang='lat' dir='ltr'><strong>non</strong></span> 
     </span>
     <span class='ocr_line' id='line_1_9' title="bbox 430 1171 2091 1262; baseline 0 -24"><span class='ocrx_word' id='word_1_74' title='bbox 430 1174 611 1261; x_wconf 81' lang='lat' dir='ltr'><strong>discrepat,</strong></span> <span class='ocrx_word' id='word_1_75' title='bbox 646 1175 702 1259; x_wconf 92' lang='lat' dir='ltr'><strong>qni</strong></span> <span class='ocrx_word' id='word_1_76' title='bbox 730 1176 830 1240; x_wconf 93' lang='lat' dir='ltr'><strong>talem</strong></span> <span class='ocrx_word' id='word_1_77' title='bbox 860 1174 1120 1261; x_wconf 82' lang='lat' dir='ltr'><strong>obsequentibus</strong></span> <span class='ocrx_word' id='word_1_78' title='bbox 1148 1175 1297 1262; x_wconf 86' lang='lat' dir='ltr'><strong>inpendit</strong></span> <span class='ocrx_word' id='word_1_79' title='bbox 1319 1174 1497 1250; x_wconf 87' lang='lat' dir='ltr'><strong>dominum,</strong></span> <span class='ocrx_word' id='word_1_80' title='bbox 1527 1175 1657 1260; x_wconf 88' lang='lat' dir='ltr'><strong>qualem</strong></span> <span class='ocrx_word' id='word_1_81' title='bbox 1688 1171 1750 1237; x_wconf 91' lang='lat' dir='ltr'><strong>sibi</strong></span> <span class='ocrx_word' id='word_1_82' title='bbox 1774 1173 1843 1237; x_wconf 92' lang='lat' dir='ltr'><strong>vult</strong></span> <span class='ocrx_word' id='word_1_83' title='bbox 1872 1195 1945 1238; x_wconf 91' lang='lat' dir='ltr'><strong>esse</strong></span> <span class='ocrx_word' id='word_1_84' title='bbox 1976 1175 2091 1238; x_wconf 89' lang='lat' dir='ltr'><strong>salutis</strong></span> 
     </span>
     <span class='ocr_line' id='line_1_10' title="bbox 401 1276 2092 1366; baseline -0.001 -24"><span class='ocrx_word' id='word_1_85' title='bbox 401 1281 608 1343; x_wconf 71' lang='lat' dir='ltr'><strong>tauctorem.</strong></span> <span class='ocrx_word' id='word_1_86' title='bbox 660 1276 852 1343; x_wconf 84' lang='lat' dir='ltr'><strong>Gerontium</strong></span> <span class='ocrx_word' id='word_1_87' title='bbox 883 1279 1011 1363; x_wconf 87' lang='lat' dir='ltr'><strong>itaque,</strong></span> <span class='ocrx_word' id='word_1_88' title='bbox 1043 1280 1135 1343; x_wconf 91' lang='lat' dir='ltr'><strong>cuius</strong></span> <span class='ocrx_word' id='word_1_89' title='bbox 1162 1299 1183 1342; x_wconf 92' lang='lat' dir='ltr'><strong>a</strong></span> <span class='ocrx_word' id='word_1_90' title='bbox 1210 1300 1262 1344; x_wconf 92' lang='lat' dir='ltr'><strong>me</strong></span> <span class='ocrx_word' id='word_1_91' title='bbox 1291 1284 1449 1366; x_wconf 91' lang='lat' dir='ltr'><strong>conperta</strong></span> <span class='ocrx_word' id='word_1_92' title='bbox 1478 1277 1559 1343; x_wconf 89' lang='lat' dir='ltr'><strong>fides</strong></span> <span class='ocrx_word' id='word_1_93' title='bbox 1591 1277 1696 1364; x_wconf 94' lang='lat' dir='ltr'><strong>pudor</strong></span> <span class='ocrx_word' id='word_1_94' title='bbox 1725 1279 1896 1363; x_wconf 81' lang='lat' dir='ltr'><strong>integritas</strong></span> <span class='ocrx_word' id='word_1_95' title='bbox 1924 1285 1958 1342; x_wconf 92' lang='lat' dir='ltr'><strong>et</strong></span> <span class='ocrx_word' id='word_1_96' title='bbox 1988 1279 2092 1363; x_wconf 84' lang='lat' dir='ltr'><strong>exigit</strong></span> 
     </span>
     <span class='ocr_line' id='line_1_11' title="bbox 431 1381 2090 1468; baseline -0.001 -23"><span class='ocrx_word' id='word_1_97' title='bbox 431 1381 617 1446; x_wconf 89' lang='lat' dir='ltr'><strong>libertatem</strong></span> <span class='ocrx_word' id='word_1_98' title='bbox 651 1388 685 1446; x_wconf 88' lang='lat' dir='ltr'><strong>at</strong></span> <span class='ocrx_word' id='word_1_99' title='bbox 713 1383 780 1446; x_wconf 88' lang='lat' dir='ltr'><strong>suis</strong></span> <span class='ocrx_word' id='word_1_100' title='bbox 812 1381 944 1446; x_wconf 89' lang='lat' dir='ltr'><strong>dotibus</strong></span> <span class='ocrx_word' id='word_1_101' title='bbox 975 1382 1165 1464; x_wconf 81' lang='lat' dir='ltr'><strong>innotescit,</strong></span> <span class='ocrx_word' id='word_1_102' title='bbox 1200 1403 1260 1467; x_wconf 88' lang='lat' dir='ltr'><strong>per</strong></span> <span class='ocrx_word' id='word_1_103' title='bbox 1291 1403 1448 1467; x_wconf 89' lang='lat' dir='ltr'><strong>praesens</strong></span> <span class='ocrx_word' id='word_1_104' title='bbox 1483 1382 1671 1468; x_wconf 89' lang='lat' dir='ltr'><strong>petitorium</strong></span> <span class='ocrx_word' id='word_1_105' title='bbox 1699 1403 1719 1446; x_wconf 90' lang='lat' dir='ltr'><strong>a</strong></span> <span class='ocrx_word' id='word_1_106' title='bbox 1746 1381 1947 1447; x_wconf 87' lang='lat' dir='ltr'><strong>beatitudine</strong></span> <span class='ocrx_word' id='word_1_107' title='bbox 1982 1391 2090 1445; x_wconf 90' lang='lat' dir='ltr'><strong>vestra</strong></span> 
     </span>
     <span class='ocr_line' id='line_1_12' title="bbox 430 1484 2163 1572; baseline -0.001 -24"><span class='ocrx_word' id='word_1_108' title='bbox 430 1484 598 1551; x_wconf 84' lang='lat' dir='ltr'><strong>Romanae</strong></span> <span class='ocrx_word' id='word_1_109' title='bbox 623 1485 782 1571; x_wconf 91' lang='lat' dir='ltr'><strong>deprecor</strong></span> <span class='ocrx_word' id='word_1_110' title='bbox 805 1487 946 1551; x_wconf 92' lang='lat' dir='ltr'><strong>civitatis</strong></span> <span class='ocrx_word' id='word_1_111' title='bbox 970 1486 1114 1572; x_wconf 91' lang='lat' dir='ltr'><strong>gaudere</strong></span> <span class='ocrx_word' id='word_1_112' title='bbox 1139 1488 1316 1565; x_wconf 90' lang='lat' dir='ltr'><strong>consortio,</strong></span> <span class='ocrx_word' id='word_1_113' title='bbox 1344 1486 1435 1550; x_wconf 93' lang='lat' dir='ltr'><strong>cuius</strong></span> <span class='ocrx_word' id='word_1_114' title='bbox 1458 1507 1520 1570; x_wconf 89' lang='lat' dir='ltr'><strong>ego</strong></span> <span class='ocrx_word' id='word_1_115' title='bbox 1542 1484 1755 1550; x_wconf 86' lang='lat' dir='ltr'><strong>absolutionis</strong></span> <span class='ocrx_word' id='word_1_116' title='bbox 1777 1507 1842 1550; x_wconf 94' lang='lat' dir='ltr'><strong>non</strong></span> <span class='ocrx_word' id='word_1_117' title='bbox 1864 1493 1931 1551; x_wconf 89' lang='lat' dir='ltr'><strong>tam</strong></span> <span class='ocrx_word' id='word_1_118' title='bbox 1954 1486 2091 1568; x_wconf 89' lang='lat' dir='ltr'><strong>largitor</strong></span> <span class='ocrx_word' id='word_1_119' title='bbox 2141 1519 2163 1556; x_wconf 84' lang='lat' dir='ltr'><strong>n</strong></span> 
     </span>
     <span class='ocr_line' id='line_1_13' title="bbox 401 1587 2091 1674; baseline -0.001 -23"><span class='ocrx_word' id='word_1_120' title='bbox 401 1593 531 1674; x_wconf 76' lang='lat' dir='ltr'><strong>dquam</strong></span> <span class='ocrx_word' id='word_1_121' title='bbox 553 1589 647 1653; x_wconf 88' lang='lat' dir='ltr'><strong>testis</strong></span> <span class='ocrx_word' id='word_1_122' title='bbox 672 1590 795 1664; x_wconf 66' lang='lat' dir='ltr'><strong>existat.</strong></span> <span class='ocrx_word' id='word_1_123' title='bbox 822 1591 952 1655; x_wconf 89' lang='lat' dir='ltr'><strong>abiecta</strong></span> <span class='ocrx_word' id='word_1_124' title='bbox 975 1591 1059 1654; x_wconf 89' lang='lat' dir='ltr'><strong>enim</strong></span> <span class='ocrx_word' id='word_1_125' title='bbox 1083 1596 1173 1654; x_wconf 91' lang='lat' dir='ltr'><strong>esset</strong></span> <span class='ocrx_word' id='word_1_126' title='bbox 1196 1596 1314 1655; x_wconf 91' lang='lat' dir='ltr'><strong>natura</strong></span> <span class='ocrx_word' id='word_1_127' title='bbox 1336 1589 1506 1674; x_wconf 90' lang='lat' dir='ltr'><strong>designati,</strong></span> <span class='ocrx_word' id='word_1_128' title='bbox 1529 1587 1592 1652; x_wconf 92' lang='lat' dir='ltr'><strong>nisi</strong></span> <span class='ocrx_word' id='word_1_129' title='bbox 1608 1589 1749 1653; x_wconf 92' lang='lat' dir='ltr'><strong>moribus</strong></span> <span class='ocrx_word' id='word_1_130' title='bbox 1765 1590 1966 1674; x_wconf 85' lang='lat' dir='ltr'><strong>vulgaretur.</strong></span> <span class='ocrx_word' id='word_1_131' title='bbox 2006 1588 2091 1651; x_wconf 90' lang='lat' dir='ltr'><strong>hunc</strong></span> 
     </span>
     <span class='ocr_line' id='line_1_14' title="bbox 431 1691 2091 1778; baseline -0.001 -23"><span class='ocrx_word' id='word_1_132' title='bbox 431 1691 563 1777; x_wconf 85' lang='lat' dir='ltr'><strong>quidem</strong></span> <span class='ocrx_word' id='word_1_133' title='bbox 587 1714 659 1757; x_wconf 90' lang='lat' dir='ltr'><strong>sum</strong></span> <span class='ocrx_word' id='word_1_134' title='bbox 683 1692 805 1756; x_wconf 92' lang='lat' dir='ltr'><strong>dudum</strong></span> <span class='ocrx_word' id='word_1_135' title='bbox 829 1693 1071 1758; x_wconf 89' lang='lat' dir='ltr'><strong>interveniente</strong></span> <span class='ocrx_word' id='word_1_136' title='bbox 1095 1693 1349 1757; x_wconf 89' lang='lat' dir='ltr'><strong>commutatione</strong></span> <span class='ocrx_word' id='word_1_137' title='bbox 1373 1699 1552 1771; x_wconf 90' lang='lat' dir='ltr'><strong>mercatus,</strong></span> <span class='ocrx_word' id='word_1_138' title='bbox 1583 1691 1640 1757; x_wconf 91' lang='lat' dir='ltr'><strong>sed</strong></span> <span class='ocrx_word' id='word_1_139' title='bbox 1665 1693 1889 1778; x_wconf 91' lang='lat' dir='ltr'><strong>quianullum</strong></span> <span class='ocrx_word' id='word_1_140' title='bbox 1913 1697 1964 1756; x_wconf 91' lang='lat' dir='ltr'><strong>est</strong></span> <span class='ocrx_word' id='word_1_141' title='bbox 1987 1692 2091 1755; x_wconf 85' lang='lat' dir='ltr'><strong>maius</strong></span> 
     </span>
     <span class='ocr_line' id='line_1_15' title="bbox 431 1795 2090 1884; baseline 0.001 -26"><span class='ocrx_word' id='word_1_142' title='bbox 431 1795 635 1860; x_wconf 91' lang='lat' dir='ltr'><strong>commodum</strong></span> <span class='ocrx_word' id='word_1_143' title='bbox 663 1817 761 1881; x_wconf 89' lang='lat' dir='ltr'><strong>qnam</strong></span> <span class='ocrx_word' id='word_1_144' title='bbox 787 1797 868 1862; x_wconf 93' lang='lat' dir='ltr'><strong>illud</strong></span> <span class='ocrx_word' id='word_1_145' title='bbox 897 1797 983 1882; x_wconf 92' lang='lat' dir='ltr'><strong>qnod</strong></span> <span class='ocrx_word' id='word_1_146' title='bbox 1012 1817 1165 1861; x_wconf 89' lang='lat' dir='ltr'><strong>serenum</strong></span> <span class='ocrx_word' id='word_1_147' title='bbox 1188 1818 1328 1861; x_wconf 85' lang='lat' dir='ltr'><strong>examen</strong></span> <span class='ocrx_word' id='word_1_148' title='bbox 1352 1796 1553 1882; x_wconf 88' lang='lat' dir='ltr'><strong>adsequitur,</strong></span> <span class='ocrx_word' id='word_1_149' title='bbox 1582 1797 1666 1881; x_wconf 91' lang='lat' dir='ltr'><strong>elegi</strong></span> <span class='ocrx_word' id='word_1_150' title='bbox 1690 1797 1833 1884; x_wconf 91' lang='lat' dir='ltr'><strong>palmam</strong></span> <span class='ocrx_word' id='word_1_151' title='bbox 1857 1795 1969 1861; x_wconf 90' lang='lat' dir='ltr'><strong>iudicii</strong></span> <span class='ocrx_word' id='word_1_152' title='bbox 1993 1817 2090 1881; x_wconf 90' lang='lat' dir='ltr'><strong>quam</strong></span> 
     </span>
     <span class='ocr_line' id='line_1_16' title="bbox 431 1897 2090 1987; baseline 0 -25"><span class='ocrx_word' id='word_1_153' title='bbox 431 1897 472 1962; x_wconf 91' lang='lat' dir='ltr'><strong>de</strong></span> <span class='ocrx_word' id='word_1_154' title='bbox 495 1899 657 1986; x_wconf 90' lang='lat' dir='ltr'><strong>adquisito</strong></span> <span class='ocrx_word' id='word_1_155' title='bbox 681 1899 804 1966; x_wconf 89' lang='lat' dir='ltr'><strong>habere</strong></span> <span class='ocrx_word' id='word_1_156' title='bbox 829 1901 1056 1987; x_wconf 90' lang='lat' dir='ltr'><strong>conpendium.</strong></span> <span class='ocrx_word' id='word_1_157' title='bbox 1103 1899 1247 1964; x_wconf 89' lang='lat' dir='ltr'><strong>ostendit</strong></span> <span class='ocrx_word' id='word_1_158' title='bbox 1268 1899 1347 1964; x_wconf 92' lang='lat' dir='ltr'><strong>mihi</strong></span> <span class='ocrx_word' id='word_1_159' title='bbox 1370 1899 1456 1964; x_wconf 89' lang='lat' dir='ltr'><strong>iusta</strong></span> <span class='ocrx_word' id='word_1_160' title='bbox 1478 1899 1638 1986; x_wconf 91' lang='lat' dir='ltr'><strong>praedicti</strong></span> <span class='ocrx_word' id='word_1_161' title='bbox 1661 1901 1802 1965; x_wconf 90' lang='lat' dir='ltr'><strong>servitus</strong></span> <span class='ocrx_word' id='word_1_162' title='bbox 1827 1921 2001 1986; x_wconf 88' lang='lat' dir='ltr'><strong>personam</strong></span> <span class='ocrx_word' id='word_1_163' title='bbox 2025 1920 2090 1963; x_wconf 90' lang='lat' dir='ltr'><strong>non</strong></span> 
     </span>
     <span class='ocr_line' id='line_1_17' title="bbox 431 2003 2162 2090; baseline 0.003 -23"><span class='ocrx_word' id='word_1_164' title='bbox 431 2023 506 2067; x_wconf 91' lang='lat' dir='ltr'><strong>esse</strong></span> <span class='ocrx_word' id='word_1_165' title='bbox 528 2003 690 2068; x_wconf 86' lang='lat' dir='ltr'><strong>servilem.</strong></span> <span class='ocrx_word' id='word_1_166' title='bbox 736 2025 815 2090; x_wconf 92' lang='lat' dir='ltr'><strong>ergo</strong></span> <span class='ocrx_word' id='word_1_167' title='bbox 839 2005 1005 2070; x_wconf 91' lang='lat' dir='ltr'><strong>nominato</strong></span> <span class='ocrx_word' id='word_1_168' title='bbox 1029 2023 1095 2067; x_wconf 94' lang='lat' dir='ltr'><strong>non</strong></span> <span class='ocrx_word' id='word_1_169' title='bbox 1118 2010 1185 2067; x_wconf 92' lang='lat' dir='ltr'><strong>tam</strong></span> <span class='ocrx_word' id='word_1_170' title='bbox 1210 2003 1305 2090; x_wconf 90' lang='lat' dir='ltr'><strong>cupio</strong></span> <span class='ocrx_word' id='word_1_171' title='bbox 1328 2004 1565 2088; x_wconf 87' lang='lat' dir='ltr'><strong>ingenuitatem</strong></span> <span class='ocrx_word' id='word_1_172' title='bbox 1587 2003 1686 2069; x_wconf 89' lang='lat' dir='ltr'><strong>tribui</strong></span> <span class='ocrx_word' id='word_1_173' title='bbox 1711 2025 1806 2089; x_wconf 89' lang='lat' dir='ltr'><strong>quam</strong></span> <span class='ocrx_word' id='word_1_174' title='bbox 1835 2003 1975 2068; x_wconf 89' lang='lat' dir='ltr'><strong>refundi.</strong></span> <span class='ocrx_word' id='word_1_175' title='bbox 2022 2003 2089 2067; x_wconf 90' lang='lat' dir='ltr'><strong>scio</strong></span> <span class='ocrx_word' id='word_1_176' title='bbox 2140 2036 2162 2072; x_wconf 78' lang='lat' dir='ltr'><strong>a</strong></span> 
     </span>
     <span class='ocr_line' id='line_1_18' title="bbox 399 2096 2091 2194; baseline 0.001 -26"><span class='ocrx_word' id='word_1_177' title='bbox 399 2105 518 2191; x_wconf 77' lang='lat' dir='ltr'><strong>dquod</strong></span> <span class='ocrx_word' id='word_1_178' title='bbox 542 2113 630 2171; x_wconf 91' lang='lat' dir='ltr'><strong>recte</strong></span> <span class='ocrx_word' id='word_1_179' title='bbox 646 2106 710 2171; x_wconf 90' lang='lat' dir='ltr'><strong>vile</strong></span> <span class='ocrx_word' id='word_1_180' title='bbox 733 2129 851 2173; x_wconf 89' lang='lat' dir='ltr'><strong>nomen</strong></span> <span class='ocrx_word' id='word_1_181' title='bbox 876 2096 1051 2194; x_wconf 81' lang='lat' dir='ltr'><strong>expulerit,</strong></span> <span class='ocrx_word' id='word_1_182' title='bbox 1075 2107 1130 2192; x_wconf 90' lang='lat' dir='ltr'><strong>qui</strong></span> <span class='ocrx_word' id='word_1_183' title='bbox 1153 2113 1230 2171; x_wconf 89' lang='lat' dir='ltr'><strong>ante</strong></span> <span class='ocrx_word' id='word_1_184' title='bbox 1253 2107 1415 2191; x_wconf 91' lang='lat' dir='ltr'><strong>ingenuus</strong></span> <span class='ocrx_word' id='word_1_185' title='bbox 1440 2106 1528 2172; x_wconf 90' lang='lat' dir='ltr'><strong>credi</strong></span> <span class='ocrx_word' id='word_1_186' title='bbox 1551 2107 1669 2171; x_wconf 88' lang='lat' dir='ltr'><strong>meruit</strong></span> <span class='ocrx_word' id='word_1_187' title='bbox 1684 2128 1782 2193; x_wconf 87' lang='lat' dir='ltr'><strong>qnam</strong></span> <span class='ocrx_word' id='word_1_188' title='bbox 1798 2107 1918 2172; x_wconf 87' lang='lat' dir='ltr'><strong>vocari.</strong></span> <span class='ocrx_word' id='word_1_189' title='bbox 1956 2107 2091 2171; x_wconf 89' lang='lat' dir='ltr'><strong>remisso</strong></span> 
     </span>
     <span class='ocr_line' id='line_1_19' title="bbox 431 2208 2090 2295; baseline 0.001 -23"><span class='ocrx_word' id='word_1_190' title='bbox 431 2230 509 2294; x_wconf 90' lang='lat' dir='ltr'><strong>ergo</strong></span> <span class='ocrx_word' id='word_1_191' title='bbox 526 2210 567 2274; x_wconf 89' lang='lat' dir='ltr'><strong>ab</strong></span> <span class='ocrx_word' id='word_1_192' title='bbox 584 2230 622 2274; x_wconf 92' lang='lat' dir='ltr'><strong>eo</strong></span> <span class='ocrx_word' id='word_1_193' title='bbox 640 2210 725 2295; x_wconf 91' lang='lat' dir='ltr'><strong>quod</strong></span> <span class='ocrx_word' id='word_1_194' title='bbox 740 2211 819 2275; x_wconf 92' lang='lat' dir='ltr'><strong>mihi</strong></span> <span class='ocrx_word' id='word_1_195' title='bbox 834 2210 1018 2276; x_wconf 89' lang='lat' dir='ltr'><strong>debebatur</strong></span> <span class='ocrx_word' id='word_1_196' title='bbox 1040 2209 1208 2293; x_wconf 91' lang='lat' dir='ltr'><strong>obsequio,</strong></span> <span class='ocrx_word' id='word_1_197' title='bbox 1232 2230 1329 2295; x_wconf 92' lang='lat' dir='ltr'><strong>qnam</strong></span> <span class='ocrx_word' id='word_1_198' title='bbox 1352 2231 1443 2275; x_wconf 91' lang='lat' dir='ltr'><strong>suam</strong></span> <span class='ocrx_word' id='word_1_199' title='bbox 1468 2231 1542 2276; x_wconf 90' lang='lat' dir='ltr'><strong>esse</strong></span> <span class='ocrx_word' id='word_1_200' title='bbox 1567 2210 1815 2274; x_wconf 87' lang='lat' dir='ltr'><strong>conversatione</strong></span> <span class='ocrx_word' id='word_1_201' title='bbox 1839 2208 1959 2288; x_wconf 91' lang='lat' dir='ltr'><strong>docuit,</strong></span> <span class='ocrx_word' id='word_1_202' title='bbox 1984 2208 2090 2273; x_wconf 90' lang='lat' dir='ltr'><strong>eidem</strong></span> 
     </span>
     <span class='ocr_line' id='line_1_20' title="bbox 431 2312 2091 2401; baseline 0 -25"><span class='ocrx_word' id='word_1_203' title='bbox 431 2313 567 2377; x_wconf 89' lang='lat' dir='ltr'><strong>restituo</strong></span> <span class='ocrx_word' id='word_1_204' title='bbox 587 2313 785 2394; x_wconf 89' lang='lat' dir='ltr'><strong>libertatem,</strong></span> <span class='ocrx_word' id='word_1_205' title='bbox 810 2315 999 2401; x_wconf 84' lang='lat' dir='ltr'><strong>supplicans</strong></span> <span class='ocrx_word' id='word_1_206' title='bbox 1021 2333 1158 2377; x_wconf 90' lang='lat' dir='ltr'><strong>coronae</strong></span> <span class='ocrx_word' id='word_1_207' title='bbox 1173 2319 1313 2390; x_wconf 89' lang='lat' dir='ltr'><strong>vestrae,</strong></span> <span class='ocrx_word' id='word_1_208' title='bbox 1337 2319 1374 2377; x_wconf 91' lang='lat' dir='ltr'><strong>nt</strong></span> <span class='ocrx_word' id='word_1_209' title='bbox 1393 2315 1496 2398; x_wconf 89' lang='lat' dir='ltr'><strong>gestis</strong></span> <span class='ocrx_word' id='word_1_210' title='bbox 1517 2313 1752 2378; x_wconf 90' lang='lat' dir='ltr'><strong>ecclesiasticis</strong></span> <span class='ocrx_word' id='word_1_211' title='bbox 1768 2334 1811 2378; x_wconf 84' lang='lat' dir='ltr'><strong>ex</strong></span> <span class='ocrx_word' id='word_1_212' title='bbox 1827 2314 1914 2377; x_wconf 93' lang='lat' dir='ltr'><strong>omni</strong></span> <span class='ocrx_word' id='word_1_213' title='bbox 1931 2312 2091 2376; x_wconf 89' lang='lat' dir='ltr'><strong>obnoxie-</strong></span> 
     </span>
     <span class='ocr_line' id='line_1_21' title="bbox 431 2417 2141 2504; baseline 0.001 -25"><span class='ocrx_word' id='word_1_214' title='bbox 431 2422 500 2480; x_wconf 91' lang='lat' dir='ltr'><strong>tate</strong></span> <span class='ocrx_word' id='word_1_215' title='bbox 529 2419 684 2499; x_wconf 90' lang='lat' dir='ltr'><strong>sclvatur,</strong></span> <span class='ocrx_word' id='word_1_216' title='bbox 713 2425 749 2481; x_wconf 93' lang='lat' dir='ltr'><strong>ut</strong></span> <span class='ocrx_word' id='word_1_217' title='bbox 776 2425 935 2504; x_wconf 90' lang='lat' dir='ltr'><strong>perpetuo</strong></span> <span class='ocrx_word' id='word_1_218' title='bbox 952 2417 1128 2490; x_wconf 59' lang='lat' dir='ltr'><strong>*Romanae</strong></span> <span class='ocrx_word' id='word_1_219' title='bbox 1155 2417 1244 2481; x_wconf 91' lang='lat' dir='ltr'><strong>urbis</strong></span> <span class='ocrx_word' id='word_1_220' title='bbox 1274 2418 1379 2504; x_wconf 89' lang='lat' dir='ltr'><strong>possit</strong></span> <span class='ocrx_word' id='word_1_221' title='bbox 1407 2420 1557 2483; x_wconf 89' lang='lat' dir='ltr'><strong>exultare</strong></span> <span class='ocrx_word' id='word_1_222' title='bbox 1581 2418 1736 2503; x_wconf 88' lang='lat' dir='ltr'><strong>collegio,</strong></span> <span class='ocrx_word' id='word_1_223' title='bbox 1767 2417 1854 2481; x_wconf 91' lang='lat' dir='ltr'><strong>omni</strong></span> <span class='ocrx_word' id='word_1_224' title='bbox 1878 2418 2008 2503; x_wconf 89' lang='lat' dir='ltr'><strong>peculio</strong></span> <span class='ocrx_word' id='word_1_225' title='bbox 2033 2439 2091 2481; x_wconf 92' lang='lat' dir='ltr'><strong>suo</strong></span> <span class='ocrx_word' id='word_1_226' title='bbox 2138 2443 2141 2454; x_wconf 61' lang='grc'><em>’</em></span> 
     </span>
     <span class='ocr_line' id='line_1_22' title="bbox 433 2515 2164 2607; baseline 0.001 -24"><span class='ocrx_word' id='word_1_227' title='bbox 433 2515 503 2584; x_wconf 88' lang='lat' dir='ltr'><strong>sinc</strong></span> <span class='ocrx_word' id='word_1_228' title='bbox 528 2521 639 2607; x_wconf 91' lang='lat' dir='ltr'><strong>aliqua</strong></span> <span class='ocrx_word' id='word_1_229' title='bbox 661 2522 875 2586; x_wconf 89' lang='lat' dir='ltr'><strong>inminutione</strong></span> <span class='ocrx_word' id='word_1_230' title='bbox 898 2543 1072 2595; x_wconf 89' lang='lat' dir='ltr'><strong>concesso;</strong></span> <span class='ocrx_word' id='word_1_231' title='bbox 1104 2543 1164 2586; x_wconf 90' lang='lat' dir='ltr'><strong>nec</strong></span> <span class='ocrx_word' id='word_1_232' title='bbox 1188 2521 1238 2586; x_wconf 87' lang='lat' dir='ltr'><strong>fas</strong></span> <span class='ocrx_word' id='word_1_233' title='bbox 1262 2528 1313 2586; x_wconf 91' lang='lat' dir='ltr'><strong>est</strong></span> <span class='ocrx_word' id='word_1_234' title='bbox 1337 2522 1366 2585; x_wconf 93' lang='lat' dir='ltr'><strong>ei</strong></span> <span class='ocrx_word' id='word_1_235' title='bbox 1389 2521 1431 2586; x_wconf 88' lang='lat' dir='ltr'><strong>de</strong></span> <span class='ocrx_word' id='word_1_236' title='bbox 1454 2522 1623 2606; x_wconf 89' lang='lat' dir='ltr'><strong>adquisitis</strong></span> <span class='ocrx_word' id='word_1_237' title='bbox 1646 2521 1822 2606; x_wconf 89' lang='lat' dir='ltr'><strong>quidquam</strong></span> <span class='ocrx_word' id='word_1_238' title='bbox 1844 2521 1962 2594; x_wconf 82' lang='lat' dir='ltr'><strong>minui.</strong></span> <span class='ocrx_word' id='word_1_239' title='bbox 1994 2541 2092 2606; x_wconf 90' lang='lat' dir='ltr'><strong>quern</strong></span> <span class='ocrx_word' id='word_1_240' title='bbox 2141 2555 2164 2592; x_wconf 72' lang='lat' dir='ltr'><strong>:a</strong></span> 
     </span>
     <span class='ocr_line' id='line_1_23' title="bbox 432 2624 1342 2711; baseline -0.001 -23"><span class='ocrx_word' id='word_1_241' title='bbox 432 2626 594 2710; x_wconf 91' lang='lat' dir='ltr'><strong>polliceor</strong></span> <span class='ocrx_word' id='word_1_242' title='bbox 615 2624 711 2690; x_wconf 87' lang='lat' dir='ltr'><strong>donis</strong></span> <span class='ocrx_word' id='word_1_243' title='bbox 735 2626 834 2690; x_wconf 90' lang='lat' dir='ltr'><strong>etiam</strong></span> <span class='ocrx_word' id='word_1_244' title='bbox 858 2626 1041 2711; x_wconf 92' lang='lat' dir='ltr'><strong>potioribus</strong></span> <span class='ocrx_word' id='word_1_245' title='bbox 1066 2624 1342 2710; x_wconf 90' lang='lat' dir='ltr'><strong>subsequendum.</strong></span> 
     </span>
    </p>
   </div>
   <div class='ocr_carea' id='block_1_3' title="bbox 658 2915 1869 3204">
    <p class='ocr_par' dir='ltr' id='par_1_4' title="bbox 658 2915 1869 3204">
     <span class='ocr_line' id='line_1_24' title="bbox 1090 2915 1437 3004; baseline -0.006 -18"><span class='ocrx_word' id='word_1_246' title='bbox 1090 2915 1237 2986; x_wconf 78' lang='lat' dir='ltr'><strong>cxxIv</strong></span> <span class='ocrx_word' id='word_1_247' title='bbox 1258 2917 1352 3004; x_wconf 85' lang='lat' dir='ltr'><strong>(nrcr.</strong></span> <span class='ocrx_word' id='word_1_248' title='bbox 1372 2917 1437 3004; x_wconf 89' lang='lat'><strong>11).</strong></span> 
     </span>
     <span class='ocr_line' id='line_1_25' title="bbox 658 3111 1869 3204; baseline 0 -20"><span class='ocrx_word' id='word_1_249' title='bbox 658 3111 821 3188; x_wconf 88' lang='lat' dir='ltr'>DICTIO</span> <span class='ocrx_word' id='word_1_250' title='bbox 849 3111 978 3202; x_wconf 85' lang='lat' dir='ltr'><strong>QVAE</strong></span> <span class='ocrx_word' id='word_1_251' title='bbox 1006 3112 1151 3186; x_wconf 84' lang='lat' dir='ltr'>DICTA</span> <span class='ocrx_word' id='word_1_252' title='bbox 1179 3113 1267 3186; x_wconf 85' lang='lat' dir='ltr'><strong>EST</strong></span> <span class='ocrx_word' id='word_1_253' title='bbox 1294 3111 1492 3204; x_wconf 82' lang='lat' dir='ltr'><strong><em>QVANDO</em></strong></span> <span class='ocrx_word' id='word_1_254' title='bbox 1520 3113 1687 3187; x_wconf 81' lang='lat' dir='ltr'>EVSEBI</span> <span class='ocrx_word' id='word_1_255' title='bbox 1716 3112 1869 3186; x_wconf 78' lang='lat' dir='ltr'><strong>FlLIVS</strong></span> 
     </span>
    </p>
   </div>
   <div class='ocr_carea' id='block_1_4' title="bbox 930 3251 1596 3327">
    <p class='ocr_par' dir='ltr' id='par_1_5' title="bbox 930 3251 1596 3327">
     <span class='ocr_line' id='line_1_26' title="bbox 930 3251 1596 3327; baseline -0.002 -2"><span class='ocrx_word' id='word_1_256' title='bbox 930 3252 1175 3327; x_wconf 84' lang='lat' dir='ltr'><strong>TRADITVS</strong></span> <span class='ocrx_word' id='word_1_257' title='bbox 1202 3254 1290 3327; x_wconf 86' lang='lat' dir='ltr'><strong>EST</strong></span> <span class='ocrx_word' id='word_1_258' title='bbox 1317 3253 1382 3326; x_wconf 84' lang='lat' dir='ltr'><strong>AD</strong></span> <span class='ocrx_word' id='word_1_259' title='bbox 1410 3251 1596 3325; x_wconf 85' lang='lat' dir='ltr'><strong>STVDIA.</strong></span> 
     </span>
    </p>
   </div>
   <div class='ocr_carea' id='block_1_5' title="bbox 283 3379 2160 4744">
    <p class='ocr_par' dir='ltr' id='par_1_6' title="bbox 404 3379 2160 3912">
     <span class='ocr_line' id='line_1_27' title="bbox 404 3379 2088 3480; baseline 0.002 -10"><span class='ocrx_word' id='word_1_260' title='bbox 404 3404 414 3462; x_wconf 85' lang='grc'>1</span> <span class='ocrx_word' id='word_1_261' title='bbox 551 3379 656 3474; x_wconf 80' lang='lat' dir='ltr'><strong>Licet</strong></span> <span class='ocrx_word' id='word_1_262' title='bbox 689 3410 774 3473; x_wconf 91' lang='lat' dir='ltr'><strong>sicut</strong></span> <span class='ocrx_word' id='word_1_263' title='bbox 802 3411 928 3473; x_wconf 88' lang='lat' dir='ltr'><strong>novitas</strong></span> <span class='ocrx_word' id='word_1_264' title='bbox 967 3411 1013 3473; x_wconf 91' lang='lat' dir='ltr'><strong>ita</strong></span> <span class='ocrx_word' id='word_1_265' title='bbox 1046 3411 1190 3475; x_wconf 89' lang='lat' dir='ltr'><strong>habeant</strong></span> <span class='ocrx_word' id='word_1_266' title='bbox 1223 3412 1408 3475; x_wconf 88' lang='lat' dir='ltr'><strong>intermissa</strong></span> <span class='ocrx_word' id='word_1_267' title='bbox 1445 3409 1650 3474; x_wconf 83' lang='lat' dir='ltr'><strong>formidinem</strong></span> <span class='ocrx_word' id='word_1_268' title='bbox 1685 3418 1718 3474; x_wconf 92' lang='lat' dir='ltr'><strong>et</strong></span> <span class='ocrx_word' id='word_1_269' title='bbox 1748 3410 1810 3473; x_wconf 94' lang='lat' dir='ltr'><strong>hoc</strong></span> <span class='ocrx_word' id='word_1_270' title='bbox 1848 3410 1904 3480; x_wconf 82' lang='lat' dir='ltr'><strong>sit.</strong></span> <span class='ocrx_word' id='word_1_271' title='bbox 1943 3432 2018 3474; x_wconf 92' lang='lat' dir='ltr'><strong>cnm</strong></span> <span class='ocrx_word' id='word_1_272' title='bbox 2048 3409 2088 3474; x_wconf 90' lang='lat' dir='ltr'><strong>de</strong></span> 
     </span>
     <span class='ocr_line' id='line_1_28' title="bbox 431 3509 2160 3600; baseline 0.004 -27"><span class='ocrx_word' id='word_1_273' title='bbox 431 3509 552 3574; x_wconf 91' lang='lat' dir='ltr'><strong>adtritu</strong></span> <span class='ocrx_word' id='word_1_274' title='bbox 576 3512 697 3577; x_wconf 90' lang='lat' dir='ltr'><strong>favoris</strong></span> <span class='ocrx_word' id='word_1_275' title='bbox 721 3513 844 3598; x_wconf 89' lang='lat' dir='ltr'><strong>publici</strong></span> <span class='ocrx_word' id='word_1_276' title='bbox 868 3513 955 3577; x_wconf 86' lang='lat' dir='ltr'><strong>frons</strong></span> <span class='ocrx_word' id='word_1_277' title='bbox 980 3513 1114 3599; x_wconf 83' lang='lat' dir='ltr'><strong>refugit,</strong></span> <span class='ocrx_word' id='word_1_278' title='bbox 1146 3514 1231 3600; x_wconf 92' lang='lat' dir='ltr'><strong>quod</strong></span> <span class='ocrx_word' id='word_1_279' title='bbox 1255 3515 1332 3594; x_wconf 91' lang='lat' dir='ltr'><strong>fuit,</strong></span> <span class='ocrx_word' id='word_1_280' title='bbox 1361 3523 1536 3599; x_wconf 88' lang='lat' dir='ltr'><strong>antequam</strong></span> <span class='ocrx_word' id='word_1_281' title='bbox 1560 3514 1716 3594; x_wconf 81' lang='lat' dir='ltr'><strong>disceret,</strong></span> <span class='ocrx_word' id='word_1_282' title='bbox 1746 3515 1821 3580; x_wconf 91' lang='lat' dir='ltr'><strong>dum</strong></span> <span class='ocrx_word' id='word_1_283' title='bbox 1846 3514 1887 3578; x_wconf 91' lang='lat' dir='ltr'><strong>ad</strong></span> <span class='ocrx_word' id='word_1_284' title='bbox 1911 3516 2087 3579; x_wconf 87' lang='lat' dir='ltr'><strong>eluctatam</strong></span> <span class='ocrx_word' id='word_1_285' title='bbox 2138 3545 2160 3582; x_wconf 77' lang='lat' dir='ltr'><strong>a</strong></span> 
     </span>
     <span class='ocr_line' id='line_1_29' title="bbox 432 3614 2091 3704; baseline 0.002 -26"><span class='ocrx_word' id='word_1_286' title='bbox 432 3614 599 3679; x_wconf 90' lang='lat' dir='ltr'><strong>reducitur</strong></span> <span class='ocrx_word' id='word_1_287' title='bbox 626 3615 756 3680; x_wconf 93' lang='lat' dir='ltr'><strong>dicendi</strong></span> <span class='ocrx_word' id='word_1_288' title='bbox 783 3639 843 3682; x_wconf 91' lang='lat' dir='ltr'><strong>usu</strong></span> <span class='ocrx_word' id='word_1_289' title='bbox 871 3624 1029 3703; x_wconf 89' lang='lat' dir='ltr'><strong>pereunte</strong></span> <span class='ocrx_word' id='word_1_290' title='bbox 1060 3625 1213 3684; x_wconf 89' lang='lat' dir='ltr'><strong>senectus</strong></span> <span class='ocrx_word' id='word_1_291' title='bbox 1238 3619 1416 3683; x_wconf 91' lang='lat' dir='ltr'><strong>infantiam.</strong></span> <span class='ocrx_word' id='word_1_292' title='bbox 1462 3619 1629 3683; x_wconf 89' lang='lat' dir='ltr'><strong>exercitus</strong></span> <span class='ocrx_word' id='word_1_293' title='bbox 1653 3618 1834 3704; x_wconf 82' lang='lat' dir='ltr'><strong>Olympicis</strong></span> <span class='ocrx_word' id='word_1_294' title='bbox 1858 3619 2091 3683; x_wconf 83' lang='lat' dir='ltr'><strong>certamInibus</strong></span> 
     </span>
     <span class='ocr_line' id='line_1_30' title="bbox 430 3717 2091 3804; baseline 0.004 -24"><span class='ocrx_word' id='word_1_295' title='bbox 430 3717 471 3781; x_wconf 89' lang='lat' dir='ltr'><strong>de</strong></span> <span class='ocrx_word' id='word_1_296' title='bbox 496 3719 606 3804; x_wconf 92' lang='lat' dir='ltr'><strong>palma</strong></span> <span class='ocrx_word' id='word_1_297' title='bbox 629 3720 761 3784; x_wconf 87' lang='lat' dir='ltr'><strong>conlidit</strong></span> <span class='ocrx_word' id='word_1_298' title='bbox 785 3720 918 3784; x_wconf 91' lang='lat' dir='ltr'><strong>eculeus</strong></span> <span class='ocrx_word' id='word_1_299' title='bbox 942 3726 985 3800; x_wconf 92' lang='lat' dir='ltr'><strong>et,</strong></span> <span class='ocrx_word' id='word_1_300' title='bbox 1010 3721 1036 3783; x_wconf 89' lang='lat' dir='ltr'><strong>si</strong></span> <span class='ocrx_word' id='word_1_301' title='bbox 1061 3742 1124 3785; x_wconf 93' lang='lat' dir='ltr'><strong>non</strong></span> <span class='ocrx_word' id='word_1_302' title='bbox 1149 3723 1214 3785; x_wconf 92' lang='lat' dir='ltr'><strong>otio</strong></span> <span class='ocrx_word' id='word_1_303' title='bbox 1237 3721 1437 3801; x_wconf 89' lang='lat' dir='ltr'><strong>debilitetur,</strong></span> <span class='ocrx_word' id='word_1_304' title='bbox 1461 3723 1492 3785; x_wconf 90' lang='lat' dir='ltr'><strong>in</strong></span> <span class='ocrx_word' id='word_1_305' title='bbox 1518 3743 1576 3786; x_wconf 92' lang='lat' dir='ltr'><strong>suo</strong></span> <span class='ocrx_word' id='word_1_306' title='bbox 1599 3722 1669 3788; x_wconf 90' lang='lat' dir='ltr'><strong>inre</strong></span> <span class='ocrx_word' id='word_1_307' title='bbox 1694 3723 1798 3786; x_wconf 90' lang='lat' dir='ltr'><strong>credit</strong></span> <span class='ocrx_word' id='word_1_308' title='bbox 1821 3744 1896 3787; x_wconf 89' lang='lat' dir='ltr'><strong>esse</strong></span> <span class='ocrx_word' id='word_1_309' title='bbox 1912 3723 2091 3788; x_wconf 89' lang='lat' dir='ltr'><strong>victoriam.</strong></span> 
     </span>
     <span class='ocr_line' id='line_1_31' title="bbox 431 3822 2090 3912; baseline 0.004 -28"><span class='ocrx_word' id='word_1_310' title='bbox 431 3842 563 3908; x_wconf 90' lang='lat' dir='ltr'><strong>semper</strong></span> <span class='ocrx_word' id='word_1_311' title='bbox 592 3822 622 3886; x_wconf 92' lang='lat' dir='ltr'><strong>ei</strong></span> <span class='ocrx_word' id='word_1_312' title='bbox 652 3844 803 3887; x_wconf 91' lang='lat' dir='ltr'><strong>coronam</strong></span> <span class='ocrx_word' id='word_1_313' title='bbox 835 3823 1066 3888; x_wconf 82' lang='lat' dir='ltr'><strong>blandimentis</strong></span> <span class='ocrx_word' id='word_1_314' title='bbox 1095 3826 1284 3890; x_wconf 87' lang='lat' dir='ltr'><strong>efficacibus</strong></span> <span class='ocrx_word' id='word_1_315' title='bbox 1313 3848 1389 3912; x_wconf 89' lang='lat' dir='ltr'><strong>spes</strong></span> <span class='ocrx_word' id='word_1_316' title='bbox 1416 3828 1588 3912; x_wconf 87' lang='lat' dir='ltr'><strong>promittit,</strong></span> <span class='ocrx_word' id='word_1_317' title='bbox 1621 3828 1681 3891; x_wconf 91' lang='lat' dir='ltr'><strong>nisi</strong></span> <span class='ocrx_word' id='word_1_318' title='bbox 1713 3826 1879 3891; x_wconf 89' lang='lat' dir='ltr'><strong>velocitati</strong></span> <span class='ocrx_word' id='word_1_319' title='bbox 1908 3827 2090 3912; x_wconf 89' lang='lat' dir='ltr'><strong>praemium</strong></span> 
     </span>
    </p>

    <p class='ocr_par' dir='ltr' id='par_1_7' title="bbox 399 3925 2090 4531">
     <span class='ocr_line' id='line_1_32' title="bbox 399 3925 2090 4015; baseline 0.003 -27"><span class='ocrx_word' id='word_1_320' title='bbox 399 3925 579 3991; x_wconf 80' lang='lat' dir='ltr'><strong>2desidiae</strong></span> <span class='ocrx_word' id='word_1_321' title='bbox 601 3927 740 4011; x_wconf 93' lang='lat' dir='ltr'><strong>languor</strong></span> <span class='ocrx_word' id='word_1_322' title='bbox 762 3929 918 3991; x_wconf 91' lang='lat' dir='ltr'><strong>excutiat.</strong></span> <span class='ocrx_word' id='word_1_323' title='bbox 953 3927 1073 3991; x_wconf 87' lang='lat' dir='ltr'><strong>artifex</strong></span> <span class='ocrx_word' id='word_1_324' title='bbox 1097 3929 1260 3994; x_wconf 91' lang='lat' dir='ltr'><strong>iaculandi</strong></span> <span class='ocrx_word' id='word_1_325' title='bbox 1283 3929 1324 3994; x_wconf 89' lang='lat' dir='ltr'><strong>de</strong></span> <span class='ocrx_word' id='word_1_326' title='bbox 1348 3931 1521 4015; x_wconf 90' lang='lat' dir='ltr'><strong>triumphis</strong></span> <span class='ocrx_word' id='word_1_327' title='bbox 1545 3952 1679 3995; x_wconf 88' lang='lat' dir='ltr'><strong>securus</strong></span> <span class='ocrx_word' id='word_1_328' title='bbox 1702 3936 1795 4015; x_wconf 90' lang='lat' dir='ltr'><strong>optat</strong></span> <span class='ocrx_word' id='word_1_329' title='bbox 1817 3931 1956 3995; x_wconf 88' lang='lat' dir='ltr'><strong>incerta:</strong></span> <span class='ocrx_word' id='word_1_330' title='bbox 1983 3937 2017 3994; x_wconf 92' lang='lat' dir='ltr'><strong>et</strong></span> <span class='ocrx_word' id='word_1_331' title='bbox 2040 3931 2090 3994; x_wconf 91' lang='lat' dir='ltr'><strong>cui</strong></span> 
     </span>
     <span class='ocr_line' id='line_1_33' title="bbox 431 4029 2090 4120; baseline 0.002 -28"><span class='ocrx_word' id='word_1_332' title='bbox 431 4030 574 4094; x_wconf 89' lang='lat' dir='ltr'><strong>occurrit</strong></span> <span class='ocrx_word' id='word_1_333' title='bbox 596 4051 728 4115; x_wconf 90' lang='lat' dir='ltr'><strong>semper</strong></span> <span class='ocrx_word' id='word_1_334' title='bbox 751 4029 783 4093; x_wconf 90' lang='lat' dir='ltr'><strong>in</strong></span> <span class='ocrx_word' id='word_1_335' title='bbox 811 4032 881 4094; x_wconf 88' lang='lat' dir='ltr'><strong>acie</strong></span> <span class='ocrx_word' id='word_1_336' title='bbox 910 4031 1031 4115; x_wconf 90' lang='lat' dir='ltr'><strong>gloria,</strong></span> <span class='ocrx_word' id='word_1_337' title='bbox 1065 4031 1161 4117; x_wconf 89' lang='lat' dir='ltr'><strong>longa</strong></span> <span class='ocrx_word' id='word_1_338' title='bbox 1183 4055 1264 4119; x_wconf 90' lang='lat' dir='ltr'><strong>pace</strong></span> <span class='ocrx_word' id='word_1_339' title='bbox 1288 4040 1470 4118; x_wconf 90' lang='lat' dir='ltr'><strong>superatur.</strong></span> <span class='ocrx_word' id='word_1_340' title='bbox 1516 4040 1686 4120; x_wconf 90' lang='lat' dir='ltr'><strong>poetarum</strong></span> <span class='ocrx_word' id='word_1_341' title='bbox 1711 4033 1850 4098; x_wconf 87' lang='lat' dir='ltr'><strong>hederas</strong></span> <span class='ocrx_word' id='word_1_342' title='bbox 1875 4032 2090 4096; x_wconf 89' lang='lat' dir='ltr'><strong>nobilioribus</strong></span> 
     </span>
     <span class='ocr_line' id='line_1_34' title="bbox 431 4133 2090 4222; baseline 0.001 -25"><span class='ocrx_word' id='word_1_343' title='bbox 431 4133 593 4219; x_wconf 83' lang='lat' dir='ltr'><strong>corymbis</strong></span> <span class='ocrx_word' id='word_1_344' title='bbox 617 4141 649 4198; x_wconf 91' lang='lat' dir='ltr'><strong>et</strong></span> <span class='ocrx_word' id='word_1_345' title='bbox 665 4133 816 4198; x_wconf 88' lang='lat' dir='ltr'><strong>viridanti</strong></span> <span class='ocrx_word' id='word_1_346' title='bbox 841 4136 950 4220; x_wconf 88' lang='lat' dir='ltr'><strong>specie</strong></span> <span class='ocrx_word' id='word_1_347' title='bbox 974 4135 1085 4199; x_wconf 87' lang='lat' dir='ltr'><strong>nutrix</strong></span> <span class='ocrx_word' id='word_1_348' title='bbox 1108 4137 1231 4220; x_wconf 90' lang='lat' dir='ltr'><strong>ingenii</strong></span> <span class='ocrx_word' id='word_1_349' title='bbox 1254 4139 1353 4200; x_wconf 92' lang='lat' dir='ltr'><strong>comit</strong></span> <span class='ocrx_word' id='word_1_350' title='bbox 1375 4136 1568 4202; x_wconf 88' lang='lat' dir='ltr'><strong>adsiduitas:</strong></span> <span class='ocrx_word' id='word_1_351' title='bbox 1593 4142 1743 4201; x_wconf 87' lang='lat' dir='ltr'><strong>cessante</strong></span> <span class='ocrx_word' id='word_1_352' title='bbox 1760 4137 1944 4221; x_wconf 88' lang='lat' dir='ltr'><strong>frequentia</strong></span> <span class='ocrx_word' id='word_1_353' title='bbox 1960 4137 2090 4222; x_wconf 91' lang='lat' dir='ltr'><strong>probati</strong></span> 
     </span>
     <span class='ocr_line' id='line_1_35' title="bbox 430 4238 2088 4327; baseline 0.004 -29"><span class='ocrx_word' id='word_1_354' title='bbox 430 4242 670 4300; x_wconf 90' lang='lat' dir='ltr'><strong>ommutescunt</strong></span> <span class='ocrx_word' id='word_1_355' title='bbox 698 4258 756 4300; x_wconf 90' lang='lat' dir='ltr'><strong>ora</strong></span> <span class='ocrx_word' id='word_1_356' title='bbox 779 4238 946 4305; x_wconf 88' lang='lat' dir='ltr'><strong>causidici.</strong></span> <span class='ocrx_word' id='word_1_357' title='bbox 992 4238 1148 4302; x_wconf 89' lang='lat' dir='ltr'><strong>educatus</strong></span> <span class='ocrx_word' id='word_1_358' title='bbox 1174 4241 1204 4303; x_wconf 92' lang='lat' dir='ltr'><strong>in</strong></span> <span class='ocrx_word' id='word_1_359' title='bbox 1229 4241 1396 4327; x_wconf 87' lang='lat' dir='ltr'><strong>puppibus</strong></span> <span class='ocrx_word' id='word_1_360' title='bbox 1419 4262 1543 4326; x_wconf 89' lang='lat' dir='ltr'><strong>aequor</strong></span> <span class='ocrx_word' id='word_1_361' title='bbox 1564 4241 1720 4326; x_wconf 90' lang='lat' dir='ltr'><strong>liquidum</strong></span> <span class='ocrx_word' id='word_1_362' title='bbox 1744 4239 1814 4304; x_wconf 91' lang='lat' dir='ltr'><strong>sine</strong></span> <span class='ocrx_word' id='word_1_363' title='bbox 1839 4248 1965 4304; x_wconf 88' lang='lat' dir='ltr'><strong>terrore</strong></span> <span class='ocrx_word' id='word_1_364' title='bbox 1989 4249 2088 4305; x_wconf 88' lang='lat' dir='ltr'><strong>nauta</strong></span> 
     </span>
     <span class='ocr_line' id='line_1_36' title="bbox 431 4339 2089 4428; baseline 0.002 -26"><span class='ocrx_word' id='word_1_365' title='bbox 431 4339 625 4424; x_wconf 89' lang='lat' dir='ltr'><strong>perlustrat:</strong></span> <span class='ocrx_word' id='word_1_366' title='bbox 650 4341 704 4424; x_wconf 93' lang='lat' dir='ltr'><strong>qui</strong></span> <span class='ocrx_word' id='word_1_367' title='bbox 722 4341 749 4404; x_wconf 93' lang='lat' dir='ltr'><strong>si</strong></span> <span class='ocrx_word' id='word_1_368' title='bbox 766 4341 806 4405; x_wconf 89' lang='lat' dir='ltr'><strong>ad</strong></span> <span class='ocrx_word' id='word_1_369' title='bbox 822 4348 953 4406; x_wconf 89' lang='lat' dir='ltr'><strong>terrena</strong></span> <span class='ocrx_word' id='word_1_370' title='bbox 969 4343 1069 4406; x_wconf 87' lang='lat' dir='ltr'><strong>vitam</strong></span> <span class='ocrx_word' id='word_1_371' title='bbox 1084 4343 1183 4407; x_wconf 89' lang='lat' dir='ltr'><strong>ducat</strong></span> <span class='ocrx_word' id='word_1_372' title='bbox 1199 4343 1317 4420; x_wconf 89' lang='lat' dir='ltr'><strong>officia,</strong></span> <span class='ocrx_word' id='word_1_373' title='bbox 1341 4366 1402 4408; x_wconf 90' lang='lat' dir='ltr'><strong>nec</strong></span> <span class='ocrx_word' id='word_1_374' title='bbox 1419 4345 1537 4408; x_wconf 91' lang='lat' dir='ltr'><strong>itinera</strong></span> <span class='ocrx_word' id='word_1_375' title='bbox 1552 4345 1646 4408; x_wconf 90' lang='lat' dir='ltr'><strong>astris</strong></span> <span class='ocrx_word' id='word_1_376' title='bbox 1663 4365 1722 4408; x_wconf 89' lang='lat' dir='ltr'><strong>nec</strong></span> <span class='ocrx_word' id='word_1_377' title='bbox 1739 4350 1854 4409; x_wconf 89' lang='lat' dir='ltr'><strong>ventos</strong></span> <span class='ocrx_word' id='word_1_378' title='bbox 1870 4343 2089 4428; x_wconf 87' lang='lat' dir='ltr'><strong>deprehendit</strong></span> 
     </span>
     <span class='ocr_line' id='line_1_37' title="bbox 430 4443 2087 4531; baseline 0.003 -26"><span class='ocrx_word' id='word_1_379' title='bbox 430 4443 594 4528; x_wconf 87' lang='lat' dir='ltr'><strong>auspiciis.</strong></span> <span class='ocrx_word' id='word_1_380' title='bbox 646 4443 789 4528; x_wconf 91' lang='lat' dir='ltr'><strong>agricola</strong></span> <span class='ocrx_word' id='word_1_381' title='bbox 816 4445 844 4508; x_wconf 91' lang='lat' dir='ltr'><strong>si</strong></span> <span class='ocrx_word' id='word_1_382' title='bbox 874 4444 1049 4531; x_wconf 90' lang='lat' dir='ltr'><strong>aliquando</strong></span> <span class='ocrx_word' id='word_1_383' title='bbox 1079 4467 1243 4510; x_wconf 87' lang='lat' dir='ltr'><strong>vomerem</strong></span> <span class='ocrx_word' id='word_1_384' title='bbox 1273 4449 1414 4512; x_wconf 92' lang='lat' dir='ltr'><strong>inlectus</strong></span> <span class='ocrx_word' id='word_1_385' title='bbox 1444 4449 1629 4513; x_wconf 89' lang='lat' dir='ltr'><strong>urbanitate</strong></span> <span class='ocrx_word' id='word_1_386' title='bbox 1662 4454 1864 4525; x_wconf 87' lang='lat' dir='ltr'><strong>contemnat,</strong></span> <span class='ocrx_word' id='word_1_387' title='bbox 1896 4448 1928 4510; x_wconf 92' lang='lat' dir='ltr'><strong>in</strong></span> <span class='ocrx_word' id='word_1_388' title='bbox 1958 4447 2087 4511; x_wconf 86' lang='lat' dir='ltr'><strong>devium</strong></span> 
     </span>
    </p>

    <p class='ocr_par' dir='ltr' id='par_1_8' title="bbox 401 4545 2157 4638">
     <span class='ocr_line' id='line_1_38' title="bbox 401 4545 2157 4638; baseline 0.003 -29"><span class='ocrx_word' id='word_1_389' title='bbox 401 4546 550 4626; x_wconf 88' lang='lat' dir='ltr'><strong>3bubus,</strong></span> <span class='ocrx_word' id='word_1_390' title='bbox 574 4545 650 4610; x_wconf 93' lang='lat' dir='ltr'><strong>dnm</strong></span> <span class='ocrx_word' id='word_1_391' title='bbox 676 4547 787 4611; x_wconf 89' lang='lat' dir='ltr'><strong>scribit</strong></span> <span class='ocrx_word' id='word_1_392' title='bbox 810 4555 911 4634; x_wconf 89' lang='lat' dir='ltr'><strong>terga,</strong></span> <span class='ocrx_word' id='word_1_393' title='bbox 936 4549 1090 4634; x_wconf 91' lang='lat' dir='ltr'><strong>rapietur.</strong></span> <span class='ocrx_word' id='word_1_394' title='bbox 1136 4572 1215 4635; x_wconf 90' lang='lat' dir='ltr'><strong>ergo</strong></span> <span class='ocrx_word' id='word_1_395' title='bbox 1241 4552 1325 4615; x_wconf 90' lang='lat' dir='ltr'><strong>sient</strong></span> <span class='ocrx_word' id='word_1_396' title='bbox 1348 4553 1465 4616; x_wconf 89' lang='lat' dir='ltr'><strong>artium</strong></span> <span class='ocrx_word' id='word_1_397' title='bbox 1490 4553 1522 4616; x_wconf 90' lang='lat' dir='ltr'><strong>in</strong></span> <span class='ocrx_word' id='word_1_398' title='bbox 1548 4573 1606 4615; x_wconf 92' lang='lat' dir='ltr'><strong>suo</strong></span> <span class='ocrx_word' id='word_1_399' title='bbox 1629 4572 1779 4637; x_wconf 88' lang='lat' dir='ltr'><strong>quaeque</strong></span> <span class='ocrx_word' id='word_1_400' title='bbox 1803 4571 1902 4638; x_wconf 88' lang='lat' dir='ltr'><strong>opere</strong></span> <span class='ocrx_word' id='word_1_401' title='bbox 1926 4551 2090 4614; x_wconf 89' lang='lat' dir='ltr'><strong>invenitur</strong></span> <span class='ocrx_word' id='word_1_402' title='bbox 2147 4577 2157 4614; x_wconf 73' lang='grc' dir='ltr'>ι</span> 
     </span>
    </p>

    <p class='ocr_par' dir='ltr' id='par_1_9' title="bbox 283 4644 2089 4744">
     <span class='ocr_line' id='line_1_39' title="bbox 283 4644 2089 4744; baseline 0.004 -31"><span class='ocrx_word' id='word_1_403' title='bbox 283 4644 336 4688; x_wconf 57' lang='lat'>1⁸5⁶·</span> <span class='ocrx_word' id='word_1_404' title='bbox 345 4645 421 4688; x_wconf 57' lang='lat' dir='ltr'><strong>*ml</strong></span> <span class='ocrx_word' id='word_1_405' title='bbox 433 4656 538 4714; x_wconf 92' lang='lat' dir='ltr'><strong>mater</strong></span> <span class='ocrx_word' id='word_1_406' title='bbox 560 4651 730 4728; x_wconf 89' lang='lat' dir='ltr'><strong>instantia,</strong></span> <span class='ocrx_word' id='word_1_407' title='bbox 760 4652 806 4714; x_wconf 90' lang='lat' dir='ltr'><strong>ita</strong></span> <span class='ocrx_word' id='word_1_408' title='bbox 829 4673 969 4715; x_wconf 88' lang='lat' dir='ltr'><strong>noverca</strong></span> <span class='ocrx_word' id='word_1_409' title='bbox 992 4651 1183 4718; x_wconf 90' lang='lat' dir='ltr'><strong>eruditionis</strong></span> <span class='ocrx_word' id='word_1_410' title='bbox 1208 4662 1259 4720; x_wconf 91' lang='lat' dir='ltr'><strong>est</strong></span> <span class='ocrx_word' id='word_1_411' title='bbox 1281 4658 1502 4742; x_wconf 88' lang='lat' dir='ltr'><strong>neglegentia.</strong></span> <span class='ocrx_word' id='word_1_412' title='bbox 1547 4658 1622 4722; x_wconf 90' lang='lat' dir='ltr'><strong>talis</strong></span> <span class='ocrx_word' id='word_1_413' title='bbox 1647 4663 1696 4721; x_wconf 91' lang='lat' dir='ltr'><strong>est</strong></span> <span class='ocrx_word' id='word_1_414' title='bbox 1719 4665 1864 4734; x_wconf 89' lang='lat' dir='ltr'><strong>nostrae,</strong></span> <span class='ocrx_word' id='word_1_415' title='bbox 1894 4677 1991 4742; x_wconf 90' lang='lat' dir='ltr'><strong>quam</strong></span> <span class='ocrx_word' id='word_1_416' title='bbox 2017 4665 2089 4744; x_wconf 91' lang='lat' dir='ltr'><strong>post</strong></span> 
     </span>
    </p>
   </div>
   <div class='ocr_carea' id='block_1_6' title="bbox 306 4697 2088 4839">
    <p class='ocr_par' dir='ltr' id='par_1_10' title="bbox 306 4697 2088 4839">
     <span class='ocr_line' id='line_1_40' title="bbox 306 4705 402 4742; baseline 0.021 -3"><span class='ocrx_word' id='word_1_417' title='bbox 306 4709 341 4740; x_wconf 74' lang='grc' dir='ltr'><strong>θ.</strong></span> <span class='ocrx_word' id='word_1_418' title='bbox 383 4705 402 4742; x_wconf 78' lang='lat' dir='ltr'><strong>d.</strong></span> 
     </span>
     <span class='ocr_line' id='line_1_41' title="bbox 319 4697 2088 4839; baseline 0.004 -22"><span class='ocrx_word' id='word_1_419' title='bbox 319 4697 370 4752; x_wconf 49' lang='grc' dir='ltr'>Η</span> <span class='ocrx_word' id='word_1_420' title='bbox 431 4759 616 4838; x_wconf 89' lang='lat' dir='ltr'><strong>temporum</strong></span> <span class='ocrx_word' id='word_1_421' title='bbox 639 4754 813 4820; x_wconf 90' lang='lat' dir='ltr'><strong>intervalla</strong></span> <span class='ocrx_word' id='word_1_422' title='bbox 834 4755 1054 4839; x_wconf 90' lang='lat' dir='ltr'><strong>producimus,</strong></span> <span class='ocrx_word' id='word_1_423' title='bbox 1078 4757 1225 4822; x_wconf 91' lang='lat' dir='ltr'><strong>condicio</strong></span> <span class='ocrx_word' id='word_1_424' title='bbox 1249 4758 1408 4824; x_wconf 90' lang='lat' dir='ltr'><strong>dictionis.</strong></span> <span class='ocrx_word' id='word_1_425' title='bbox 1454 4782 1519 4825; x_wconf 90' lang='lat' dir='ltr'><strong>non</strong></span> <span class='ocrx_word' id='word_1_426' title='bbox 1542 4768 1655 4826; x_wconf 92' lang='lat' dir='ltr'><strong>notum</strong></span> <span class='ocrx_word' id='word_1_427' title='bbox 1680 4761 1813 4825; x_wconf 89' lang='lat' dir='ltr'><strong>schema</strong></span> <span class='ocrx_word' id='word_1_428' title='bbox 1835 4759 2000 4832; x_wconf 86' lang='lat' dir='ltr'><strong>deferens.</strong></span> <span class='ocrx_word' id='word_1_429' title='bbox 2025 4783 2088 4825; x_wconf 92' lang='lat' dir='ltr'><strong>non</strong></span> 
     </span>
    </p>
   </div>
   <div class='ocr_carea' id='block_1_7' title="bbox 429 4978 2090 5586">
    <p class='ocr_par' dir='ltr' id='par_1_11' title="bbox 429 4978 2090 5305">
     <span class='ocr_line' id='line_1_42' title="bbox 537 4978 2090 5037; baseline 0.001 -5"><span class='ocrx_word' id='word_1_430' title='bbox 537 4979 550 5032; x_wconf 94' lang='lat' dir='ltr'><strong>l</strong></span> <span class='ocrx_word' id='word_1_431' title='bbox 574 4980 729 5032; x_wconf 87' lang='lat' dir='ltr'><strong>subuenitur</strong></span> <span class='ocrx_word' id='word_1_432' title='bbox 751 4981 780 5031; x_wconf 80' lang='lat' dir='ltr'><strong>io</strong></span> <span class='ocrx_word' id='word_1_433' title='bbox 797 4980 834 5032; x_wconf 86' lang='lat' dir='ltr'><strong>lit.</strong></span> <span class='ocrx_word' id='word_1_434' title='bbox 851 4979 877 5029; x_wconf 94' lang='lat' dir='ltr'><em>B</em></span> <span class='ocrx_word' id='word_1_435' title='bbox 1004 4978 1022 5031; x_wconf 98' lang='grc'><strong>2</strong></span> <span class='ocrx_word' id='word_1_436' title='bbox 1045 4981 1188 5034; x_wconf 89' lang='lat' dir='ltr'><strong>iuuensscit</strong></span> <span class='ocrx_word' id='word_1_437' title='bbox 1207 4981 1232 5032; x_wconf 98' lang='lat' dir='ltr'><strong><em>V</em></strong></span> <span class='ocrx_word' id='word_1_438' title='bbox 1352 4981 1371 5034; x_wconf 85' lang='lat'>4</span> <span class='ocrx_word' id='word_1_439' title='bbox 1392 4986 1523 5037; x_wconf 78' lang='lat' dir='ltr'><strong>acceditur</strong></span> <span class='ocrx_word' id='word_1_440' title='bbox 1542 4985 1567 5034; x_wconf 88' lang='lat' dir='ltr'><strong><em>V</em></strong></span> <span class='ocrx_word' id='word_1_441' title='bbox 1684 4983 1702 5034; x_wconf 81' lang='lat'>5</span> <span class='ocrx_word' id='word_1_442' title='bbox 1723 4985 1825 5036; x_wconf 87' lang='lat' dir='ltr'><strong>animus</strong></span> <span class='ocrx_word' id='word_1_443' title='bbox 1851 4985 1952 5037; x_wconf 89' lang='lat' dir='ltr'><strong>actibus</strong></span> <span class='ocrx_word' id='word_1_444' title='bbox 1973 4984 2090 5035; x_wconf 70' lang='lat' dir='ltr'><strong>vatur</strong></span> 
     </span>
     <span class='ocr_line' id='line_1_43' title="bbox 430 5063 2088 5140; baseline 0.004 -24"><span class='ocrx_word' id='word_1_445' title='bbox 430 5063 656 5132; x_wconf 81' lang='lat' dir='ltr'><strong>tipraeatolamur]</strong></span> <span class='ocrx_word' id='word_1_446' title='bbox 675 5067 835 5134; x_wconf 83' lang='lat' dir='ltr'><strong>postulamur</strong></span> <span class='ocrx_word' id='word_1_447' title='bbox 849 5065 894 5117; x_wconf 78' lang='grc' dir='ltr'><strong>ΟΡ</strong></span> <span class='ocrx_word' id='word_1_448' title='bbox 1001 5063 1062 5119; x_wconf 82' lang='lat' dir='ltr'><strong>&#39;Ise</strong></span> <span class='ocrx_word' id='word_1_449' title='bbox 1079 5067 1211 5120; x_wconf 89' lang='lat' dir='ltr'><strong>dominum</strong></span> <span class='ocrx_word' id='word_1_450' title='bbox 1225 5069 1259 5121; x_wconf 77' lang='lat' dir='ltr'><strong>ab</strong></span> <span class='ocrx_word' id='word_1_451' title='bbox 1324 5071 1382 5123; x_wconf 83' lang='lat' dir='ltr'><strong>nnlt</strong></span> <span class='ocrx_word' id='word_1_452' title='bbox 1400 5072 1420 5136; x_wconf 88' lang='lat' dir='ltr'><strong>(t</strong></span> <span class='ocrx_word' id='word_1_453' title='bbox 1432 5089 1488 5138; x_wconf 76' lang='lat' dir='ltr'><strong>arcp.</strong></span> <span class='ocrx_word' id='word_1_454' title='bbox 1502 5071 1557 5135; x_wconf 79' lang='lat' dir='ltr'><strong>lin.)</strong></span> <span class='ocrx_word' id='word_1_455' title='bbox 1570 5070 1596 5122; x_wconf 91' lang='lat' dir='ltr'><em>B</em></span> <span class='ocrx_word' id='word_1_456' title='bbox 1706 5069 1737 5121; x_wconf 87' lang='lat'><strong>13</strong></span> <span class='ocrx_word' id='word_1_457' title='bbox 1755 5071 1815 5138; x_wconf 87' lang='lat' dir='ltr'><strong>eligi</strong></span> <span class='ocrx_word' id='word_1_458' title='bbox 1828 5069 1854 5120; x_wconf 93' lang='lat' dir='ltr'><em>B</em></span> <span class='ocrx_word' id='word_1_459' title='bbox 1960 5071 1993 5123; x_wconf 85' lang='lat'><strong>18</strong></span> <span class='ocrx_word' id='word_1_460' title='bbox 2011 5074 2088 5140; x_wconf 88' lang='lat' dir='ltr'><strong>supli-</strong></span> 
     </span>
     <span class='ocr_line' id='line_1_44' title="bbox 429 5149 2087 5225; baseline 0.004 -22"><span class='ocrx_word' id='word_1_461' title='bbox 429 5167 491 5203; x_wconf 86' lang='lat' dir='ltr'><strong>cans</strong></span> <span class='ocrx_word' id='word_1_462' title='bbox 504 5152 529 5201; x_wconf 88' lang='lat' dir='ltr'><em>B</em></span> <span class='ocrx_word' id='word_1_463' title='bbox 638 5151 671 5204; x_wconf 87' lang='lat'><strong>19</strong></span> <span class='ocrx_word' id='word_1_464' title='bbox 688 5153 792 5220; x_wconf 91' lang='lat' dir='ltr'><strong>colligio</strong></span> <span class='ocrx_word' id='word_1_465' title='bbox 805 5151 831 5203; x_wconf 90' lang='grc' dir='ltr'><em>Β</em></span> <span class='ocrx_word' id='word_1_466' title='bbox 937 5149 973 5203; x_wconf 88' lang='grc'><strong>20</strong></span> <span class='ocrx_word' id='word_1_467' title='bbox 990 5152 1026 5216; x_wconf 89' lang='lat' dir='ltr'><strong>ei]</strong></span> <span class='ocrx_word' id='word_1_468' title='bbox 1046 5155 1114 5205; x_wconf 89' lang='lat' dir='ltr'><strong>enim</strong></span> <span class='ocrx_word' id='word_1_469' title='bbox 1128 5153 1205 5206; x_wconf 82' lang='lat' dir='ltr'><strong>0P¹d</strong></span> <span class='ocrx_word' id='word_1_470' title='bbox 1275 5157 1422 5222; x_wconf 79' lang='lat' dir='ltr'><strong>adquisieris</strong></span> <span class='ocrx_word' id='word_1_471' title='bbox 1435 5158 1460 5208; x_wconf 92' lang='lat' dir='ltr'><em>B</em></span> <span class='ocrx_word' id='word_1_472' title='bbox 1531 5155 1706 5225; x_wconf 88' lang='lat' dir='ltr'><strong>quicquamV</strong></span> <span class='ocrx_word' id='word_1_473' title='bbox 1812 5155 1845 5208; x_wconf 83' lang='lat'><strong>21</strong></span> <span class='ocrx_word' id='word_1_474' title='bbox 1864 5158 1987 5224; x_wconf 88' lang='lat' dir='ltr'><strong>polliceor</strong></span> <span class='ocrx_word' id='word_1_475' title='bbox 2005 5156 2087 5225; x_wconf 86' lang='lat' dir='ltr'><strong>donis]</strong></span> 
     </span>
     <span class='ocr_line' id='line_1_45' title="bbox 429 5238 1062 5305; baseline 0 -17"><span class='ocrx_word' id='word_1_476' title='bbox 429 5238 522 5304; x_wconf 85' lang='lat' dir='ltr'><strong>pollice</strong></span> <span class='ocrx_word' id='word_1_477' title='bbox 539 5240 635 5291; x_wconf 82' lang='lat' dir='ltr'><strong>ordinIs</strong></span> <span class='ocrx_word' id='word_1_478' title='bbox 647 5238 673 5289; x_wconf 88' lang='lat' dir='ltr'><em>B</em></span> <span class='ocrx_word' id='word_1_479' title='bbox 741 5238 951 5305; x_wconf 89' lang='lat' dir='ltr'><strong>subsequendum</strong></span> <span class='ocrx_word' id='word_1_480' title='bbox 969 5238 1025 5290; x_wconf 83' lang='lat' dir='ltr'><strong>finit</strong></span> <span class='ocrx_word' id='word_1_481' title='bbox 1037 5239 1062 5288; x_wconf 90' lang='lat' dir='ltr'><em>B</em></span> 
     </span>
    </p>

    <p class='ocr_par' dir='ltr' id='par_1_12' title="bbox 429 5339 2089 5586">
     <span class='ocr_line' id='line_1_46' title="bbox 535 5339 2089 5409; baseline 0.002 -16"><span class='ocrx_word' id='word_1_482' title='bbox 535 5339 662 5409; x_wconf 85' lang='lat' dir='ltr'>[CXXIV]</span> <span class='ocrx_word' id='word_1_483' title='bbox 699 5340 733 5393; x_wconf 88' lang='grc'><strong>22</strong></span> <span class='ocrx_word' id='word_1_484' title='bbox 751 5343 849 5396; x_wconf 89' lang='lat' dir='ltr'><strong>eusebii</strong></span> <span class='ocrx_word' id='word_1_485' title='bbox 862 5340 945 5393; x_wconf 74' lang='lat' dir='ltr'><strong>mc</strong></span> <span class='ocrx_word' id='word_1_486' title='bbox 1048 5339 1083 5392; x_wconf 83' lang='grc'><strong>25</strong></span> <span class='ocrx_word' id='word_1_487' title='bbox 1100 5344 1194 5396; x_wconf 87' lang='lat' dir='ltr'><strong>adtritu</strong></span> <span class='ocrx_word' id='word_1_488' title='bbox 1207 5344 1240 5408; x_wconf 92' lang='lat' dir='ltr'><strong>B,</strong></span> <span class='ocrx_word' id='word_1_489' title='bbox 1257 5347 1343 5398; x_wconf 88' lang='lat' dir='ltr'><strong>attrito</strong></span> <span class='ocrx_word' id='word_1_490' title='bbox 1361 5347 1437 5397; x_wconf 73' lang='lat' dir='ltr'><strong>ceteri</strong></span> <span class='ocrx_word' id='word_1_491' title='bbox 1497 5346 1631 5398; x_wconf 88' lang='lat' dir='ltr'><strong>faborisB</strong></span> <span class='ocrx_word' id='word_1_492' title='bbox 1734 5344 1769 5397; x_wconf 88' lang='grc'><strong>26</strong></span> <span class='ocrx_word' id='word_1_493' title='bbox 1786 5363 1837 5397; x_wconf 89' lang='lat' dir='ltr'><strong>usn</strong></span> <span class='ocrx_word' id='word_1_494' title='bbox 1855 5346 1957 5398; x_wconf 90' lang='lat' dir='ltr'><strong>dicendi</strong></span> <span class='ocrx_word' id='word_1_495' title='bbox 1972 5346 2089 5398; x_wconf 77' lang='lat' dir='ltr'><strong><em>VLTOP</em></strong></span> 
     </span>
     <span class='ocr_line' id='line_1_47' title="bbox 429 5428 2087 5500; baseline 0.002 -22"><span class='ocrx_word' id='word_1_496' title='bbox 429 5428 550 5495; x_wconf 89' lang='lat' dir='ltr'><strong>olimpyci</strong></span> <span class='ocrx_word' id='word_1_497' title='bbox 567 5446 623 5495; x_wconf 71' lang='lat' dir='ltr'><strong>resp.</strong></span> <span class='ocrx_word' id='word_1_498' title='bbox 637 5429 682 5479; x_wconf 81' lang='lat' dir='ltr'><strong>lia.</strong></span> <span class='ocrx_word' id='word_1_499' title='bbox 696 5447 708 5480; x_wconf 95' lang='lat' dir='ltr'><strong>s</strong></span> <span class='ocrx_word' id='word_1_500' title='bbox 724 5428 754 5494; x_wconf 85' lang='lat' dir='ltr'><strong>V,</strong></span> <span class='ocrx_word' id='word_1_501' title='bbox 773 5431 901 5498; x_wconf 90' lang='lat' dir='ltr'><strong>olimpiaci</strong></span> <span class='ocrx_word' id='word_1_502' title='bbox 916 5429 962 5480; x_wconf 74' lang='lat' dir='ltr'><strong>GP</strong></span> <span class='ocrx_word' id='word_1_503' title='bbox 1028 5431 1174 5482; x_wconf 82' lang='lat' dir='ltr'><strong>certaminis</strong></span> <span class='ocrx_word' id='word_1_504' title='bbox 1190 5429 1277 5482; x_wconf 81' lang='lat' dir='ltr'><strong><em>V¹0P</em></strong></span> <span class='ocrx_word' id='word_1_505' title='bbox 1377 5428 1804 5496; x_wconf 68' lang='lat' dir='ltr'><strong>tidebeliaturturinls.)131</strong></span> <span class='ocrx_word' id='word_1_506' title='bbox 1908 5433 1943 5483; x_wconf 86' lang='grc'><strong>29</strong></span> <span class='ocrx_word' id='word_1_507' title='bbox 1962 5432 2087 5500; x_wconf 86' lang='lat' dir='ltr'><strong>langorB</strong></span> 
     </span>
     <span class='ocr_line' id='line_1_48' title="bbox 429 5511 2088 5586; baseline 0.004 -22"><span class='ocrx_word' id='word_1_508' title='bbox 429 5511 462 5565; x_wconf 88' lang='lat'><strong>31</strong></span> <span class='ocrx_word' id='word_1_509' title='bbox 481 5516 618 5567; x_wconf 86' lang='lat' dir='ltr'><strong>assiduitas</strong></span> <span class='ocrx_word' id='word_1_510' title='bbox 632 5515 657 5566; x_wconf 93' lang='lat' dir='ltr'><strong><em>V</em></strong></span> <span class='ocrx_word' id='word_1_511' title='bbox 713 5518 841 5583; x_wconf 85' lang='lat' dir='ltr'><strong>frequenti</strong></span> <span class='ocrx_word' id='word_1_512' title='bbox 855 5515 932 5567; x_wconf 73' lang='lat' dir='ltr'><strong>Siras.</strong></span> <span class='ocrx_word' id='word_1_513' title='bbox 995 5517 1095 5582; x_wconf 83' lang='lat' dir='ltr'><strong>probuti</strong></span> <span class='ocrx_word' id='word_1_514' title='bbox 1113 5527 1302 5571; x_wconf 87' lang='lat' dir='ltr'><strong>ommutescunt</strong></span> <span class='ocrx_word' id='word_1_515' title='bbox 1314 5519 1347 5584; x_wconf 85' lang='lat' dir='ltr'><strong>B,</strong></span> <span class='ocrx_word' id='word_1_516' title='bbox 1364 5520 1515 5586; x_wconf 88' lang='lat' dir='ltr'><strong>probatione</strong></span> <span class='ocrx_word' id='word_1_517' title='bbox 1534 5527 1679 5572; x_wconf 81' lang='lat' dir='ltr'><strong>nmtcscunt</strong></span> <span class='ocrx_word' id='word_1_518' title='bbox 1691 5519 1768 5569; x_wconf 80' lang='lat' dir='ltr'><strong>celeri</strong></span> <span class='ocrx_word' id='word_1_519' title='bbox 1871 5518 1905 5570; x_wconf 87' lang='grc'><strong>32</strong></span> <span class='ocrx_word' id='word_1_520' title='bbox 1923 5523 2051 5573; x_wconf 73' lang='grc' dir='ltr'>οιιιιιοάἰιί</span> <span class='ocrx_word' id='word_1_521' title='bbox 2064 5521 2088 5570; x_wconf 89' lang='grc' dir='ltr'><em>Β</em></span> 
     </span>
    </p>
   </div>
   <div class='ocr_carea' id='block_1_8' title="bbox 429 5599 2085 5755">
    <p class='ocr_par' dir='ltr' id='par_1_13' title="bbox 429 5599 2085 5755">
     <span class='ocr_line' id='line_1_49' title="bbox 429 5599 2085 5671; baseline 0.005 -21"><span class='ocrx_word' id='word_1_522' title='bbox 429 5599 463 5650; x_wconf 88' lang='grc'><strong>33</strong></span> <span class='ocrx_word' id='word_1_523' title='bbox 480 5607 607 5652; x_wconf 86' lang='lat' dir='ltr'><strong>terrenam</strong></span> <span class='ocrx_word' id='word_1_524' title='bbox 620 5601 698 5652; x_wconf 71' lang='lat' dir='ltr'><strong>Siren.</strong></span> <span class='ocrx_word' id='word_1_525' title='bbox 770 5611 862 5654; x_wconf 87' lang='lat' dir='ltr'><strong>uentos</strong></span> <span class='ocrx_word' id='word_1_526' title='bbox 875 5602 978 5662; x_wconf 81' lang='lat' dir='ltr'><strong>Hortet,</strong></span> <span class='ocrx_word' id='word_1_527' title='bbox 997 5611 1091 5653; x_wconf 89' lang='lat' dir='ltr'><strong>uentus</strong></span> <span class='ocrx_word' id='word_1_528' title='bbox 1105 5602 1215 5666; x_wconf 83' lang='lat' dir='ltr'><strong>BVL&#39;I&#39;,</strong></span> <span class='ocrx_word' id='word_1_529' title='bbox 1233 5615 1342 5656; x_wconf 86' lang='lat' dir='ltr'><strong>euentus</strong></span> <span class='ocrx_word' id='word_1_530' title='bbox 1357 5606 1415 5656; x_wconf 79' lang='lat' dir='ltr'><strong>c&#39;Pc</strong></span> <span class='ocrx_word' id='word_1_531' title='bbox 1524 5605 1557 5656; x_wconf 89' lang='grc'><strong>34</strong></span> <span class='ocrx_word' id='word_1_532' title='bbox 1575 5603 1728 5671; x_wconf 87' lang='lat' dir='ltr'><strong>agriculaB</strong></span> <span class='ocrx_word' id='word_1_533' title='bbox 1797 5607 1921 5656; x_wconf 84' lang='lat' dir='ltr'><strong>nemerim</strong></span> <span class='ocrx_word' id='word_1_534' title='bbox 1935 5607 1960 5656; x_wconf 91' lang='grc' dir='ltr'><em>Β</em></span> <span class='ocrx_word' id='word_1_535' title='bbox 2029 5625 2085 5658; x_wconf 88' lang='lat' dir='ltr'><strong>con·</strong></span> 
     </span>
     <span class='ocr_line' id='line_1_50' title="bbox 429 5685 1486 5755; baseline 0.003 -17"><span class='ocrx_word' id='word_1_536' title='bbox 429 5694 545 5752; x_wconf 85' lang='lat' dir='ltr'><strong>tempnat</strong></span> <span class='ocrx_word' id='word_1_537' title='bbox 560 5685 585 5735; x_wconf 87' lang='lat' dir='ltr'><strong><em>V</em></strong></span> <span class='ocrx_word' id='word_1_538' title='bbox 683 5685 718 5738; x_wconf 82' lang='grc'><strong>35</strong></span> <span class='ocrx_word' id='word_1_539' title='bbox 735 5688 819 5739; x_wconf 81' lang='lat' dir='ltr'><strong>bobus</strong></span> <span class='ocrx_word' id='word_1_540' title='bbox 835 5687 860 5736; x_wconf 95' lang='lat' dir='ltr'><strong><em>V</em></strong></span> <span class='ocrx_word' id='word_1_541' title='bbox 960 5685 994 5738; x_wconf 87' lang='grc'><strong>36</strong></span> <span class='ocrx_word' id='word_1_542' title='bbox 1012 5689 1168 5755; x_wconf 85' lang='lat' dir='ltr'><strong>negligentia</strong></span> <span class='ocrx_word' id='word_1_543' title='bbox 1181 5688 1208 5739; x_wconf 88' lang='lat' dir='ltr'><em>B</em></span> <span class='ocrx_word' id='word_1_544' title='bbox 1269 5686 1343 5740; x_wconf 85' lang='grc'><strong>,37</strong></span> <span class='ocrx_word' id='word_1_545' title='bbox 1361 5707 1447 5742; x_wconf 85' lang='lat' dir='ltr'><strong>scema</strong></span> <span class='ocrx_word' id='word_1_546' title='bbox 1461 5690 1486 5741; x_wconf 88' lang='lat' dir='ltr'><em>B</em></span> 
     </span>
    </p>
   </div>
   <div class='ocr_carea' id='block_1_9' title="bbox 0 0 2302 6450">
    <p class='ocr_par' dir='ltr' id='par_1_14' title="bbox 0 0 2302 6450">
     <span class='ocr_line' id='line_1_51' title="bbox 0 0 2302 6450; baseline 0 0"><span class='ocrx_word' id='word_1_547' title='bbox 0 0 2302 6450; x_wconf 95' lang='lat' dir='ltr'><strong> </strong></span> 
     </span>
    </p>
   </div>
  </div>
 </body>
</html>
