4612 6442
390 382 416 434 ll
713 385 716 391 “
906 383 925 436 l.
956 382 1002 436 DE
1021 381 1109 437 VITA
1128 382 1174 438 ur
1193 381 1353 438 soslrrls
1373 382 1521 438 ENNODI.

390 553 486 630 adels,
509 575 570 617 aas
588 553 823 620 mamaea
844 555 917 619 oda·
933 556 1001 619 derra
1013 554 1220 637 panadariae
1241 561 1327 620 osteo
1346 561 1498 632 stampato,
1520 557 1599 638 aciqt
1622 557 1677 620 der
1695 579 1796 634 rmore,
1820 558 1875 620 der
1897 556 1964 619 sicli
1987 556 2054 637 auf

390 657 451 720 dea
473 656 578 721 cubus
600 658 656 722 der
674 651 805 723 'Evodio
836 658 959 723 beaiebt.
1005 659 1056 722 ate
1084 657 1257 740 ἀφράκτῳ
1286 660 1339 722 des
1361 667 1402 735 ,ηί
1425 659 1467 722 ist
1492 658 1571 740 fulge
1594 659 1649 722 der
1674 659 1920 739 fortwirkendeo
1948 662 2045 724 irater-

390 761 576 842 aspiration.
622 783 716 847 quam
743 760 873 826 Useneri
896 761 1080 826 sententiam
1107 760 1148 825 ad
1173 761 1369 848 probandam
1395 760 1540 826 addimus
1564 761 1686 826 Graeca
1714 764 1842 828 nomina
1867 764 1899 827 in
1928 763 2048 828 familia

391 861 518 929 Ennodi
540 888 603 930 non
625 888 696 930 raro
719 865 862 944 inveniri,
883 873 919 930 ut
933 864 1121 930 Parthenius
1138 864 1303 951 Glycerius
1323 865 1474 930 Boethius
1494 865 1654 953 Euprepia
1675 867 1879 932 Archotamia
1899 867 2048 932 Aetheria

392 967 571 1054 Apodemia
593 967 735 1054 Cynegia
757 968 894 1036 Helisea.
1391 1023 1392 1026 .

496 1070 571 1155 [Sed
594 1072 685 1157 signa
706 1071 783 1136 haec
804 1063 1002 1136 fornrata'in¹
1015 1073 1097 1148 dus,
1121 1072 1227 1156 qualia
1248 1094 1285 1136 ea
1307 1080 1407 1136 aetate
1429 1073 1461 1135 in
1486 1095 1544 1136 usu
1566 1080 1669 1152 erant,
1696 1072 1737 1136 ad
1760 1074 1910 1160 originem
1932 1099 2048 1162 nequa·

391 1199 484 1262 quarn
507 1176 664 1262 pertinent
671 1200 679 1254 ;
707 1197 807 1262 neque
829 1175 933 1242 minus
956 1174 1085 1240 Eusebii
1115 1184 1146 1239 et
1167 1174 1358 1260 Phosphorii
1387 1184 1418 1239 et
1440 1176 1486 1239 sic
1512 1175 1658 1262 deinceps
1685 1175 1726 1240 ad
1748 1177 1873 1243 Italiam
1896 1180 2048 1266 pertinere

391 1287 525 1366 possunt
546 1302 639 1365 quam
663 1278 839 1344 Innocentii
862 1287 893 1342 et
915 1277 1093 1344 Concordii.
1130 1289 1288 1364 praeterea
1306 1272 1452 1357 Ἐνόδιος
1473 1279 1661 1344 vocabulum
1683 1290 1715 1345 et
1736 1305 1846 1368 parurn
1869 1291 1977 1369 aptum
2000 1293 2049 1349 est

392 1382 433 1448 ad
447 1383 601 1448 eiusmodi
617 1406 769 1469 agnomen
789 1382 987 1448 fonnandum
1002 1392 1033 1446 et
1048 1383 1152 1447 obstat
1166 1383 1194 1447 ei
1209 1391 1313 1468 etymo
1328 1406 1351 1446 a
1365 1383 1530 1469 geminata.
1563 1407 1657 1470 quam
1680 1385 1721 1449 ob
1743 1408 1806 1450 rem
1826 1385 1909 1450 haud
1926 1388 1991 1451 scio
2007 1411 2048 1451 an

392 1487 592 1574 praeferenda
605 1490 646 1553 sit
659 1489 789 1553 Iuaodii
799 1487 908 1566 forma,
923 1484 1194 1573 comparandaque
1205 1487 1331 1552 nomina
1342 1487 1447 1572 qualia
1461 1497 1535 1552 sunt
1543 1487 1721 1574 Exuperius
1729 1488 1886 1574 Vigilius:
1902 1490 1975 1556 ΤΗ.
1981 1491 2048 1576 Μ.].

496 1591 559 1657 Sed
588 1615 657 1656 cum
686 1592 746 1656 hoo
776 1591 938 1677 scriptoris
962 1612 1133 1676 cognomen
1163 1590 1225 1656 iarn
1252 1591 1284 1655 in
1312 1591 1452 1677 principe
1474 1589 1610 1655 editione
1638 1591 1784 1678 operibus
1811 1593 1938 1659 Ennodi
1966 1603 2048 1659 recte

392 1695 574 1783 impositum
596 1705 691 1776 esset,
714 1704 816 1761 totum
839 1718 951 1764 nomen
975 1693 1161 1759 Sirmondus
1185 1693 1319 1784 demum,
1341 1693 1443 1758 editor
1464 1693 1592 1758 Ennodi
1614 1696 1731 1781 optime
1755 1697 1891 1776 meritus,
1913 1698 2048 1762 restituit

392 1823 431 1864 ex
453 1800 654 1886 inscriptione
677 1801 760 1864 vitae
782 1800 900 1864 Antoni
929 1800 977 1881 (cf.
1000 1807 1063 1864 not.
1086 1797 1127 1864 ad
1154 1822 1184 1884 p,
1202 1801 1274 1877 185,
1285 1800 1352 1878 ab:
1380 1796 1536 1862 MAGNl
1556 1797 1736 1863 FELICIS
1760 1798 1940 1864 ENNODI
1962 1850 2047 1880 ....,

393 1925 487 1988 quarn
514 1903 613 1968 codex
637 1903 814 1969 Vaticanus
843 1901 1045 1988 eiusdemque
1071 1903 1177 1988 stirpis
1204 1902 1275 1966 libri
1306 1910 1519 1967 servaverunt
1568 1903 1619 1966 oui
1641 1903 1820 1968 testimonio
1848 1903 2046 1990 adiungimus

395 2007 525 2072 alterurn
548 2030 586 2072 ex
608 2007 716 2072 codice
737 2006 943 2085 Bruxellensi,
966 2007 1020 2093 qui
1043 2006 1167 2092 hymnis
1190 2005 1270 2070 hanc
1293 2005 1475 2092 praeposuit
1497 2005 1728 2092 inscriptionem
1751 2011 1791 2093 (p.
1804 2010 1891 2087 alst:

832 2185 880 2258 ru
906 2169 999 2260 xri.
1022 2147 1211 2259 'nonius
1241 2185 1400 2259 rnuvs
1421 2244 1429 2260 .
1450 2185 1604 2259 unsar

833 2290 951 2408 licis
971 2391 978 2406 .
999 2332 1175 2407 eunom

394 2517 495 2602 prima
516 2517 620 2582 littera
642 2517 769 2584 alterius
785 2540 894 2582 versus
916 2519 946 2582 F
964 2519 1106 2584 mutilata
1128 2528 1159 2583 et
1180 2520 1268 2583 iuxta
1289 2520 1414 2584 lituram
1437 2527 1563 2584 exarata
1583 2527 1639 2598 est,
1661 2542 1759 2604 neque
1776 2528 1879 2584 tamen
1903 2519 1942 2584 ab
1965 2521 2046 2584 inse-

394 2620 500 2706 quenti
522 2619 541 2684 Ι
562 2629 684 2686 tantum
711 2622 820 2710 distat,
847 2630 882 2686 ut
905 2645 998 2686 manu
1027 2623 1129 2709 prima
1150 2621 1330 2688 FELICIS
1360 2624 1509 2709 scriptum
1540 2623 1637 2688 fuisse
1665 2623 1793 2708 cogitari
1825 2623 1933 2710 possit.
1977 2623 2050 2689 licet

394 2731 497 2788 autem
527 2725 680 2811 scriptrua
703 2725 813 2790 leviter
840 2734 986 2812 corrupto
1013 2727 1067 2805 sit,
1095 2725 1134 2790 de
1156 2727 1334 2792 nominibus
1357 2726 1483 2792 Ennodi
1511 2727 1645 2814 amplius
1674 2727 1811 2792 dubitari
1844 2751 1906 2793 uon
1935 2737 2047 2816 potest

394 2831 487 2896 etiarn
510 2829 543 2892 in
564 2829 625 2894 hoc
647 2853 739 2894 suum
762 2853 874 2895 nornen
897 2829 993 2894 Folia·
1014 2829 1196 2894 Ennodium
1223 2832 1358 2895 iocatum
1387 2854 1454 2896 esse
1477 2831 1647 2896 conicimus
1675 2832 1706 2896 in
1729 2855 1779 2918 op.
1803 2831 2049 2912 ODXXIH50,

395 2938 448 3002 ubi
472 2960 504 3002 se
526 2936 645 3000 felicem
669 2935 771 3000 lintris
795 2934 947 2998 sarcinam
972 2937 1018 3015 (ut
1040 2933 1198 3020 quondam
1221 2934 1347 3016 Caesar)
1370 2936 1549 3022 appellavit.

355 3071 382 3100 ss
499 3041 598 3104 Aetas
626 3037 754 3103 Ennodi
781 3037 892 3102 incidit
919 3038 950 3101 in
973 3060 1071 3102 annos
1095 3041 1275 3104 474-521
1301 3061 1331 3124 p.
1349 3038 1437 3102 Cha:
1462 3061 1574 3117 annus,
1599 3061 1661 3124 quo
1684 3048 1732 3103 est
1753 3049 1908 3120 mortuus,
1930 3041 1962 3105 in
1985 3043 2050 3128 epi-

395 3144 504 3231 taphio
526 3143 576 3207 his
599 3144 713 3230 apertis
736 3141 841 3206 verbis
864 3141 1009 3206 definitus
1032 3150 1092 3205 est:
1115 3140 1286 3227 ,depositus
1310 3142 1369 3206 sub
1392 3141 1422 3206 d.
1444 3141 1536 3208 XVI
1558 3142 1632 3206 Kal.
1648 3143 1810 3226 Augustas
1828 3143 1960 3210 Valerio
1976 3167 2005 3207 v.
2024 3166 2049 3207 c.

395 3248 553 3329 consullel‘
566 3248 586 3311 i.
602 3269 627 3310 e.
642 3244 807 3312 Ennodius
831 3245 971 3330 seprdtus
994 3253 1042 3308 est
1060 3248 1107 3310 17.
1123 3245 1183 3309 Iul.
1207 3249 1278 3313 521.
1308 3268 1370 3331 quo
1393 3255 1530 3332 ternpore
1553 3254 1655 3310 autem
1677 3255 1770 3310 natm
1792 3247 1841 3326 sit,
1863 3246 1938 3311 satis
1960 3269 2051 3312 accu-

395 3360 461 3416 rate
483 3352 550 3438 ipse
572 3351 617 3414 sic
639 3349 805 3435 descripsit
821 3373 849 3435 p.
865 3352 982 3427 303‚5:
1004 3357 1153 3435 ,tempore
1175 3373 1237 3435 quo
1259 3348 1385 3413 Italiam
1410 3350 1623 3434 optatissimus
1639 3348 1823 3414 Theoderici
1845 3350 1926 3435 regis
1948 3373 2051 3416 resus-

395 3455 506 3522 citavit
533 3455 706 3539 ingressus,
735 3475 805 3517 cum
834 3453 939 3517 omnia
971 3453 1011 3517 ab
1044 3453 1177 3516 inimicis
1212 3454 1278 3517 eius
1309 3452 1520 3538 inexplicabili
1553 3451 1640 3517 clade
1667 3462 1864 3518 vastarentur
1891 3462 1937 3534 et,
1966 3453 2051 3541 quud

395 3567 573 3646 superesset
593 3556 717 3642 gladiis,
739 3557 837 3620 fames
853 3565 983 3637 necaret,
1006 3580 1077 3620 curn
1093 3557 1214 3621 excelsa
1236 3557 1390 3620 montium
1412 3565 1655 3642 castrorumque·
1668 3581 1753 3623 arocs
1769 3559 1897 3645 penuria
1913 3579 2051 3644 perrum-

395 3670 535 3750 perstet
557 3662 589 3724 in
612 3660 799 3724 culminibus
820 3661 939 3726 locatos
963 3660 1057 3724 armis
1080 3661 1203 3724 saevior
1218 3669 1337 3744 egestas
1360 3660 1528 3724 obsideret:
1552 3685 1609 3745 ego
1632 3685 1783 3726 annorum
1798 3663 1893 3727 senne
1916 3660 2049 3725 sedecim

395 3767 522 3845 amitae,
550 3788 631 3851 quac
654 3787 702 3829 me
724 3765 857 3843 aluerat,
886 3787 922 3828 eu
952 3772 1136 3849 tempestate
1164 3764 1280 3828 solacio
1307 3765 1450 3849 privatus
1478 3771 1566 3828 suru‘.
1590 3805 1630 3812 —
1653 3765 1814 3843 Quoniam
1839 3763 2050 3829 Theodericus
2097 3802 2100 3808 .

395 3869 521 3934 Italiam
553 3877 670 3934 aestate
703 3869 776 3933 anni
799 3871 861 3935 489
892 3869 1050 3954 ingressus
1085 3877 1146 3946 est,
1179 3869 1219 3932 ab
1251 3868 1395 3932 omnibus
1427 3892 1484 3954 pro
1515 3870 1676 3954 explorato
1710 3869 1841 3934 habetur
1869 3867 2050 3933 Ennodium

396 3997 478 4039 anno
501 3976 565 4039 473
588 3982 697 4037 natum
720 3994 796 4036 esse.
841 3981 873 4035 ut
896 3972 922 4036 si
949 3973 1019 4057 qum
1043 3973 1137 4058 paulo
1160 3959 1306 4036 attentius
1336 3972 1389 4035 illa
1412 3972 1508 4036 verba
1531 3973 1785 4058 circumspexerit
1811 3981 1842 4036 et
1870 3972 2051 4058 cognoverit

397 4079 488 4144 urbes
504 4076 720 4142 Mediolanum
742 4087 773 4140 et
787 4075 942 4154 Ticinum,
965 4076 1018 4140 ubi
1033 4074 1199 4139 Eunodius
1221 4085 1288 4138 turn
1311 4076 1377 4154 filit,
1401 4075 1449 4140 his
1471 4077 1620 4162 gravibus
1643 4076 1716 4140 belli
1739 4077 1860 4141 iniuriis
1883 4099 1945 4140 nou
1968 4098 2049 4140 anno

397 4187 471 4262 489,
494 4205 556 4268 quo
579 4203 661 4246 anno
684 4180 724 4245 ad
747 4179 929 4245 Ravennam
953 4189 1126 4267 pugnaturn
1150 4189 1224 4253 erat,
1247 4179 1302 4244 sed
1325 4179 1397 4244 inde
1419 4181 1458 4245 ab
1475 4203 1556 4245 anno
1572 4183 1635 4248 490
1659 4181 1789 4245 afflictas
1806 4203 1874 4245 esse
1897 4183 2051 4266 (excerpta

397 4286 508 4352 Vales.
526 4289 587 4363 53),
609 4283 794 4370 Ennodium,
813 4286 876 4350 illis
892 4286 996 4349 verbis
1013 4308 1129 4350 minum
1145 4287 1208 4351 490
1232 4285 1465 4369 significavisse,
1488 4309 1561 4370 crgo
1584 4309 1665 4350 anno
1681 4288 1744 4351 474
1767 4294 1874 4349 natum
1890 4307 1957 4348 esse
1980 4307 2051 4348 cum

396 4392 512 4458 maiore
535 4391 600 4455 veri
623 4387 825 4454 similitudine
853 4389 999 4455 affirmari
1027 4388 1183 4454 concedet.
1228 4399 1330 4452 tamen
1359 4398 1462 4453 rrtrrnn
1490 4414 1572 4455 aurio
1595 4392 1657 4456 473
1686 4412 1725 4453 an
1749 4392 1812 4456 474
1839 4398 1930 4453 nutus
1954 4389 1996 4452 sit
2018 4388 2050 4451 in

396 4519 550 4582 suspenso
572 4494 789 4579 relinquimus,
812 4495 885 4579 qnia
909 4494 1015 4558 ceteris
1039 4493 1127 4572 locis,
1150 4493 1202 4556 ubi
1226 4492 1265 4556 dc
1287 4503 1387 4558 aetate
1410 4517 1468 4558 sua
1490 4495 1584 4560 uerba
1607 4496 1689 4572 fecit,
1712 4505 1777 4559 tam
1799 4493 1953 4578 ambiguis
1975 4515 2051 4556 usus

396 4611 452 4679 est,
474 4608 510 4663 ut
531 4598 603 4663 inde
625 4597 702 4662 nihil
726 4599 799 4662 certi
824 4597 968 4661 concludi
990 4598 1099 4683 possit.
1133 4620 1171 4660 an
1193 4597 1265 4661 inde
1285 4597 1368 4682 quud
1392 4623 1422 4684 p.
1438 4602 1488 4678 53,
1501 4603 1542 4665 28
1565 4599 1728 4684 indignum
1751 4599 1840 4663 aunis
1856 4621 1889 4662 se
1903 4598 2051 4684 episcopo

396 4727 464 4769 esse
486 4703 572 4782 dicit,
594 4702 653 4766 tibi
675 4715 795 4767 sumere
823 4700 918 4765 arides
949 4701 1032 4786 (quia
1054 4725 1109 4786 per
1137 4724 1269 4764 cationes
1292 4725 1356 4766 non
1378 4702 1466 4767 licuit
1489 4711 1559 4766 autc
1586 4702 1775 4766 tricesimum
1803 4701 1912 4765 aetatis
1935 4722 2051 4765 aunum

397 4808 610 4895 episcopatum
640 4805 795 4892 adipisci),
827 4805 1007 4870 Enuodium
1036 4816 1104 4869 tntu
1136 4829 1206 4869 curn
1238 4805 1290 4869 illa
1319 4807 1445 4892 scripsit
1467 4807 1486 4870 i.
1506 4831 1531 4869 e.
1559 4829 1640 4870 anno
1669 4809 1731 4872 503
1758 4803 1898 4868 nondum
1926 4805 2052 4889 triginta

397 4933 496 4976 annos
527 4921 635 4974 uatum
667 4910 783 4974 fuisse?
831 4909 913 4974 idern
942 4912 995 4994 qui
1025 4910 1085 4973 iam
1116 4933 1197 4974 amru
1226 4913 1289 4976 495
1319 4909 1358 4973 de
1386 4933 1419 4974 sc
1446 4910 1527 4974 dixit
1556 4915 1596 4996 (p.
1616 4913 1667 4988 49,
1685 4913 1737 4986 27)
1764 4909 1847 4989 ,olim
1876 4931 1947 4972 cum
1975 4906 2052 4972 adu·

397 5015 534 5080 lantibus
564 5012 791 5078 adulescentiae
817 5014 945 5078 floribus
977 5023 1008 5077 et
1037 5015 1186 5100 pueritiae
1209 5013 1310 5077 adhuc
1338 5037 1434 5078 verna
1460 5014 1612 5094 riderent',
1641 5014 1746 5079 decom
1777 5015 1840 5078 fere
1862 5013 1951 5078 annis
1979 5021 2053 5098 post

397 5120 446 5184 his
463 5119 567 5183 verbis
590 5141 623 5182 se
638 5119 801 5182 excusavit
816 5123 856 5204 (p.
873 5121 922 5197 72,
934 5121 986 5198 37)
1004 5117 1105 5196 ‚dabis
1123 5117 1244 5180 veniam
1266 5116 1351 5202 quod
1367 5116 1447 5182 celer
1462 5120 1617 5205 rescripsi,
1638 5120 1711 5204 quia
1727 5118 1821 5182 aetati
1836 5116 1939 5181 adhuc
1953 5114 2051 5180 debeo

398 5222 562 5287 indocilem
586 5222 834 5300 testinationem‘,
860 5231 932 5307 post
954 5244 1070 5306 paucos
1095 5244 1168 5284 vcro
1191 5243 1289 5285 annos
1311 5222 1330 5284 i.
1346 5245 1371 5285 e.
1395 5224 1455 5288 511
1481 5244 1514 5286 se
1536 5223 1709 5308 appellavit
1731 5243 1846 5285 curatas
1869 5225 1908 5305 (p.
1924 5219 2052 5308 283,·8).

373 5369 386 5398 a
501 5325 640 5390 Patriam
671 5348 760 5389 suam
788 5348 855 5389 esse
884 5325 1059 5410 Liguriam,
1089 5325 1143 5389 ubi
1172 5334 1282 5410 postea
1309 5324 1412 5389 sedem
1437 5326 1615 5406 collocavit,
1642 5327 1709 5412 ipse
1737 5335 1830 5410 negat
1859 5323 1963 5388 verbis
1989 5345 2051 5386 non

398 5430 503 5495 dubiis
525 5454 555 5516 p.
571 5432 643 5507 233,
656 5430 711 5492 23:
739 5430 874 5516 ,permisi
898 5429 1047 5494 hactenus
1073 5428 1320 5514 magnitudinem
1348 5438 1485 5494 vestram
1513 5430 1718 5496 mobilitatem
1740 5431 1892 5515 Ligurum
1916 5427 2052 5492 urbanae

398 5536 471 5599 iiico
493 5531 713 5619 disputationis
734 5533 894 5610 incessere,
917 5533 990 5617 quia
1012 5543 1043 5596 et
1065 5554 1114 5596 rue
1136 5533 1224 5616 origo
1247 5531 1396 5598 reddebat
1419 5533 1554 5598 alienum
1568 5583 1574 5597 .
1587 5583 1594 5597 .
1608 5540 1624 5597 .‘
1646 5535 1742 5598 immo
1760 5531 1890 5597 Gallum
1897 5531 2054 5612 prosapia

342 5623 345 5631 Α
399 5661 432 5703 se
455 5635 659 5702 esse'fatetrn
681 5659 711 5722 p.
729 5640 827 5716 9,21,
850 5644 881 5700 et
905 5635 1034 5700 Gallum
1057 5659 1089 5700 sc
1113 5637 1253 5702 nominat
1275 5638 1305 5700 iu
1330 5662 1379 5724 op.
1396 5637 1552 5719 CXCII,
1574 5635 1752 5722 ibidemque
1775 5645 1917 5722 parentes
1942 5634 2052 5700 Gallos
