<?xml version="1.0" encoding="UTF-8"?>
<!DOCTYPE html PUBLIC "-//W3C//DTD XHTML 1.0 Transitional//EN"
    "http://www.w3.org/TR/xhtml1/DTD/xhtml1-transitional.dtd">
<html xmlns="http://www.w3.org/1999/xhtml" xml:lang="en" lang="en">
 <head>
  <title>
</title>
<meta http-equiv="Content-Type" content="text/html;charset=utf-8" />
  <meta name='ocr-system' content='tesseract 3.04.00' />
  <meta name='ocr-capabilities' content='ocr_page ocr_carea ocr_par ocr_line ocrx_word'/>
</head>
<body>
  <div class='ocr_page' id='page_1' title='image "./monumentagerman06mittgoog_0216.png"; bbox 0 0 4596 6450; ppageno 0'>
   <div class='ocr_carea' id='block_1_1' title="bbox 508 382 1476 455">
    <p class='ocr_par' dir='ltr' id='par_1_1' title="bbox 508 382 1476 455">
     <span class='ocr_line' id='line_1_1' title="bbox 508 382 1476 455; baseline 0.001 -18"><span class='ocrx_word' id='word_1_1' title='bbox 508 382 565 437; x_wconf 83' lang='lat' dir='ltr'>eu</span> <span class='ocrx_word' id='word_1_2' title='bbox 584 383 707 453; x_wconf 76' lang='grc'>444444.</span> <span class='ocrx_word' id='word_1_3' title='bbox 725 387 750 447; x_wconf 81' lang='grc'>4,</span> <span class='ocrx_word' id='word_1_4' title='bbox 770 386 822 452; x_wconf 78' lang='lat' dir='ltr'>ru,</span> <span class='ocrx_word' id='word_1_5' title='bbox 841 385 883 440; x_wconf 82' lang='lat' dir='ltr'>on</span> <span class='ocrx_word' id='word_1_6' title='bbox 902 385 1025 454; x_wconf 76' lang='grc'>(44444.</span> <span class='ocrx_word' id='word_1_7' title='bbox 1044 385 1069 451; x_wconf 84' lang='grc'>4,</span> <span class='ocrx_word' id='word_1_8' title='bbox 1090 387 1141 454; x_wconf 76' lang='lat' dir='ltr'>rs),</span> <span class='ocrx_word' id='word_1_9' title='bbox 1160 386 1217 440; x_wconf 81' lang='grc'>044</span> <span class='ocrx_word' id='word_1_10' title='bbox 1236 387 1358 455; x_wconf 73' lang='lat' dir='ltr'>(aaran.</span> <span class='ocrx_word' id='word_1_11' title='bbox 1378 389 1403 450; x_wconf 91' lang='grc'>4,</span> <span class='ocrx_word' id='word_1_12' title='bbox 1426 387 1476 452; x_wconf 78' lang='lat' dir='ltr'>rs).</span> 
     </span>
    </p>
   </div>
   <div class='ocr_carea' id='block_1_2' title="bbox 721 675 1261 950">
    <p class='ocr_par' dir='ltr' id='par_1_2' title="bbox 721 675 1261 950">
     <span class='ocr_line' id='line_1_2' title="bbox 821 675 1158 764; baseline 0.003 -20"><span class='ocrx_word' id='word_1_13' title='bbox 821 675 895 744; x_wconf 82' lang='grc'>(1114</span> <span class='ocrx_word' id='word_1_14' title='bbox 917 680 1028 764; x_wconf 80' lang='lat' dir='ltr'>(arras.</span> <span class='ocrx_word' id='word_1_15' title='bbox 1045 687 1075 760; x_wconf 97' lang='grc'>4,</span> <span class='ocrx_word' id='word_1_16' title='bbox 1094 681 1158 764; x_wconf 85' lang='grc'>11).</span> 
     </span>
     <span class='ocr_line' id='line_1_3' title="bbox 721 873 1261 950; baseline 0.006 -4"><span class='ocrx_word' id='word_1_17' title='bbox 721 873 958 948; x_wconf 83' lang='lat' dir='ltr'><strong>ENNODIVS</strong></span> <span class='ocrx_word' id='word_1_18' title='bbox 985 875 1261 950; x_wconf 83' lang='lat' dir='ltr'><strong>DECORATO.</strong></span> 
     </span>
    </p>
   </div>
   <div class='ocr_carea' id='block_1_3' title="bbox 100 1019 1854 1967">
    <p class='ocr_par' dir='ltr' id='par_1_3' title="bbox 164 1019 1847 1345">
     <span class='ocr_line' id='line_1_4' title="bbox 272 1019 1847 1138; baseline 0 -28"><span class='ocrx_word' id='word_1_19' title='bbox 272 1019 392 1112; x_wconf 80' lang='lat' dir='ltr'>Recte</span> <span class='ocrx_word' id='word_1_20' title='bbox 416 1047 560 1112; x_wconf 89' lang='lat' dir='ltr'>creditur</span> <span class='ocrx_word' id='word_1_21' title='bbox 581 1049 781 1114; x_wconf 79' lang='lat' dir='ltr'>enuntiatrix</span> <span class='ocrx_word' id='word_1_22' title='bbox 805 1072 879 1114; x_wconf 87' lang='lat' dir='ltr'>esse</span> <span class='ocrx_word' id='word_1_23' title='bbox 904 1050 1016 1136; x_wconf 86' lang='lat' dir='ltr'>lingua</span> <span class='ocrx_word' id='word_1_24' title='bbox 1040 1052 1266 1138; x_wconf 77' lang='lat' dir='ltr'>penetralium,</span> <span class='ocrx_word' id='word_1_25' title='bbox 1291 1073 1374 1137; x_wconf 89' lang='lat' dir='ltr'>quae</span> <span class='ocrx_word' id='word_1_26' title='bbox 1395 1051 1528 1116; x_wconf 87' lang='lat' dir='ltr'>latentis</span> <span class='ocrx_word' id='word_1_27' title='bbox 1546 1059 1676 1115; x_wconf 87' lang='lat' dir='ltr'>secreta</span> <span class='ocrx_word' id='word_1_28' title='bbox 1692 1049 1819 1114; x_wconf 90' lang='lat' dir='ltr'>animae</span> <span class='ocrx_word' id='word_1_29' title='bbox 1837 1052 1847 1110; x_wconf 89' lang='grc'>1</span> 
     </span>
     <span class='ocr_line' id='line_1_5' title="bbox 165 1152 1820 1242; baseline -0.001 -26"><span class='ocrx_word' id='word_1_30' title='bbox 165 1152 205 1216; x_wconf 90' lang='lat' dir='ltr'>ad</span> <span class='ocrx_word' id='word_1_31' title='bbox 222 1153 327 1217; x_wconf 89' lang='lat' dir='ltr'>lucem</span> <span class='ocrx_word' id='word_1_32' title='bbox 344 1158 440 1216; x_wconf 87' lang='lat' dir='ltr'>vocat</span> <span class='ocrx_word' id='word_1_33' title='bbox 455 1152 595 1236; x_wconf 91' lang='lat' dir='ltr'>eloquio.</span> <span class='ocrx_word' id='word_1_34' title='bbox 634 1155 812 1218; x_wconf 81' lang='lat' dir='ltr'><strong>nesciretur</strong></span> <span class='ocrx_word' id='word_1_35' title='bbox 835 1176 926 1219; x_wconf 92' lang='lat' dir='ltr'>amor</span> <span class='ocrx_word' id='word_1_36' title='bbox 948 1163 1129 1241; x_wconf 82' lang='lat' dir='ltr'>pectorum,</span> <span class='ocrx_word' id='word_1_37' title='bbox 1153 1157 1214 1220; x_wconf 87' lang='lat' dir='ltr'>nisi</span> <span class='ocrx_word' id='word_1_38' title='bbox 1238 1157 1330 1219; x_wconf 92' lang='lat' dir='ltr'>illum</span> <span class='ocrx_word' id='word_1_39' title='bbox 1354 1177 1460 1220; x_wconf 90' lang='lat' dir='ltr'>sermo</span> <span class='ocrx_word' id='word_1_40' title='bbox 1483 1154 1629 1242; x_wconf 87' lang='lat' dir='ltr'>proditor</span> <span class='ocrx_word' id='word_1_41' title='bbox 1652 1152 1820 1230; x_wconf 86' lang='lat' dir='ltr'>indicaret.</span> 
     </span>
     <span class='ocr_line' id='line_1_6' title="bbox 164 1255 1821 1345; baseline -0.001 -25"><span class='ocrx_word' id='word_1_42' title='bbox 164 1258 234 1321; x_wconf 90' lang='lat' dir='ltr'>iure</span> <span class='ocrx_word' id='word_1_43' title='bbox 251 1263 399 1322; x_wconf 83' lang='lat' dir='ltr'>veterum</span> <span class='ocrx_word' id='word_1_44' title='bbox 422 1255 586 1341; x_wconf 75' lang='lat' dir='ltr'>sapientia</span> <span class='ocrx_word' id='word_1_45' title='bbox 608 1257 756 1342; x_wconf 91' lang='lat' dir='ltr'>epistolis</span> <span class='ocrx_word' id='word_1_46' title='bbox 778 1279 839 1322; x_wconf 94' lang='lat' dir='ltr'>usa</span> <span class='ocrx_word' id='word_1_47' title='bbox 861 1259 955 1343; x_wconf 87' lang='lat' dir='ltr'>quasi</span> <span class='ocrx_word' id='word_1_48' title='bbox 978 1259 1125 1324; x_wconf 84' lang='lat' dir='ltr'>clavibus</span> <span class='ocrx_word' id='word_1_49' title='bbox 1149 1261 1327 1345; x_wconf 90' lang='lat' dir='ltr'>repositum</span> <span class='ocrx_word' id='word_1_50' title='bbox 1347 1281 1407 1344; x_wconf 90' lang='lat' dir='ltr'>per</span> <span class='ocrx_word' id='word_1_51' title='bbox 1423 1281 1478 1324; x_wconf 89' lang='lat' dir='ltr'>eas</span> <span class='ocrx_word' id='word_1_52' title='bbox 1495 1258 1641 1342; x_wconf 81' lang='lat' dir='ltr'>vulgavit</span> <span class='ocrx_word' id='word_1_53' title='bbox 1657 1257 1821 1321; x_wconf 83' lang='lat' dir='ltr'>affectum.</span> 
     </span>
    </p>

    <p class='ocr_par' dir='ltr' id='par_1_4' title="bbox 100 1359 1854 1967">
     <span class='ocr_line' id='line_1_7' title="bbox 100 1359 1823 1447; baseline 0.002 -28"><span class='ocrx_word' id='word_1_54' title='bbox 100 1407 105 1419; x_wconf 88' lang='lat'><em>.</em></span> <span class='ocrx_word' id='word_1_55' title='bbox 166 1365 271 1424; x_wconf 91' lang='lat' dir='ltr'>tracta</span> <span class='ocrx_word' id='word_1_56' title='bbox 294 1365 345 1423; x_wconf 88' lang='lat' dir='ltr'>est</span> <span class='ocrx_word' id='word_1_57' title='bbox 367 1359 400 1422; x_wconf 91' lang='lat' dir='ltr'>in</span> <span class='ocrx_word' id='word_1_58' title='bbox 423 1359 645 1423; x_wconf 87' lang='lat' dir='ltr'>testimonium</span> <span class='ocrx_word' id='word_1_59' title='bbox 672 1361 858 1447; x_wconf 81' lang='lat' dir='ltr'>scriptionis</span> <span class='ocrx_word' id='word_1_60' title='bbox 885 1383 978 1426; x_wconf 90' lang='lat' dir='ltr'>mena</span> <span class='ocrx_word' id='word_1_61' title='bbox 1008 1368 1129 1428; x_wconf 87' lang='lat' dir='ltr'>testata</span> <span class='ocrx_word' id='word_1_62' title='bbox 1159 1363 1380 1447; x_wconf 82' lang='lat' dir='ltr'>diligentiam:</span> <span class='ocrx_word' id='word_1_63' title='bbox 1411 1361 1529 1427; x_wconf 90' lang='lat' dir='ltr'>mutari</span> <span class='ocrx_word' id='word_1_64' title='bbox 1559 1362 1728 1426; x_wconf 87' lang='lat' dir='ltr'>caritatem</span> <span class='ocrx_word' id='word_1_65' title='bbox 1757 1380 1823 1423; x_wconf 94' lang='lat' dir='ltr'>non</span> 
     </span>
     <span class='ocr_line' id='line_1_8' title="bbox 151 1461 1854 1552; baseline -0.001 -25"><span class='ocrx_word' id='word_1_66' title='bbox 151 1464 266 1528; x_wconf 82' lang='lat' dir='ltr'>licuit.</span> <span class='ocrx_word' id='word_1_67' title='bbox 311 1484 407 1548; x_wconf 89' lang='lat' dir='ltr'>quam</span> <span class='ocrx_word' id='word_1_68' title='bbox 440 1461 630 1528; x_wconf 89' lang='lat' dir='ltr'>desiderans</span> <span class='ocrx_word' id='word_1_69' title='bbox 659 1465 780 1550; x_wconf 89' lang='lat' dir='ltr'>pagina</span> <span class='ocrx_word' id='word_1_70' title='bbox 811 1467 1050 1531; x_wconf 86' lang='lat' dir='ltr'>interveniente</span> <span class='ocrx_word' id='word_1_71' title='bbox 1079 1468 1298 1552; x_wconf 82' lang='lat' dir='ltr'>promisisset,</span> <span class='ocrx_word' id='word_1_72' title='bbox 1328 1467 1403 1531; x_wconf 91' lang='lat' dir='ltr'>huic</span> <span class='ocrx_word' id='word_1_73' title='bbox 1433 1487 1485 1530; x_wconf 91' lang='lat' dir='ltr'>me</span> <span class='ocrx_word' id='word_1_74' title='bbox 1509 1487 1571 1550; x_wconf 91' lang='lat' dir='ltr'>ego</span> <span class='ocrx_word' id='word_1_75' title='bbox 1594 1462 1854 1531; x_wconf 69' lang='lat' dir='ltr'>consuetudinis</span> 
     </span>
     <span class='ocr_line' id='line_1_9' title="bbox 164 1566 1821 1658; baseline -0.001 -26"><span class='ocrx_word' id='word_1_76' title='bbox 164 1569 216 1632; x_wconf 84' lang='lat' dir='ltr'>vel</span> <span class='ocrx_word' id='word_1_77' title='bbox 244 1567 310 1652; x_wconf 91' lang='lat' dir='ltr'>legi</span> <span class='ocrx_word' id='word_1_78' title='bbox 338 1566 448 1653; x_wconf 90' lang='lat' dir='ltr'>potius</span> <span class='ocrx_word' id='word_1_79' title='bbox 477 1567 678 1653; x_wconf 82' lang='lat' dir='ltr'>mancipari,</span> <span class='ocrx_word' id='word_1_80' title='bbox 707 1569 863 1636; x_wconf 85' lang='lat' dir='ltr'>adserens</span> <span class='ocrx_word' id='word_1_81' title='bbox 886 1571 1067 1638; x_wconf 88' lang='lat' dir='ltr'>litteramm</span> <span class='ocrx_word' id='word_1_82' title='bbox 1090 1570 1155 1636; x_wconf 90' lang='lat' dir='ltr'>fide</span> <span class='ocrx_word' id='word_1_83' title='bbox 1178 1569 1254 1658; x_wconf 87' lang='lat' dir='ltr'>quid</span> <span class='ocrx_word' id='word_1_84' title='bbox 1276 1570 1319 1635; x_wconf 91' lang='lat' dir='ltr'>de</span> <span class='ocrx_word' id='word_1_85' title='bbox 1343 1568 1567 1654; x_wconf 85' lang='lat' dir='ltr'>magnitudine</span> <span class='ocrx_word' id='word_1_86' title='bbox 1591 1575 1648 1633; x_wconf 90' lang='lat' dir='ltr'>tua</span> <span class='ocrx_word' id='word_1_87' title='bbox 1671 1567 1821 1632; x_wconf 86' lang='lat' dir='ltr'>sensibus</span> 
     </span>
     <span class='ocr_line' id='line_1_10' title="bbox 164 1669 1822 1759; baseline 0.001 -25"><span class='ocrx_word' id='word_1_88' title='bbox 164 1669 311 1736; x_wconf 84' lang='lat' dir='ltr'>inolevit.</span> <span class='ocrx_word' id='word_1_89' title='bbox 349 1692 408 1735; x_wconf 88' lang='lat' dir='ltr'>vos</span> <span class='ocrx_word' id='word_1_90' title='bbox 426 1671 454 1734; x_wconf 91' lang='lat' dir='ltr'>si</span> <span class='ocrx_word' id='word_1_91' title='bbox 474 1691 601 1735; x_wconf 89' lang='lat' dir='ltr'>mecum</span> <span class='ocrx_word' id='word_1_92' title='bbox 625 1673 694 1757; x_wconf 92' lang='lat' dir='ltr'>pari</span> <span class='ocrx_word' id='word_1_93' title='bbox 719 1695 797 1738; x_wconf 88' lang='lat' dir='ltr'>cura</span> <span class='ocrx_word' id='word_1_94' title='bbox 820 1675 853 1738; x_wconf 91' lang='lat' dir='ltr'>in</span> <span class='ocrx_word' id='word_1_95' title='bbox 876 1673 1116 1739; x_wconf 85' lang='lat' dir='ltr'>devinctionem</span> <span class='ocrx_word' id='word_1_96' title='bbox 1142 1674 1334 1754; x_wconf 81' lang='lat' dir='ltr'>convenitis,</span> <span class='ocrx_word' id='word_1_97' title='bbox 1358 1675 1385 1738; x_wconf 91' lang='lat' dir='ltr'>si</span> <span class='ocrx_word' id='word_1_98' title='bbox 1408 1672 1473 1737; x_wconf 89' lang='lat' dir='ltr'>fida</span> <span class='ocrx_word' id='word_1_99' title='bbox 1495 1673 1656 1759; x_wconf 87' lang='lat' dir='ltr'>interpres</span> <span class='ocrx_word' id='word_1_100' title='bbox 1676 1672 1822 1738; x_wconf 85' lang='lat' dir='ltr'>amicitia</span> 
     </span>
     <span class='ocr_line' id='line_1_11' title="bbox 166 1774 1822 1864; baseline 0 -24"><span class='ocrx_word' id='word_1_101' title='bbox 166 1797 201 1840; x_wconf 91' lang='lat' dir='ltr'>se</span> <span class='ocrx_word' id='word_1_102' title='bbox 224 1774 402 1839; x_wconf 88' lang='lat' dir='ltr'>aestimans</span> <span class='ocrx_word' id='word_1_103' title='bbox 424 1781 535 1840; x_wconf 83' lang='lat' dir='ltr'>votum</span> <span class='ocrx_word' id='word_1_104' title='bbox 559 1774 648 1840; x_wconf 86' lang='lat' dir='ltr'>videt</span> <span class='ocrx_word' id='word_1_105' title='bbox 671 1778 822 1854; x_wconf 86' lang='lat' dir='ltr'>alterius,</span> <span class='ocrx_word' id='word_1_106' title='bbox 846 1799 1039 1864; x_wconf 88' lang='lat' dir='ltr'>responsum</span> <span class='ocrx_word' id='word_1_107' title='bbox 1061 1778 1214 1843; x_wconf 81' lang='lat' dir='ltr'>deferens</span> <span class='ocrx_word' id='word_1_108' title='bbox 1238 1777 1361 1842; x_wconf 87' lang='lat' dir='ltr'>tabella</span> <span class='ocrx_word' id='word_1_109' title='bbox 1385 1776 1556 1862; x_wconf 88' lang='lat' dir='ltr'>significet.</span> <span class='ocrx_word' id='word_1_110' title='bbox 1602 1797 1663 1861; x_wconf 90' lang='lat' dir='ltr'>ego</span> <span class='ocrx_word' id='word_1_111' title='bbox 1686 1797 1822 1841; x_wconf 87' lang='lat' dir='ltr'>munera</span> 
     </span>
     <span class='ocr_line' id='line_1_12' title="bbox 167 1879 1778 1967; baseline 0.002 -24"><span class='ocrx_word' id='word_1_112' title='bbox 167 1879 372 1943; x_wconf 87' lang='lat' dir='ltr'>salutationis</span> <span class='ocrx_word' id='word_1_113' title='bbox 395 1879 576 1965; x_wconf 89' lang='lat' dir='ltr'>inpertiens</span> <span class='ocrx_word' id='word_1_114' title='bbox 600 1879 869 1947; x_wconf 88' lang='lat' dir='ltr'>deliberationem</span> <span class='ocrx_word' id='word_1_115' title='bbox 894 1903 1000 1947; x_wconf 90' lang='lat' dir='ltr'>meam</span> <span class='ocrx_word' id='word_1_116' title='bbox 1025 1902 1090 1946; x_wconf 94' lang='lat' dir='ltr'>non</span> <span class='ocrx_word' id='word_1_117' title='bbox 1113 1886 1278 1967; x_wconf 87' lang='lat' dir='ltr'>tamquam</span> <span class='ocrx_word' id='word_1_118' title='bbox 1302 1879 1476 1945; x_wconf 85' lang='lat' dir='ltr'>verborum</span> <span class='ocrx_word' id='word_1_119' title='bbox 1499 1900 1617 1946; x_wconf 84' lang='lat' dir='ltr'>avarus</span> <span class='ocrx_word' id='word_1_120' title='bbox 1640 1879 1778 1946; x_wconf 90' lang='lat' dir='ltr'>occului.</span> 
     </span>
    </p>
   </div>
   <div class='ocr_carea' id='block_1_4' title="bbox 834 2188 1150 2277">
    <p class='ocr_par' dir='ltr' id='par_1_5' title="bbox 834 2188 1150 2277">
     <span class='ocr_line' id='line_1_13' title="bbox 834 2188 1150 2277; baseline -0.013 -20"><span class='ocrx_word' id='word_1_121' title='bbox 834 2188 887 2257; x_wconf 65' lang='lat' dir='ltr'>Clu</span> <span class='ocrx_word' id='word_1_122' title='bbox 909 2191 1019 2277; x_wconf 80' lang='lat' dir='ltr'>(aaran.</span> <span class='ocrx_word' id='word_1_123' title='bbox 1036 2196 1066 2269; x_wconf 87' lang='grc'>4,</span> <span class='ocrx_word' id='word_1_124' title='bbox 1088 2190 1150 2275; x_wconf 87' lang='grc'>18).</span> 
     </span>
    </p>
   </div>
   <div class='ocr_carea' id='block_1_5' title="bbox 760 2385 1227 2460">
    <p class='ocr_par' dir='ltr' id='par_1_6' title="bbox 760 2385 1227 2460">
     <span class='ocr_line' id='line_1_14' title="bbox 760 2385 1227 2460; baseline -0.004 0"><span class='ocrx_word' id='word_1_125' title='bbox 760 2385 998 2460; x_wconf 85' lang='lat' dir='ltr'><strong>ENNODIVS</strong></span> <span class='ocrx_word' id='word_1_126' title='bbox 1026 2385 1227 2459; x_wconf 85' lang='lat' dir='ltr'><strong>FAVSTO.</strong></span> 
     </span>
    </p>
   </div>
   <div class='ocr_carea' id='block_1_6' title="bbox 165 2533 1854 3479">
    <p class='ocr_par' dir='ltr' id='par_1_7' title="bbox 165 2533 1854 3479">
     <span class='ocr_line' id='line_1_15' title="bbox 273 2533 1851 2649; baseline 0.002 -24"><span class='ocrx_word' id='word_1_127' title='bbox 273 2533 320 2627; x_wconf 79' lang='lat' dir='ltr'>In</span> <span class='ocrx_word' id='word_1_128' title='bbox 343 2560 537 2627; x_wconf 84' lang='lat' dir='ltr'>adaerandis</span> <span class='ocrx_word' id='word_1_129' title='bbox 560 2563 676 2648; x_wconf 88' lang='lat' dir='ltr'>quibua</span> <span class='ocrx_word' id='word_1_130' title='bbox 701 2584 794 2627; x_wconf 89' lang='lat' dir='ltr'>suum</span> <span class='ocrx_word' id='word_1_131' title='bbox 818 2585 881 2627; x_wconf 93' lang='lat' dir='ltr'>non</span> <span class='ocrx_word' id='word_1_132' title='bbox 905 2563 1048 2649; x_wconf 89' lang='lat' dir='ltr'>denegat</span> <span class='ocrx_word' id='word_1_133' title='bbox 1070 2564 1226 2627; x_wconf 91' lang='lat' dir='ltr'>honestas</span> <span class='ocrx_word' id='word_1_134' title='bbox 1249 2564 1348 2648; x_wconf 89' lang='lat' dir='ltr'>plena</span> <span class='ocrx_word' id='word_1_135' title='bbox 1364 2563 1565 2648; x_wconf 83' lang='lat' dir='ltr'>suffragium,</span> <span class='ocrx_word' id='word_1_136' title='bbox 1588 2561 1851 2647; x_wconf 90' lang='lat' dir='ltr'>multiplicibusl</span> 
     </span>
     <span class='ocr_line' id='line_1_16' title="bbox 166 2664 1822 2753; baseline -0.001 -22"><span class='ocrx_word' id='word_1_137' title='bbox 166 2687 230 2731; x_wconf 92' lang='lat' dir='ltr'>nou</span> <span class='ocrx_word' id='word_1_138' title='bbox 253 2673 329 2730; x_wconf 90' lang='lat' dir='ltr'>utor</span> <span class='ocrx_word' id='word_1_139' title='bbox 357 2664 534 2749; x_wconf 90' lang='lat' dir='ltr'>adloquiis,</span> <span class='ocrx_word' id='word_1_140' title='bbox 563 2687 604 2729; x_wconf 91' lang='lat' dir='ltr'>ne</span> <span class='ocrx_word' id='word_1_141' title='bbox 627 2667 773 2751; x_wconf 88' lang='lat' dir='ltr'>prolixus</span> <span class='ocrx_word' id='word_1_142' title='bbox 797 2688 904 2731; x_wconf 90' lang='lat' dir='ltr'>sermo</span> <span class='ocrx_word' id='word_1_143' title='bbox 928 2673 1095 2753; x_wconf 87' lang='lat' dir='ltr'>tamquam</span> <span class='ocrx_word' id='word_1_144' title='bbox 1120 2689 1139 2731; x_wconf 87' lang='lat' dir='ltr'>a</span> <span class='ocrx_word' id='word_1_145' title='bbox 1162 2673 1322 2751; x_wconf 91' lang='lat' dir='ltr'>negaturo</span> <span class='ocrx_word' id='word_1_146' title='bbox 1346 2665 1496 2731; x_wconf 88' lang='lat' dir='ltr'>videatur</span> <span class='ocrx_word' id='word_1_147' title='bbox 1517 2666 1697 2751; x_wconf 87' lang='lat' dir='ltr'>inpetrasse</span> <span class='ocrx_word' id='word_1_148' title='bbox 1721 2665 1822 2730; x_wconf 90' lang='lat' dir='ltr'>bene·</span> 
     </span>
     <span class='ocr_line' id='line_1_17' title="bbox 165 2769 1823 2858; baseline -0.001 -25"><span class='ocrx_word' id='word_1_149' title='bbox 165 2770 282 2834; x_wconf 88' lang='lat' dir='ltr'>ficium.</span> <span class='ocrx_word' id='word_1_150' title='bbox 329 2769 442 2834; x_wconf 89' lang='lat' dir='ltr'>soletis</span> <span class='ocrx_word' id='word_1_151' title='bbox 466 2769 564 2850; x_wconf 88' lang='lat' dir='ltr'>enim,</span> <span class='ocrx_word' id='word_1_152' title='bbox 587 2792 670 2855; x_wconf 87' lang='lat' dir='ltr'>quae</span> <span class='ocrx_word' id='word_1_153' title='bbox 695 2770 861 2857; x_wconf 87' lang='lat' dir='ltr'>poscenda</span> <span class='ocrx_word' id='word_1_154' title='bbox 884 2777 969 2848; x_wconf 87' lang='lat' dir='ltr'>sunt,</span> <span class='ocrx_word' id='word_1_155' title='bbox 993 2771 1148 2858; x_wconf 88' lang='lat' dir='ltr'>precibus</span> <span class='ocrx_word' id='word_1_156' title='bbox 1165 2770 1340 2834; x_wconf 85' lang='lat' dir='ltr'>anteferre.</span> <span class='ocrx_word' id='word_1_157' title='bbox 1386 2769 1427 2834; x_wconf 92' lang='lat' dir='ltr'>ad</span> <span class='ocrx_word' id='word_1_158' title='bbox 1451 2769 1623 2833; x_wconf 90' lang='lat' dir='ltr'>sublimem</span> <span class='ocrx_word' id='word_1_159' title='bbox 1648 2775 1681 2832; x_wconf 94' lang='lat' dir='ltr'>et</span> <span class='ocrx_word' id='word_1_160' title='bbox 1698 2769 1823 2854; x_wconf 84' lang='lat' dir='ltr'>magni-</span> 
     </span>
     <span class='ocr_line' id='line_1_18' title="bbox 167 2869 1824 2960; baseline 0.001 -25"><span class='ocrx_word' id='word_1_161' title='bbox 167 2872 261 2936; x_wconf 85' lang='lat' dir='ltr'>ficum</span> <span class='ocrx_word' id='word_1_162' title='bbox 279 2872 384 2937; x_wconf 86' lang='lat' dir='ltr'>virum</span> <span class='ocrx_word' id='word_1_163' title='bbox 400 2872 585 2960; x_wconf 90' lang='lat' dir='ltr'>Opilionem</span> <span class='ocrx_word' id='word_1_164' title='bbox 603 2880 756 2958; x_wconf 89' lang='lat' dir='ltr'>parentes</span> <span class='ocrx_word' id='word_1_165' title='bbox 773 2875 844 2939; x_wconf 89' lang='lat' dir='ltr'>eiua</span> <span class='ocrx_word' id='word_1_166' title='bbox 867 2875 899 2939; x_wconf 91' lang='lat' dir='ltr'>in</span> <span class='ocrx_word' id='word_1_167' title='bbox 916 2869 1029 2939; x_wconf 80' lang='grc'>4144404</span> <span class='ocrx_word' id='word_1_168' title='bbox 1051 2875 1268 2939; x_wconf 87' lang='lat' dir='ltr'>consistentes</span> <span class='ocrx_word' id='word_1_169' title='bbox 1292 2872 1483 2938; x_wconf 82' lang='lat' dir='ltr'>direxerunt</span> <span class='ocrx_word' id='word_1_170' title='bbox 1507 2879 1630 2936; x_wconf 90' lang='lat' dir='ltr'>certam</span> <span class='ocrx_word' id='word_1_171' title='bbox 1653 2871 1824 2956; x_wconf 90' lang='lat' dir='ltr'>diligentia</span> 
     </span>
     <span class='ocr_line' id='line_1_19' title="bbox 165 2974 1823 3062; baseline 0.002 -25"><span class='ocrx_word' id='word_1_172' title='bbox 165 2974 345 3059; x_wconf 89' lang='lat' dir='ltr'>inspirante</span> <span class='ocrx_word' id='word_1_173' title='bbox 377 2996 569 3062; x_wconf 64' lang='lat' dir='ltr'>personam</span> <span class='ocrx_word' id='word_1_174' title='bbox 605 2996 669 3060; x_wconf 91' lang='lat' dir='ltr'>qua</span> <span class='ocrx_word' id='word_1_175' title='bbox 696 2974 737 3038; x_wconf 89' lang='lat' dir='ltr'>ad</span> <span class='ocrx_word' id='word_1_176' title='bbox 769 2977 911 3060; x_wconf 85' lang='lat' dir='ltr'>patrium</span> <span class='ocrx_word' id='word_1_177' title='bbox 945 2978 1049 3041; x_wconf 87' lang='lat' dir='ltr'>solum</span> <span class='ocrx_word' id='word_1_178' title='bbox 1083 2984 1252 3042; x_wconf 86' lang='lat' dir='ltr'>remeante</span> <span class='ocrx_word' id='word_1_179' title='bbox 1280 2977 1341 3041; x_wconf 91' lang='lat' dir='ltr'>hoo</span> <span class='ocrx_word' id='word_1_180' title='bbox 1373 2977 1453 3040; x_wconf 89' lang='lat' dir='ltr'>mihi</span> <span class='ocrx_word' id='word_1_181' title='bbox 1484 2976 1627 3040; x_wconf 91' lang='lat' dir='ltr'>muneris</span> <span class='ocrx_word' id='word_1_182' title='bbox 1657 2976 1823 3061; x_wconf 86' lang='lat' dir='ltr'>praelatus</span> 
     </span>
     <span class='ocr_line' id='line_1_20' title="bbox 167 3077 1826 3166; baseline 0.001 -26"><span class='ocrx_word' id='word_1_183' title='bbox 167 3077 316 3156; x_wconf 79' lang='lat' dir='ltr'>iniunxit,</span> <span class='ocrx_word' id='word_1_184' title='bbox 340 3084 376 3141; x_wconf 90' lang='lat' dir='ltr'>ut</span> <span class='ocrx_word' id='word_1_185' title='bbox 399 3078 440 3142; x_wconf 90' lang='lat' dir='ltr'>ad</span> <span class='ocrx_word' id='word_1_186' title='bbox 463 3079 673 3163; x_wconf 87' lang='lat' dir='ltr'>magnificum</span> <span class='ocrx_word' id='word_1_187' title='bbox 689 3079 793 3142; x_wconf 87' lang='lat' dir='ltr'>virum</span> <span class='ocrx_word' id='word_1_188' title='bbox 809 3078 989 3164; x_wconf 86' lang='lat' dir='ltr'>Agnellum</span> <span class='ocrx_word' id='word_1_189' title='bbox 1012 3103 1072 3166; x_wconf 92' lang='lat' dir='ltr'>pro</span> <span class='ocrx_word' id='word_1_190' title='bbox 1096 3080 1378 3145; x_wconf 88' lang='lat' dir='ltr'>commendatione</span> <span class='ocrx_word' id='word_1_191' title='bbox 1402 3101 1533 3144; x_wconf 91' lang='lat' dir='ltr'>suorum</span> <span class='ocrx_word' id='word_1_192' title='bbox 1555 3080 1682 3144; x_wconf 88' lang='lat' dir='ltr'>avobis</span> <span class='ocrx_word' id='word_1_193' title='bbox 1705 3079 1826 3165; x_wconf 90' lang='lat' dir='ltr'>scripta</span> 
     </span>
     <span class='ocr_line' id='line_1_21' title="bbox 166 3181 1854 3269; baseline 0.003 -27"><span class='ocrx_word' id='word_1_194' title='bbox 166 3187 338 3244; x_wconf 89' lang='lat' dir='ltr'>mereatur.</span> <span class='ocrx_word' id='word_1_195' title='bbox 376 3202 474 3267; x_wconf 88' lang='lat' dir='ltr'>quam</span> <span class='ocrx_word' id='word_1_196' title='bbox 490 3203 570 3262; x_wconf 90' lang='lat' dir='ltr'>rem,</span> <span class='ocrx_word' id='word_1_197' title='bbox 593 3181 851 3248; x_wconf 90' lang='lat' dir='ltr'>emendatissimi</span> <span class='ocrx_word' id='word_1_198' title='bbox 866 3183 1044 3260; x_wconf 89' lang='lat' dir='ltr'>hominum,</span> <span class='ocrx_word' id='word_1_199' title='bbox 1067 3205 1132 3248; x_wconf 91' lang='lat' dir='ltr'>non</span> <span class='ocrx_word' id='word_1_200' title='bbox 1149 3184 1321 3269; x_wconf 85' lang='lat' dir='ltr'>negabitis,</span> <span class='ocrx_word' id='word_1_201' title='bbox 1346 3205 1410 3248; x_wconf 92' lang='lat' dir='ltr'>non</span> <span class='ocrx_word' id='word_1_202' title='bbox 1427 3184 1572 3248; x_wconf 92' lang='lat' dir='ltr'>contenti</span> <span class='ocrx_word' id='word_1_203' title='bbox 1588 3181 1854 3268; x_wconf 65' lang='lat' dir='ltr'>benignitatem</span> 
     </span>
     <span class='ocr_line' id='line_1_22' title="bbox 166 3284 1822 3372; baseline 0.002 -25"><span class='ocrx_word' id='word_1_204' title='bbox 166 3291 309 3348; x_wconf 84' lang='lat' dir='ltr'>vestram</span> <span class='ocrx_word' id='word_1_205' title='bbox 333 3285 420 3350; x_wconf 90' lang='lat' dir='ltr'>solos</span> <span class='ocrx_word' id='word_1_206' title='bbox 445 3285 477 3349; x_wconf 93' lang='lat' dir='ltr'>in</span> <span class='ocrx_word' id='word_1_207' title='bbox 500 3284 598 3350; x_wconf 91' lang='lat' dir='ltr'>Italia</span> <span class='ocrx_word' id='word_1_208' title='bbox 621 3287 746 3372; x_wconf 90' lang='lat' dir='ltr'>positos</span> <span class='ocrx_word' id='word_1_209' title='bbox 770 3286 953 3370; x_wconf 83' lang='lat' dir='ltr'>agnovisse.</span> <span class='ocrx_word' id='word_1_210' title='bbox 999 3309 1084 3352; x_wconf 93' lang='lat' dir='ltr'>nunc</span> <span class='ocrx_word' id='word_1_211' title='bbox 1108 3287 1267 3372; x_wconf 90' lang='lat' dir='ltr'>obsequia</span> <span class='ocrx_word' id='word_1_212' title='bbox 1288 3309 1362 3351; x_wconf 85' lang='lat' dir='ltr'>mea</span> <span class='ocrx_word' id='word_1_213' title='bbox 1384 3287 1503 3352; x_wconf 90' lang='lat' dir='ltr'>litteris</span> <span class='ocrx_word' id='word_1_214' title='bbox 1525 3285 1665 3352; x_wconf 90' lang='lat' dir='ltr'>reddens</span> <span class='ocrx_word' id='word_1_215' title='bbox 1690 3308 1822 3351; x_wconf 85' lang='lat' dir='ltr'>causam</span> 
     </span>
     <span class='ocr_line' id='line_1_23' title="bbox 170 3387 1714 3479; baseline 0.003 -27"><span class='ocrx_word' id='word_1_216' title='bbox 170 3387 355 3474; x_wconf 86' lang='lat' dir='ltr'>scriptionis</span> <span class='ocrx_word' id='word_1_217' title='bbox 377 3389 551 3455; x_wconf 83' lang='lat' dir='ltr'>verborum</span> <span class='ocrx_word' id='word_1_218' title='bbox 576 3389 766 3476; x_wconf 90' lang='lat' dir='ltr'>conpendiis</span> <span class='ocrx_word' id='word_1_219' title='bbox 790 3390 939 3456; x_wconf 88' lang='lat' dir='ltr'>indicavi.</span> <span class='ocrx_word' id='word_1_220' title='bbox 984 3412 1041 3455; x_wconf 85' lang='lat' dir='ltr'>vos</span> <span class='ocrx_word' id='word_1_221' title='bbox 1065 3391 1186 3457; x_wconf 91' lang='lat' dir='ltr'>dicenti</span> <span class='ocrx_word' id='word_1_222' title='bbox 1209 3413 1315 3479; x_wconf 92' lang='lat' dir='ltr'>pauca</span> <span class='ocrx_word' id='word_1_223' title='bbox 1337 3397 1504 3477; x_wconf 91' lang='lat' dir='ltr'>praestate</span> <span class='ocrx_word' id='word_1_224' title='bbox 1527 3390 1714 3477; x_wconf 87' lang='lat' dir='ltr'>praecipua.</span> 
     </span>
    </p>
   </div>
   <div class='ocr_carea' id='block_1_7' title="bbox 711 3698 1283 3970">
    <p class='ocr_par' dir='ltr' id='par_1_8' title="bbox 711 3698 1283 3970">
     <span class='ocr_line' id='line_1_24' title="bbox 827 3698 1165 3785; baseline -0.003 -18"><span class='ocrx_word' id='word_1_225' title='bbox 827 3698 902 3767; x_wconf 75' lang='lat' dir='ltr'>cul</span> <span class='ocrx_word' id='word_1_226' title='bbox 925 3700 1033 3785; x_wconf 83' lang='grc'>(44444.</span> <span class='ocrx_word' id='word_1_227' title='bbox 1052 3705 1081 3779; x_wconf 90' lang='grc'>4,</span> <span class='ocrx_word' id='word_1_228' title='bbox 1101 3698 1165 3784; x_wconf 80' lang='grc'>19).</span> 
     </span>
     <span class='ocr_line' id='line_1_25' title="bbox 711 3895 1283 3970; baseline 0 -2"><span class='ocrx_word' id='word_1_229' title='bbox 711 3895 949 3970; x_wconf 86' lang='lat' dir='ltr'><strong>ENNODIVS</strong></span> <span class='ocrx_word' id='word_1_230' title='bbox 976 3895 1283 3970; x_wconf 82' lang='lat' dir='ltr'>APOLLlNARI.</span> 
     </span>
    </p>
   </div>
   <div class='ocr_carea' id='block_1_8' title="bbox 168 4043 1858 4990">
    <p class='ocr_par' dir='ltr' id='par_1_9' title="bbox 168 4043 1858 4990">
     <span class='ocr_line' id='line_1_26' title="bbox 279 4043 1854 4157; baseline -0.001 -22"><span class='ocrx_word' id='word_1_231' title='bbox 279 4043 320 4134; x_wconf 84' lang='grc' dir='ltr'>Ρ</span> <span class='ocrx_word' id='word_1_232' title='bbox 323 4071 510 4136; x_wconf 87' lang='lat' dir='ltr'>reducendo</span> <span class='ocrx_word' id='word_1_233' title='bbox 546 4073 635 4136; x_wconf 88' lang='lat' dir='ltr'>circa</span> <span class='ocrx_word' id='word_1_234' title='bbox 666 4079 832 4138; x_wconf 90' lang='lat' dir='ltr'>amantem</span> <span class='ocrx_word' id='word_1_235' title='bbox 861 4076 960 4140; x_wconf 86' lang='lat' dir='ltr'>vestri</span> <span class='ocrx_word' id='word_1_236' title='bbox 992 4075 1122 4139; x_wconf 88' lang='lat' dir='ltr'>silentia</span> <span class='ocrx_word' id='word_1_237' title='bbox 1153 4073 1195 4138; x_wconf 87' lang='lat' dir='ltr'>ad</span> <span class='ocrx_word' id='word_1_238' title='bbox 1227 4073 1410 4138; x_wconf 84' lang='lat' dir='ltr'>absentiam</span> <span class='ocrx_word' id='word_1_239' title='bbox 1446 4071 1649 4157; x_wconf 90' lang='lat' dir='ltr'>corporalem</span> <span class='ocrx_word' id='word_1_240' title='bbox 1683 4072 1854 4134; x_wconf 86' lang='lat' dir='ltr'>animuml</span> 
     </span>
     <span class='ocr_line' id='line_1_27' title="bbox 168 4174 1825 4263; baseline -0.004 -17"><span class='ocrx_word' id='word_1_241' title='bbox 168 4175 409 4246; x_wconf 77' lang='lat' dir='ltr'>transmisistis:</span> <span class='ocrx_word' id='word_1_242' title='bbox 437 4174 611 4240; x_wconf 80' lang='lat' dir='ltr'>retinendo</span> <span class='ocrx_word' id='word_1_243' title='bbox 635 4176 774 4262; x_wconf 78' lang='lat' dir='ltr'>paginas</span> <span class='ocrx_word' id='word_1_244' title='bbox 796 4177 831 4242; x_wconf 92' lang='lat' dir='ltr'>ln</span> <span class='ocrx_word' id='word_1_245' title='bbox 854 4177 1037 4244; x_wconf 87' lang='lat' dir='ltr'>inmensum</span> <span class='ocrx_word' id='word_1_246' title='bbox 1061 4178 1165 4244; x_wconf 81' lang='lat' dir='ltr'>creuit</span> <span class='ocrx_word' id='word_1_247' title='bbox 1187 4199 1271 4263; x_wconf 90' lang='lat' dir='ltr'>quac</span> <span class='ocrx_word' id='word_1_248' title='bbox 1294 4177 1453 4242; x_wconf 90' lang='lat' dir='ltr'>hactenus</span> <span class='ocrx_word' id='word_1_249' title='bbox 1476 4175 1593 4240; x_wconf 88' lang='lat' dir='ltr'>divisio</span> <span class='ocrx_word' id='word_1_250' title='bbox 1615 4175 1660 4238; x_wconf 92' lang='lat' dir='ltr'>nil</span> <span class='ocrx_word' id='word_1_251' title='bbox 1683 4174 1825 4240; x_wconf 86' lang='lat' dir='ltr'>valebat.</span> 
     </span>
     <span class='ocr_line' id='line_1_28' title="bbox 170 4277 1825 4367; baseline -0.003 -21"><span class='ocrx_word' id='word_1_252' title='bbox 170 4303 221 4346; x_wconf 87' lang='lat' dir='ltr'>res</span> <span class='ocrx_word' id='word_1_253' title='bbox 253 4301 293 4347; x_wconf 90' lang='lat' dir='ltr'>eo</span> <span class='ocrx_word' id='word_1_254' title='bbox 325 4278 421 4346; x_wconf 88' lang='lat' dir='ltr'>rediit</span> <span class='ocrx_word' id='word_1_255' title='bbox 453 4301 514 4367; x_wconf 90' lang='lat' dir='ltr'>per</span> <span class='ocrx_word' id='word_1_256' title='bbox 543 4280 775 4345; x_wconf 86' lang='lat' dir='ltr'>abstinentiam</span> <span class='ocrx_word' id='word_1_257' title='bbox 806 4282 1021 4366; x_wconf 89' lang='lat' dir='ltr'>tabellarum,</span> <span class='ocrx_word' id='word_1_258' title='bbox 1053 4289 1090 4347; x_wconf 91' lang='lat' dir='ltr'>ut</span> <span class='ocrx_word' id='word_1_259' title='bbox 1116 4283 1236 4350; x_wconf 83' lang='lat' dir='ltr'>veteris</span> <span class='ocrx_word' id='word_1_260' title='bbox 1266 4281 1340 4346; x_wconf 84' lang='lat' dir='ltr'>aevi</span> <span class='ocrx_word' id='word_1_261' title='bbox 1371 4278 1577 4366; x_wconf 87' lang='lat' dir='ltr'>providentia</span> <span class='ocrx_word' id='word_1_262' title='bbox 1605 4277 1752 4344; x_wconf 88' lang='lat' dir='ltr'>conferat</span> <span class='ocrx_word' id='word_1_263' title='bbox 1780 4279 1825 4341; x_wconf 90' lang='lat' dir='ltr'>nil</span> 
     </span>
     <span class='ocr_line' id='line_1_29' title="bbox 170 4382 1826 4471; baseline -0.004 -21"><span class='ocrx_word' id='word_1_264' title='bbox 170 4385 282 4450; x_wconf 89' lang='lat' dir='ltr'>amori.</span> <span class='ocrx_word' id='word_1_265' title='bbox 327 4384 481 4449; x_wconf 87' lang='lat' dir='ltr'>rsuciacit</span> <span class='ocrx_word' id='word_1_266' title='bbox 510 4384 646 4465; x_wconf 88' lang='lat' dir='ltr'>caritas,</span> <span class='ocrx_word' id='word_1_267' title='bbox 682 4406 777 4469; x_wconf 89' lang='lat' dir='ltr'>quam</span> <span class='ocrx_word' id='word_1_268' title='bbox 807 4386 980 4451; x_wconf 81' lang='lat' dir='ltr'>verbomm</span> <span class='ocrx_word' id='word_1_269' title='bbox 1010 4407 1127 4452; x_wconf 89' lang='lat' dir='ltr'>avarus</span> <span class='ocrx_word' id='word_1_270' title='bbox 1158 4386 1295 4471; x_wconf 88' lang='lat' dir='ltr'>despicit</span> <span class='ocrx_word' id='word_1_271' title='bbox 1317 4383 1492 4455; x_wconf 83' lang='lat' dir='ltr'>ventilare;</span> <span class='ocrx_word' id='word_1_272' title='bbox 1523 4383 1592 4446; x_wconf 85' lang='lat' dir='ltr'>sine</span> <span class='ocrx_word' id='word_1_273' title='bbox 1621 4382 1748 4446; x_wconf 90' lang='lat' dir='ltr'>cultura</span> <span class='ocrx_word' id='word_1_274' title='bbox 1775 4387 1826 4446; x_wconf 91' lang='lat' dir='ltr'>est</span> 
     </span>
     <span class='ocr_line' id='line_1_30' title="bbox 169 4485 1825 4577; baseline -0.002 -25"><span class='ocrx_word' id='word_1_275' title='bbox 169 4487 342 4574; x_wconf 88' lang='lat' dir='ltr'>diligentia</span> <span class='ocrx_word' id='word_1_276' title='bbox 369 4487 402 4552; x_wconf 92' lang='lat' dir='ltr'>in</span> <span class='ocrx_word' id='word_1_277' title='bbox 429 4509 523 4552; x_wconf 86' lang='lat' dir='ltr'>usum</span> <span class='ocrx_word' id='word_1_278' title='bbox 555 4509 620 4553; x_wconf 91' lang='lat' dir='ltr'>non</span> <span class='ocrx_word' id='word_1_279' title='bbox 651 4487 787 4553; x_wconf 88' lang='lat' dir='ltr'>reducta</span> <span class='ocrx_word' id='word_1_280' title='bbox 816 4511 876 4576; x_wconf 93' lang='lat' dir='ltr'>per</span> <span class='ocrx_word' id='word_1_281' title='bbox 904 4491 1051 4577; x_wconf 79' lang='lat' dir='ltr'>paginas,</span> <span class='ocrx_word' id='word_1_282' title='bbox 1103 4489 1168 4554; x_wconf 91' lang='lat' dir='ltr'>stili</span> <span class='ocrx_word' id='word_1_283' title='bbox 1198 4488 1384 4573; x_wconf 83' lang='lat' dir='ltr'>frequentia</span> <span class='ocrx_word' id='word_1_284' title='bbox 1410 4487 1512 4550; x_wconf 77' lang='lat' dir='ltr'>vivaci</span> <span class='ocrx_word' id='word_1_285' title='bbox 1539 4485 1660 4574; x_wconf 90' lang='lat' dir='ltr'>pabulo</span> <span class='ocrx_word' id='word_1_286' title='bbox 1694 4485 1825 4549; x_wconf 86' lang='lat' dir='ltr'>insitam</span> 
     </span>
     <span class='ocr_line' id='line_1_31' title="bbox 169 4589 1858 4680; baseline -0.001 -24"><span class='ocrx_word' id='word_1_287' title='bbox 169 4591 358 4680; x_wconf 90' lang='lat' dir='ltr'>pectoribus</span> <span class='ocrx_word' id='word_1_288' title='bbox 385 4591 488 4656; x_wconf 88' lang='lat' dir='ltr'>nutrit</span> <span class='ocrx_word' id='word_1_289' title='bbox 516 4591 702 4657; x_wconf 87' lang='lat' dir='ltr'>amicitiam.</span> <span class='ocrx_word' id='word_1_290' title='bbox 747 4591 891 4668; x_wconf 84' lang='lat' dir='ltr'>facilius,</span> <span class='ocrx_word' id='word_1_291' title='bbox 918 4593 1029 4672; x_wconf 85' lang='grc'>144444,</span> <span class='ocrx_word' id='word_1_292' title='bbox 1057 4592 1163 4657; x_wconf 87' lang='lat' dir='ltr'>fuerat</span> <span class='ocrx_word' id='word_1_293' title='bbox 1191 4592 1360 4657; x_wconf 89' lang='lat' dir='ltr'>desideriis</span> <span class='ocrx_word' id='word_1_294' title='bbox 1391 4591 1471 4655; x_wconf 89' lang='lat' dir='ltr'>meis</span> <span class='ocrx_word' id='word_1_295' title='bbox 1499 4595 1533 4654; x_wconf 89' lang='lat' dir='ltr'>te</span> <span class='ocrx_word' id='word_1_296' title='bbox 1562 4589 1652 4653; x_wconf 91' lang='lat' dir='ltr'>nullo</span> <span class='ocrx_word' id='word_1_297' title='bbox 1681 4593 1858 4676; x_wconf 66' lang='lat' dir='ltr'>temporat</span> 
     </span>
     <span class='ocr_line' id='line_1_32' title="bbox 170 4693 1826 4783; baseline -0.002 -23"><span class='ocrx_word' id='word_1_298' title='bbox 170 4697 279 4783; x_wconf 86' lang='lat' dir='ltr'>cupita</span> <span class='ocrx_word' id='word_1_299' title='bbox 301 4695 457 4760; x_wconf 88' lang='lat' dir='ltr'>tribuisse</span> <span class='ocrx_word' id='word_1_300' title='bbox 481 4717 577 4781; x_wconf 87' lang='lat' dir='ltr'>quam</span> <span class='ocrx_word' id='word_1_301' title='bbox 603 4717 702 4782; x_wconf 90' lang='lat' dir='ltr'>saepe</span> <span class='ocrx_word' id='word_1_302' title='bbox 726 4696 852 4761; x_wconf 90' lang='lat' dir='ltr'>indulta</span> <span class='ocrx_word' id='word_1_303' title='bbox 874 4697 1079 4776; x_wconf 88' lang='lat' dir='ltr'>subtrahere,</span> <span class='ocrx_word' id='word_1_304' title='bbox 1105 4699 1180 4782; x_wconf 91' lang='lat' dir='ltr'>quia</span> <span class='ocrx_word' id='word_1_305' title='bbox 1203 4697 1305 4761; x_wconf 88' lang='lat' dir='ltr'>otium</span> <span class='ocrx_word' id='word_1_306' title='bbox 1330 4693 1428 4759; x_wconf 88' lang='lat' dir='ltr'>corda</span> <span class='ocrx_word' id='word_1_307' title='bbox 1450 4693 1615 4766; x_wconf 85' lang='lat' dir='ltr'>nesciunt,</span> <span class='ocrx_word' id='word_1_308' title='bbox 1638 4714 1722 4778; x_wconf 89' lang='lat' dir='ltr'>quae</span> <span class='ocrx_word' id='word_1_309' title='bbox 1746 4693 1826 4756; x_wconf 90' lang='lat' dir='ltr'>cibis</span> 
     </span>
     <span class='ocr_line' id='line_1_33' title="bbox 170 4797 1824 4887; baseline -0.002 -23"><span class='ocrx_word' id='word_1_310' title='bbox 170 4799 319 4864; x_wconf 90' lang='lat' dir='ltr'>dulcibus</span> <span class='ocrx_word' id='word_1_311' title='bbox 354 4807 466 4886; x_wconf 88' lang='lat' dir='ltr'>pastor</span> <span class='ocrx_word' id='word_1_312' title='bbox 498 4801 619 4866; x_wconf 82' lang='lat' dir='ltr'>artilex</span> <span class='ocrx_word' id='word_1_313' title='bbox 653 4801 803 4867; x_wconf 84' lang='lat' dir='ltr'>incitasti.</span> <span class='ocrx_word' id='word_1_314' title='bbox 861 4802 1028 4886; x_wconf 89' lang='lat' dir='ltr'>aliquanto</span> <span class='ocrx_word' id='word_1_315' title='bbox 1064 4802 1149 4866; x_wconf 90' lang='lat' dir='ltr'>enim</span> <span class='ocrx_word' id='word_1_316' title='bbox 1184 4808 1332 4887; x_wconf 88' lang='lat' dir='ltr'>tempore</span> <span class='ocrx_word' id='word_1_317' title='bbox 1366 4797 1583 4863; x_wconf 87' lang='lat' dir='ltr'>continuando</span> <span class='ocrx_word' id='word_1_318' title='bbox 1617 4797 1824 4882; x_wconf 89' lang='lat' dir='ltr'>scriptionem</span> 
     </span>
     <span class='ocr_line' id='line_1_34' title="bbox 174 4900 1825 4990; baseline -0.002 -22"><span class='ocrx_word' id='word_1_319' title='bbox 174 4905 387 4990; x_wconf 90' lang='lat' dir='ltr'>inmemorem</span> <span class='ocrx_word' id='word_1_320' title='bbox 409 4923 462 4968; x_wconf 92' lang='lat' dir='ltr'>me</span> <span class='ocrx_word' id='word_1_321' title='bbox 486 4903 753 4988; x_wconf 87' lang='lat' dir='ltr'>sequestrationis</span> <span class='ocrx_word' id='word_1_322' title='bbox 777 4903 950 4986; x_wconf 83' lang='lat' dir='ltr'>effeceras,</span> <span class='ocrx_word' id='word_1_323' title='bbox 981 4902 1058 4969; x_wconf 89' lang='lat' dir='ltr'>dum</span> <span class='ocrx_word' id='word_1_324' title='bbox 1083 4904 1226 4990; x_wconf 80' lang='lat' dir='ltr'>effigiem</span> <span class='ocrx_word' id='word_1_325' title='bbox 1250 4902 1472 4969; x_wconf 82' lang='lat' dir='ltr'>uenerabilem</span> <span class='ocrx_word' id='word_1_326' title='bbox 1500 4901 1630 4989; x_wconf 89' lang='lat' dir='ltr'>placido</span> <span class='ocrx_word' id='word_1_327' title='bbox 1656 4900 1825 4965; x_wconf 89' lang='lat' dir='ltr'>inserebas</span> 
     </span>
    </p>
   </div>
   <div class='ocr_carea' id='block_1_9' title="bbox 171 5143 1827 5385">
    <p class='ocr_par' dir='ltr' id='par_1_10' title="bbox 171 5143 1827 5385">
     <span class='ocr_line' id='line_1_35' title="bbox 274 5143 1827 5216; baseline 0 -20"><span class='ocrx_word' id='word_1_328' title='bbox 274 5143 353 5213; x_wconf 86' lang='lat' dir='ltr'>[CIL]</span> <span class='ocrx_word' id='word_1_329' title='bbox 396 5144 523 5214; x_wconf 78' lang='lat' dir='ltr'>‘21ingua</span> <span class='ocrx_word' id='word_1_330' title='bbox 539 5164 595 5200; x_wconf 85' lang='lat' dir='ltr'>asse</span> <span class='ocrx_word' id='word_1_331' title='bbox 609 5147 667 5199; x_wconf 81' lang='grc' dir='ltr'>0Ρό</span> <span class='ocrx_word' id='word_1_332' title='bbox 804 5145 983 5201; x_wconf 83' lang='grc' dir='ltr'>540441444ουί4</span> <span class='ocrx_word' id='word_1_333' title='bbox 998 5148 1024 5198; x_wconf 87' lang='grc' dir='ltr'><em>Β</em></span> <span class='ocrx_word' id='word_1_334' title='bbox 1157 5146 1174 5199; x_wconf 89' lang='grc'><strong>6</strong></span> <span class='ocrx_word' id='word_1_335' title='bbox 1193 5149 1316 5216; x_wconf 85' lang='lat' dir='ltr'>promisit.</span> <span class='ocrx_word' id='word_1_336' title='bbox 1335 5147 1379 5198; x_wconf 85' lang='lat' dir='ltr'>ssd</span> <span class='ocrx_word' id='word_1_337' title='bbox 1398 5145 1426 5209; x_wconf 83' lang='lat'>0,</span> <span class='ocrx_word' id='word_1_338' title='bbox 1442 5144 1565 5212; x_wconf 79' lang='lat' dir='ltr'>promisit</span> <span class='ocrx_word' id='word_1_339' title='bbox 1585 5151 1611 5198; x_wconf 86' lang='lat' dir='ltr'>at</span> <span class='ocrx_word' id='word_1_340' title='bbox 1628 5161 1704 5210; x_wconf 81' lang='lat' dir='ltr'>prop.</span> <span class='ocrx_word' id='word_1_341' title='bbox 1723 5143 1827 5207; x_wconf 71' lang='lat' dir='ltr'>Horret,</span> 
     </span>
     <span class='ocr_line' id='line_1_36' title="bbox 171 5229 1827 5310; baseline -0.002 -26"><span class='ocrx_word' id='word_1_342' title='bbox 171 5233 240 5299; x_wconf 80' lang='lat' dir='ltr'>quod</span> <span class='ocrx_word' id='word_1_343' title='bbox 260 5232 320 5284; x_wconf 81' lang='lat' dir='ltr'>libri</span> <span class='ocrx_word' id='word_1_344' title='bbox 341 5233 500 5284; x_wconf 65' lang='lat' dir='ltr'>amasam</span> <span class='ocrx_word' id='word_1_345' title='bbox 521 5233 656 5284; x_wconf 78' lang='lat' dir='ltr'>relativum</span> <span class='ocrx_word' id='word_1_346' title='bbox 680 5235 749 5292; x_wconf 74' lang='lat' dir='ltr'>fatre</span> <span class='ocrx_word' id='word_1_347' title='bbox 772 5251 830 5286; x_wconf 84' lang='grc'>04444</span> <span class='ocrx_word' id='word_1_348' title='bbox 854 5235 1011 5286; x_wconf 68' lang='lat' dir='ltr'>comedenti</span> <span class='ocrx_word' id='word_1_349' title='bbox 1028 5235 1185 5300; x_wconf 71' lang='lat' dir='ltr'>coniungunt</span> <span class='ocrx_word' id='word_1_350' title='bbox 1308 5229 1414 5298; x_wconf 78' lang='lat' dir='ltr'>lquld]</span> <span class='ocrx_word' id='word_1_351' title='bbox 1432 5232 1501 5298; x_wconf 89' lang='lat' dir='ltr'>quod</span> <span class='ocrx_word' id='word_1_352' title='bbox 1521 5231 1580 5282; x_wconf 80' lang='lat' dir='ltr'>OPb</span> <span class='ocrx_word' id='word_1_353' title='bbox 1634 5307 1639 5310; x_wconf 34' lang='grc'>-</span> <span class='ocrx_word' id='word_1_354' title='bbox 1701 5229 1758 5282; x_wconf 90' lang='grc'>844</span> <span class='ocrx_word' id='word_1_355' title='bbox 1776 5231 1827 5282; x_wconf 83' lang='lat' dir='ltr'>dal.</span> 
     </span>
     <span class='ocr_line' id='line_1_37' title="bbox 172 5317 1667 5385; baseline 0 -16"><span class='ocrx_word' id='word_1_356' title='bbox 172 5318 320 5384; x_wconf 69' lang='lat' dir='ltr'>Petschenig</span> <span class='ocrx_word' id='word_1_357' title='bbox 389 5320 572 5372; x_wconf 83' lang='lat' dir='ltr'>diuinctiousm</span> <span class='ocrx_word' id='word_1_358' title='bbox 590 5319 688 5372; x_wconf 76' lang='lat' dir='ltr'>codices</span> <span class='ocrx_word' id='word_1_359' title='bbox 757 5323 901 5372; x_wconf 86' lang='lat' dir='ltr'>counanitis</span> <span class='ocrx_word' id='word_1_360' title='bbox 913 5321 1017 5385; x_wconf 81' lang='lat' dir='ltr'>Hortcl,</span> <span class='ocrx_word' id='word_1_361' title='bbox 1033 5322 1217 5373; x_wconf 83' lang='lat' dir='ltr'>conuenientes</span> <span class='ocrx_word' id='word_1_362' title='bbox 1235 5321 1295 5371; x_wconf 82' lang='lat' dir='ltr'>libri</span> <span class='ocrx_word' id='word_1_363' title='bbox 1402 5318 1435 5370; x_wconf 91' lang='lat'>10</span> <span class='ocrx_word' id='word_1_364' title='bbox 1453 5319 1555 5370; x_wconf 89' lang='lat' dir='ltr'>occului</span> <span class='ocrx_word' id='word_1_365' title='bbox 1573 5319 1630 5370; x_wconf 82' lang='lat' dir='ltr'>finit</span> <span class='ocrx_word' id='word_1_366' title='bbox 1642 5317 1667 5366; x_wconf 89' lang='lat' dir='ltr'><em>B</em></span> 
     </span>
    </p>
   </div>
   <div class='ocr_carea' id='block_1_10' title="bbox 171 5418 1832 5772">
    <p class='ocr_par' dir='ltr' id='par_1_11' title="bbox 173 5418 1828 5576">
     <span class='ocr_line' id='line_1_38' title="bbox 276 5418 1827 5490; baseline -0.003 -15"><span class='ocrx_word' id='word_1_367' title='bbox 276 5419 341 5490; x_wconf 79' lang='lat' dir='ltr'>[CL]</span> <span class='ocrx_word' id='word_1_368' title='bbox 385 5419 418 5473; x_wconf 84' lang='lat'>12</span> <span class='ocrx_word' id='word_1_369' title='bbox 436 5424 579 5476; x_wconf 80' lang='grc'>4444444444</span> <span class='ocrx_word' id='word_1_370' title='bbox 596 5422 621 5472; x_wconf 89' lang='lat' dir='ltr'><em>V</em></span> <span class='ocrx_word' id='word_1_371' title='bbox 760 5422 792 5474; x_wconf 92' lang='grc'>13</span> <span class='ocrx_word' id='word_1_372' title='bbox 809 5424 929 5489; x_wconf 86' lang='lat' dir='ltr'>alloquiis</span> <span class='ocrx_word' id='word_1_373' title='bbox 945 5423 970 5474; x_wconf 88' lang='lat' dir='ltr'><strong><em>V</em></strong></span> <span class='ocrx_word' id='word_1_374' title='bbox 1064 5424 1183 5474; x_wconf 85' lang='lat' dir='ltr'>uideatur</span> <span class='ocrx_word' id='word_1_375' title='bbox 1201 5425 1226 5486; x_wconf 78' lang='lat' dir='ltr'>(a</span> <span class='ocrx_word' id='word_1_376' title='bbox 1243 5440 1300 5489; x_wconf 72' lang='lat' dir='ltr'>arcp.</span> <span class='ocrx_word' id='word_1_377' title='bbox 1318 5423 1364 5475; x_wconf 81' lang='lat' dir='ltr'>lin.</span> <span class='ocrx_word' id='word_1_378' title='bbox 1382 5440 1414 5474; x_wconf 85' lang='grc'>44.</span> <span class='ocrx_word' id='word_1_379' title='bbox 1429 5423 1453 5486; x_wconf 87' lang='grc'>1)</span> <span class='ocrx_word' id='word_1_380' title='bbox 1466 5422 1491 5472; x_wconf 99' lang='grc' dir='ltr'><em>Β</em></span> <span class='ocrx_word' id='word_1_381' title='bbox 1630 5418 1662 5472; x_wconf 91' lang='grc'>14</span> <span class='ocrx_word' id='word_1_382' title='bbox 1679 5421 1766 5472; x_wconf 81' lang='lat' dir='ltr'>solitas</span> <span class='ocrx_word' id='word_1_383' title='bbox 1783 5420 1827 5471; x_wconf 66' lang='grc' dir='ltr'>Β41</span> 
     </span>
     <span class='ocr_line' id='line_1_39' title="bbox 173 5505 1828 5576; baseline -0.001 -17"><span class='ocrx_word' id='word_1_384' title='bbox 173 5505 205 5559; x_wconf 90' lang='grc'>15</span> <span class='ocrx_word' id='word_1_385' title='bbox 222 5509 367 5560; x_wconf 66' lang='lat' dir='ltr'>dimatant</span> <span class='ocrx_word' id='word_1_386' title='bbox 378 5508 404 5559; x_wconf 91' lang='lat' dir='ltr'><em>B</em></span> <span class='ocrx_word' id='word_1_387' title='bbox 499 5506 531 5560; x_wconf 78' lang='lat'>17</span> <span class='ocrx_word' id='word_1_388' title='bbox 549 5511 678 5562; x_wconf 81' lang='lat' dir='ltr'>iuiuucxit</span> <span class='ocrx_word' id='word_1_389' title='bbox 690 5510 715 5560; x_wconf 90' lang='lat' dir='ltr'><em>B</em></span> <span class='ocrx_word' id='word_1_390' title='bbox 776 5510 871 5562; x_wconf 89' lang='lat' dir='ltr'>scribta</span> <span class='ocrx_word' id='word_1_391' title='bbox 882 5509 908 5560; x_wconf 89' lang='grc' dir='ltr'><em>Β</em></span> <span class='ocrx_word' id='word_1_392' title='bbox 998 5507 1029 5560; x_wconf 86' lang='grc'>19</span> <span class='ocrx_word' id='word_1_393' title='bbox 1046 5511 1117 5561; x_wconf 87' lang='grc'>40144</span> <span class='ocrx_word' id='word_1_394' title='bbox 1129 5508 1206 5559; x_wconf 83' lang='lat' dir='ltr'>BVL</span> <span class='ocrx_word' id='word_1_395' title='bbox 1301 5507 1336 5559; x_wconf 80' lang='lat'>20</span> <span class='ocrx_word' id='word_1_396' title='bbox 1352 5509 1497 5560; x_wconf 81' lang='lat' dir='ltr'>acribtionis</span> <span class='ocrx_word' id='word_1_397' title='bbox 1509 5507 1534 5558; x_wconf 92' lang='lat' dir='ltr'><em>B</em></span> <span class='ocrx_word' id='word_1_398' title='bbox 1585 5508 1730 5576; x_wconf 80' lang='lat' dir='ltr'>praecipua</span> <span class='ocrx_word' id='word_1_399' title='bbox 1740 5507 1828 5560; x_wconf 76' lang='lat' dir='ltr'>uuita</span> 
     </span>
    </p>

    <p class='ocr_par' dir='ltr' id='par_1_12' title="bbox 171 5609 1832 5772">
     <span class='ocr_line' id='line_1_40' title="bbox 274 5609 1832 5680; baseline -0.003 -14"><span class='ocrx_word' id='word_1_400' title='bbox 274 5609 353 5680; x_wconf 86' lang='lat' dir='ltr'>[CLI]</span> <span class='ocrx_word' id='word_1_401' title='bbox 397 5611 431 5664; x_wconf 73' lang='lat'>22</span> <span class='ocrx_word' id='word_1_402' title='bbox 449 5614 529 5666; x_wconf 76' lang='lat' dir='ltr'>uacui</span> <span class='ocrx_word' id='word_1_403' title='bbox 554 5611 664 5679; x_wconf 84' lang='lat' dir='ltr'>silentia]</span> <span class='ocrx_word' id='word_1_404' title='bbox 694 5616 786 5670; x_wconf 77' lang='grc'>44444444</span> <span class='ocrx_word' id='word_1_405' title='bbox 813 5614 910 5668; x_wconf 79' lang='lat' dir='ltr'>laetitia</span> <span class='ocrx_word' id='word_1_406' title='bbox 927 5614 952 5664; x_wconf 93' lang='grc' dir='ltr'><em>Β</em></span> <span class='ocrx_word' id='word_1_407' title='bbox 1080 5612 1115 5666; x_wconf 82' lang='lat'>‘25</span> <span class='ocrx_word' id='word_1_408' title='bbox 1133 5614 1259 5666; x_wconf 83' lang='lat' dir='ltr'>ranciscat</span> <span class='ocrx_word' id='word_1_409' title='bbox 1275 5612 1309 5678; x_wconf 89' lang='lat' dir='ltr'>B,</span> <span class='ocrx_word' id='word_1_410' title='bbox 1341 5611 1466 5666; x_wconf 77' lang='lat' dir='ltr'>rmcsscic</span> <span class='ocrx_word' id='word_1_411' title='bbox 1489 5609 1586 5676; x_wconf 72' lang='lat' dir='ltr'>we,</span> <span class='ocrx_word' id='word_1_412' title='bbox 1617 5611 1741 5666; x_wconf 78' lang='grc'>4444004444</span> <span class='ocrx_word' id='word_1_413' title='bbox 1762 5609 1832 5662; x_wconf 68' lang='grc' dir='ltr'>ΙΛΤ</span> 
     </span>
     <span class='ocr_line' id='line_1_41' title="bbox 171 5696 1020 5772; baseline 0 -20"><span class='ocrx_word' id='word_1_414' title='bbox 171 5699 307 5772; x_wconf 85' lang='lat' dir='ltr'>dispicitB</span> <span class='ocrx_word' id='word_1_415' title='bbox 410 5696 445 5752; x_wconf 76' lang='grc'>29</span> <span class='ocrx_word' id='word_1_416' title='bbox 464 5699 628 5754; x_wconf 80' lang='lat' dir='ltr'>scribtioneru</span> <span class='ocrx_word' id='word_1_417' title='bbox 644 5698 669 5750; x_wconf 92' lang='lat' dir='ltr'><em>B</em></span> <span class='ocrx_word' id='word_1_418' title='bbox 772 5699 808 5753; x_wconf 82' lang='lat'>30</span> <span class='ocrx_word' id='word_1_419' title='bbox 825 5700 983 5754; x_wconf 80' lang='lat' dir='ltr'>uuersbilem</span> <span class='ocrx_word' id='word_1_420' title='bbox 995 5700 1020 5752; x_wconf 93' lang='grc' dir='ltr'><em>Β</em></span> 
     </span>
    </p>
   </div>
   <div class='ocr_carea' id='block_1_11' title="bbox 0 0 2316 6450">
    <p class='ocr_par' dir='ltr' id='par_1_13' title="bbox 0 0 2316 6450">
     <span class='ocr_line' id='line_1_42' title="bbox 0 0 2316 6450; baseline 0 0"><span class='ocrx_word' id='word_1_421' title='bbox 0 0 2316 6450; x_wconf 95' lang='lat' dir='ltr'> </span> 
     </span>
    </p>
   </div>
  </div>
 </body>
</html>
