4566 6532
119 3875 130 3913 ⁵

563 394 719 454 cccxxxl
737 395 861 467 (EPIS'I'.
880 395 904 464 7,
922 398 967 468 19)
986 428 1019 438 -
1037 396 1220 454 CCCXXXIV
1239 396 1362 468 OEPIST.
1375 400 1400 466 7,
1417 396 1471 469 20).
1780 406 1842 469 245

188 571 323 638 foribus.
368 569 401 636 in
425 571 584 636 matutina
606 573 679 638 luce
702 571 882 638 meridiano
903 573 1030 660 fulgore
1054 572 1205 640 rutilasti.
1241 580 1372 640 tueatm
1394 571 1537 640 circata
1560 575 1714 641 caelestis
1736 577 1874 663 gratia5

189 698 307 741 munus
342 695 437 739 suum
471 681 505 740 et
538 683 574 740 ut
607 675 832 762 frequentibus
866 683 1032 744 amantem
1066 677 1278 763 epistolarum
1313 679 1401 745 colas
1436 679 1573 760 muniis,
1608 680 1698 744 salus
1732 685 1845 746 nostra

189 782 339 848 Christus
362 781 509 868 inspiret.

760 1018 985 1090 cccxxxll
1007 1023 1114 1108 (annu.
1133 1026 1163 1104 2,
1181 1020 1268 1109 129).

522 1215 524 1218 ¹
555 1217 603 1290 IN
630 1217 889 1292 BASTERNA
915 1216 1097 1291 VXORIS
1124 1217 1260 1293 BASSI
1286 1217 1475 1293 VIOLAE.

554 1384 661 1458 Quam
684 1407 769 1472 vaga
792 1391 997 1451 constantem
1021 1385 1165 1450 retinent
1187 1385 1269 1451 haec
1294 1391 1383 1451 tecta
1405 1385 1574 1451 decorem!

601 1488 740 1554 Mittitur
762 1511 781 1554 a
804 1488 935 1554 domina
957 1487 1111 1576 quicquid
1136 1488 1260 1554 habent
1282 1490 1389 1576 pretii.

554 1591 637 1657 Nam
660 1594 773 1658 rutilat
795 1592 920 1658 fulvum
935 1592 1054 1659 Violae
1078 1593 1119 1658 de
1143 1593 1217 1658 luce
1241 1595 1425 1658 metallum:

600 1696 781 1762 Possessor
803 1696 912 1762 radios
936 1697 1062 1784 spargit
1084 1696 1208 1783 ubique
1232 1717 1319 1764 suos.

747 2038 994 2108 cccxxxln
1016 2038 1280 2128 (annu.2,130).
1308 2045 1314 2054 ⁴

738 2236 999 2312 EPITAFIVM
1036 2237 1290 2313 EVFEMIAE.

554 2404 672 2470 Obruit
695 2404 779 2470 haee
801 2406 957 2486 tumulos,
980 2405 1060 2471 vivit
1082 2413 1157 2493 post
1176 2407 1292 2472 funera
1314 2405 1422 2490 factis,

598 2507 691 2581 Quae
715 2507 853 2573 mortale
876 2507 958 2572 nihil
981 2507 1127 2574 moribus
1150 2510 1297 2575 inseruit.

552 2610 716 2694 Eufemia,
740 2617 814 2676 tuos
838 2612 936 2676 tellus
960 2612 1180 2699 conplectitur
1203 2619 1304 2693 artius,

600 2714 667 2781 Sed
689 2737 783 2781 mens
807 2722 858 2781 est
880 2715 987 2781 niveis
1010 2737 1108 2802 quam
1131 2716 1217 2782 bene
1241 2717 1352 2781 iuncta
1375 2716 1498 2782 choris!

482 2835 493 2872 ⁵
553 2819 683 2885 Occidit
706 2820 857 2886 exitium:
882 2842 953 2886 sors
976 2827 1054 2886 tunc
1077 2820 1252 2887 durissima
1275 2821 1386 2903 serait,

599 2923 683 2989 (lum
707 2929 842 3010 superat
863 2924 968 2989 fatum
991 2925 1104 2990 nescia
1126 2925 1195 2990 uita
1217 2925 1303 2990 mali.

551 3026 646 3094 Haec
670 3028 823 3093 thalamis
846 3027 987 3094 fecunda
1009 3028 1081 3110 fuit,
1105 3028 1240 3095 viduata
1260 3028 1391 3116 pudori:

597 3132 770 3220 Exemplis
793 3139 904 3198 natam
928 3131 1008 3198 fecit
1030 3153 1142 3198 amare
1165 3131 1274 3198 deum.

763 3473 997 3545 cccxxxlv
1020 3477 1132 3565 (srrsr.
1150 3483 1180 3560 7,
1197 3477 1263 3564 20).

776 3672 970 3746 MAXIMO
997 3671 1246 3749 ENNODIVS.

294 3816 397 3912 Dum
421 3849 548 3934 prelum
572 3848 686 3914 famuli
708 3850 856 3916 autumni
871 3849 948 3916 dote
965 3850 1157 3937 conplorent
1173 3855 1207 3915 et
1222 3857 1354 3916 teneras
1369 3870 1505 3914 uvarum
1522 3847 1652 3913 tunicas
1667 3850 1869 3934 properata1

185 3950 275 4016 calce
299 3950 550 4038 disrumperent,
575 3973 637 4038 ego
660 3952 701 4017 ad
725 3960 919 4040 summatem
939 3955 1044 4020 virum
1068 3959 1239 4040 parentem
1263 3954 1461 4040 fratremque
1484 3973 1594 4018 meum
1617 3958 1651 4017 et
1674 3951 1787 4016 oculos
1810 3956 1843 4014 et

184 4054 286 4119 v‘erba
316 4055 482 4137 revocavi,
514 4055 636 4120 iustum
665 4077 740 4122 esse
769 4058 952 4138 coniciens,
991 4056 1067 4121 dum
1096 4057 1208 4122 vineta
1235 4058 1371 4123 uberem
1399 4056 1548 4121 tribuunt
1577 4056 1753 4142 liquorem,
1789 4074 1842 4118 mc

186 4157 328 4222 sobriam
351 4157 472 4245 alloqui
495 4179 568 4223 oum
592 4159 735 4247 iucunda
757 4160 923 4226 hilaritate
947 4181 1132 4248 personam.
1180 4160 1270 4226 solve
1294 4181 1373 4246 ergo
1395 4159 1649 4246 Pythagoricam
1671 4157 1842 4223 taciturni-

185 4268 285 4326 tatem
320 4267 353 4327 et
386 4283 515 4327 mecum
548 4264 687 4350 peritiae
723 4271 756 4329 et
790 4265 962 4330 facundiae
997 4270 1074 4329 tuae
1109 4263 1196 4330 bona
1228 4263 1362 4350 partire.
1413 4264 1455 4328 sit
1486 4264 1572 4328 inter
1602 4283 1663 4326 nos
1697 4260 1843 4327 felicium

184 4365 420 4432 vindemiarum
451 4367 522 4431 vioe
559 4367 783 4454 conloquium,
819 4372 950 4432 currant
982 4365 1092 4432 dulcia
1121 4371 1229 4431 musta
1259 4387 1458 4432 sermonum.
1511 4365 1614 4432 babes
1649 4385 1734 4451 quae
1767 4382 1873 4444 eumq

183 4468 341 4552 diacono,
372 4471 595 4551 sanctissime,
627 4470 668 4538 de
697 4473 853 4537 institutis
883 4492 1008 4536 morum
1038 4476 1117 4535 nota
1146 4469 1276 4535 dicendi
1307 4469 1458 4535 ubertate
1488 4468 1721 4534 communices.
1765 4487 1840 4531 nam

182 4575 236 4659 qui
266 4575 505 4655 ecclesiastica,
539 4582 576 4639 ut
605 4596 680 4655 vos,
716 4574 880 4662 probitate
911 4574 1110 4655 subsistunt,
1145 4574 1269 4639 silentii
1297 4572 1384 4660 apud
1414 4573 1490 4638 illos
1521 4573 1609 4638 iusta
1636 4571 1750 4643 vitatio
1780 4577 1840 4636 est.

182 4675 311 4742 scribite
338 4698 402 4762 qua
430 4699 533 4743 aurea
562 4679 696 4747 castitas
733 4680 938 4745 districtione
970 4685 1133 4759 teneatur,
1167 4699 1226 4766 per
1255 4697 1353 4763 quem
1381 4676 1498 4742 callem
1527 4676 1672 4741 obscena
1697 4674 1842 4759 fugiatur

181 4781 331 4863 avaritia,
360 4782 607 4868 quibusmodis
631 4783 736 4867 turpis
759 4781 898 4850 fallendi
921 4783 1106 4848 declinetur
1128 4781 1323 4848 obscuritas.
1369 4781 1402 4845 in
1426 4801 1568 4864 summa,
1592 4781 1664 4846 sino
1687 4779 1840 4844 dissimu-

285 5073 548 5145 hinrpirat.flnitB

285 5176 471 5247 [cccxxxn]
507 5180 628 5232 uiolasB
694 5177 696 5182 ’
731 5197 755 5232 v.
775 5177 826 5233 2⁸
843 5177 954 5246 domina]
972 5180 1004 5232 ad
1022 5177 1108 5232 omnib
1118 5178 1170 5230 BL

285 5279 483 5350 [cccxxxm]
515 5301 540 5335 v.
554 5282 567 5334 l
581 5284 699 5336 tumulus
710 5283 816 5348 codices,
834 5302 880 5336 em.
894 5283 973 5336 Sirra
1026 5282 1138 5336 uiuetB
1224 5298 1249 5333 v.
1263 5277 1563 5347 doufymiallllltuusB
1650 5274 1841 5332 v.4neuoisB

180 5385 206 5421 r.
224 5367 241 5419 8
259 5370 335 5422 deum
350 5368 355 5435 Ι
370 5369 466 5422 fluitB

284 5468 481 5539 [CCCXXXIV]
508 5472 671 5524 amnonius
683 5473 825 5525 Maximob
919 5469 937 5522 5
954 5473 1055 5539 prelum
1067 5471 1160 5536 scripsi
1178 5477 1206 5520 ar
1219 5468 1354 5534 Donsbort,
1372 5471 1516 5538 praclarum
1530 5471 1590 5522 libri
1651 5470 1736 5522 dotem
1747 5467 1793 5519 Vn
1799 5468 1844 5520 TO

180 5554 196 5608 7
214 5558 319 5610 uberem
335 5559 365 5610 ia
381 5559 417 5610 lit.
430 5558 456 5609 Β
555 5558 659 5610 lioorem
674 5558 700 5608 B
843 5557 861 5608 8
879 5558 990 5610 iocunda
1002 5557 1027 5608 Β
1129 5558 1214 5608 soluat
1225 5557 1252 5606 B
1355 5557 1548 5625 phytagoricam
1564 5557 1598 5622 B,
1623 5557 1805 5625 pithagoricum
1822 5555 1846 5604 V

179 5643 214 5696 10
230 5646 387 5714 colloquium
403 5645 428 5696 V
486 5642 655 5712 habssqnae]
668 5662 783 5713 auosque
795 5644 820 5695 Β
918 5645 946 5695 ll
969 5645 1129 5697 sanctissimo
1146 5642 1243 5694 VLYO
1300 5644 1441 5695 comunicia
1454 5641 1479 5692 Β
1575 5639 1610 5694 12
1626 5644 1671 5710 qui
1684 5641 1743 5710 (iia
1755 5641 1841 5710 aaut

179 5729 212 5786 14
230 5732 381 5785 catenulae
