4566 6532
580 396 689 452 ooxnr
706 396 830 466 (neren
847 398 872 462 a,
892 397 936 468 n)
957 429 986 436 -
1007 397 1143 454 ooxnrn
1162 399 1285 469 (nerse.
1304 401 1329 465 a,
1349 400 1400 468 19).

789 705 931 775 unm
954 709 1064 794 (nvrsr.
1083 715 1113 792 9,
1134 711 1196 796 17).

718 885 955 962 ENNODIVS
982 886 1274 963 ΑΡΟΒΕΜΙΑΕ.

274 1013 365 1107 Non
388 1041 505 1107 clauda
528 1042 609 1108 fides
633 1051 683 1110 est
705 1045 864 1130 opinionis
881 1046 1046 1131 antiquae,
1070 1067 1155 1132 quac
1176 1046 1328 1132 perhibet
1344 1047 1431 1133 quod
1446 1047 1672 1134 propinquitas
1687 1049 1848 1133 generisi

165 1169 230 1213 non
259 1145 453 1211 detrudetur
479 1147 718 1232 longinquitate
750 1149 903 1242 regionis.
950 1157 1084 1215 manent
1116 1150 1314 1215 familiarum
1348 1153 1416 1215 suis
1440 1152 1512 1215 iura
1535 1150 1731 1234 cardinibus,
1759 1171 1820 1216 neo

166 1271 249 1337 qnae
280 1257 355 1314 sunt
383 1249 488 1314 divisa
517 1249 722 1330 habitaculis,
753 1251 973 1318 dissociantur
999 1253 1181 1319 animabus.
1227 1255 1389 1340 percurrit
1415 1253 1582 1319 aetherius
1611 1255 1713 1340 vigor,
1746 1254 1819 1319 ubi-

100 1405 105 1418 .
165 1374 303 1439 cumque
328 1354 434 1418 carnis
459 1355 653 1439 cognatione
681 1354 880 1441 producitur,
911 1363 945 1422 et
972 1357 1029 1420 illa
1057 1358 1210 1422 caelestis
1240 1359 1346 1443 portio
1374 1358 1469 1422 unius
1501 1358 1628 1444 patriae
1652 1378 1717 1422 non
1741 1379 1819 1424 ocn-

164 1458 287 1522 tinetur
302 1457 474 1542 angustiis.
512 1458 559 1522 sio
582 1464 629 1538 tu,
652 1457 770 1524 domna
793 1481 876 1542 mea,
900 1462 999 1545 longe
1023 1481 1043 1524 a
1066 1483 1203 1548 corpore
1222 1461 1399 1546 degentem
1415 1460 1603 1527 Ennodium
1620 1462 1853 1548 perquisisti,2

166 1561 332 1628 efferendo
355 1560 552 1628 desideratis
576 1562 688 1627 nobile
710 1585 827 1629 munus
850 1564 1050 1652 aspectibus.
1090 1566 1204 1651 accepi
1228 1565 1391 1630 cucullam
1407 1565 1535 1650 qualem
1551 1563 1666 1630 debuit
1681 1565 1821 1651 dirigere
1861 1629 1866 1640 ,

166 1665 359 1751 religionem
381 1665 557 1751 profitenti.
603 1667 819 1749 sanctissima,
847 1690 906 1733 ora
928 1675 964 1734 nt
993 1668 1128 1755 dignum
1156 1692 1209 1735 me
1239 1671 1409 1735 humilium
1438 1667 1638 1734 indumentis
1666 1670 1730 1736 etsi
1757 1691 1822 1734 non

166 1770 362 1834 invenerunt
389 1767 475 1834 dona
502 1774 622 1852 vestra,
656 1776 766 1836 tamen
799 1773 905 1837 meriti
934 1773 984 1836 sui
1007 1773 1180 1838 nobilitate
1211 1773 1391 1859 perficiant.
1437 1771 1568 1838 domina
1598 1774 1651 1855 mi,
1681 1773 1853 1838 salutem3

167 1872 384 1958 largissimam
407 1871 519 1937 dicens
543 1893 633 1957 rogo,
656 1881 693 1938 ut
710 1875 824 1940 crebro
840 1896 892 1940 me
909 1876 1105 1942 venerandis
1122 1879 1274 1944 relevetis
1292 1877 1453 1962 alloquiis.
1488 1878 1618 1942 laenam
1635 1883 1669 1941 et
1685 1897 1822 1942 racanas

166 1976 258 2041 cuius
282 1997 341 2041 vos
365 1975 533 2041 volueritis
556 1976 685 2058 coloris,
710 1977 802 2042 rubei
826 1984 883 2043 aut
903 1979 998 2060 fusci,
1022 1980 1100 2047 mihi
1123 1981 1185 2046 sub
1209 1982 1378 2046 celeritate
1401 1980 1543 2066 dirigite.

780 2268 944 2338 coxan
967 2272 1077 2358 (seror.
1095 2275 1125 2353 9,
1144 2270 1209 2356 18).

706 2447 918 2524 ENNODIV
919 2451 944 2524 S
971 2448 1287 2524 STEPHANIAE.

286 2576 471 2675 sufficeret
493 2609 644 2695 equidem
670 2631 727 2697 pro
751 2612 920 2696 epistolari
943 2611 1138 2677 commercio
1161 2611 1313 2675 meritum
1335 2609 1514 2696 portitoris,
1538 2608 1592 2673 cui
1612 2614 1647 2674 et
1661 2629 1747 2673 vena
1763 2612 1851 2672 suat

166 2711 252 2798 quod
282 2712 478 2798 loquendum
509 2718 560 2778 est
583 2720 617 2780 et
640 2735 722 2800 pura
745 2715 833 2780 circa
855 2736 908 2780 me
931 2715 1095 2779 ministrat
1117 2714 1258 2788 affectio.
1304 2711 1362 2778 sed
1384 2711 1511 2777 animus
1534 2733 1626 2777 meus
1650 2711 1691 2776 ad
1713 2711 1821 2798 dupli-

167 2821 275 2880 catum
298 2814 434 2881 festinat
457 2816 665 2903 obsequium,
695 2838 756 2882 nec
780 2819 919 2904 simplici
943 2839 1039 2903 quam
1064 2818 1250 2884 reverentia
1272 2823 1383 2882 vestra
1406 2815 1512 2900 exigit
1535 2814 1719 2880 humilitate
1744 2836 1822 2881 con-

167 2924 287 3000 tentus,
310 2918 428 2984 domno
445 2920 574 2987 Avieno
599 2921 722 3007 scripta
745 2922 930 3007 coniungit:
954 2922 1003 2986 illi
1027 2943 1124 3007 quem
1147 2921 1189 2986 de
1213 2922 1313 3006 stirpe
1333 2926 1446 2985 vestra
1469 2924 1676 3005 procreatum
1699 2923 1733 2983 et
1754 2919 1823 2983 vita

166 3022 275 3108 prodit
302 3029 336 3088 et
366 3025 481 3088 oratio.
526 3025 670 3109 graviter
699 3033 810 3091 tamen
838 3025 925 3107 lero,
959 3023 1045 3112 quod
1077 3025 1214 3090 rusticas
1243 3044 1342 3089 voces
1371 3023 1468 3087 nimis
1495 3020 1624 3086 urbana
1654 3027 1687 3087 et
1709 3019 1822 3085 subtili

167 3127 351 3191 elocutione
376 3128 526 3193 narratis.
565 3149 630 3193 non
652 3129 698 3193 ita
721 3130 810 3194 circa
825 3129 983 3194 familiam
998 3136 1143 3195 vestram
1160 3129 1268 3214 gratia
1282 3127 1436 3194 caelestia
1452 3125 1601 3206 innotuit,
1625 3130 1661 3189 ut
1677 3125 1853 3210 aliquem2

165 3231 199 3294 in
222 3251 263 3296 ea
286 3231 385 3296 liceat
407 3231 584 3297 maioribus
609 3233 676 3297 suis
701 3238 757 3298 aut
780 3233 892 3319 lingna
915 3255 990 3299 esse
1015 3239 1071 3298 aut
1094 3235 1222 3298 actione
1246 3230 1449 3311 dissimilem,
1472 3229 1537 3293 nisi
1559 3228 1644 3293 forte
1661 3229 1749 3314 quod
1763 3249 1821 3293 vos

167 3355 267 3420 supra
298 3335 484 3400 claritatem
514 3336 679 3402 seniomm
712 3344 845 3402 sanctae
872 3338 1040 3403 viduitatis
1068 3339 1101 3402 in
1128 3338 1219 3403 vobis
1253 3336 1362 3421 sulgor
1391 3334 1542 3399 inradiat.
1586 3353 1704 3418 nempe
1735 3333 1823 3397 illins

165 3435 275 3502 domni
288 3437 404 3504 Fausti
426 3459 585 3523 germana
607 3461 653 3520 es,
677 3440 710 3505 in
727 3442 819 3505 cuius
835 3442 1045 3528 praefectura
1061 3440 1148 3526 quod
1164 3439 1342 3505 monachos
1358 3438 1508 3502 instituat
1523 3435 1699 3517 invenitur,
1723 3455 1822 3521 quem

165 3541 238 3626 plus
262 3547 313 3606 est
334 3543 465 3607 actione
485 3542 709 3609 venerabilem
733 3565 808 3610 esse
832 3565 929 3629 quarn
953 3545 1056 3610 titulo.
1094 3564 1250 3630 rogovos
1274 3543 1404 3607 serntio
1430 3539 1638 3606 salutationis
1661 3537 1854 3620 exhibitc,3

164 3651 201 3708 ut
235 3665 411 3730 numquam
446 3646 718 3712 scholasticorum
750 3646 909 3712 indociles
943 3648 1185 3735 conpositiones
1216 3645 1340 3712 sanctis
1378 3643 1609 3710 dictationibus
1643 3642 1820 3708 misceatis.

166 3747 286 3814 sufficit
326 3749 405 3814 milri
443 3749 532 3836 qnod
571 3749 727 3831 admirer,
766 3750 851 3838 quod
893 3751 921 3817 si
960 3771 1089 3817 mereor
1126 3751 1220 3837 aequi
1256 3749 1412 3830 debeam,
1453 3748 1487 3812 in
1520 3747 1639 3812 vestris
1671 3745 1822 3812 sensibus

165 3872 324 3920 invemre.

772 4076 957 4146 cnxnln
981 4080 1091 4166 (seror.
1110 4083 1139 4160 9,
1158 4079 1222 4165 19).

746 4257 991 4378 ΕΝΝΟΒΝΒ.
1010 4257 1247 4332 AGNELLO.

283 4387 410 4500 Longo
443 4416 570 4481 animus
601 4436 695 4480 meus
728 4415 884 4503 pependit
915 4418 1058 4498 incerto,
1092 4423 1200 4482 utrum
1234 4439 1292 4502 pro
1323 4415 1496 4501 diligentia
1526 4413 1661 4478 notitiae
1691 4417 1853 4478 vestrael

167 4519 298 4585 ianuam
321 4521 509 4608 scriptionis
533 4521 664 4587 amabili
687 4523 954 4608 praesumptione
980 4525 1145 4609 pulsarem
1169 4528 1202 4588 et
1219 4520 1489 4586 excellentissimi
1506 4517 1647 4583 bominis
1663 4537 1723 4602 per
1738 4515 1826 4580 buno

168 4624 286 4690 callem
317 4630 433 4710 pectus
456 4626 648 4711 ingrederer
675 4647 718 4690 an
741 4648 800 4712 per
822 4627 971 4694 homines
994 4635 1123 4694 vestros
1147 4650 1233 4714 vaga
1256 4627 1453 4692 salutatione
1478 4629 1663 4702 contentus,
1695 4625 1827 4686 secreta

168 4727 287 4812 quibus
315 4727 490 4794 obsidebar
518 4731 755 4816 inrumperem,
795 4733 871 4817 quia
899 4733 1004 4798 visum
1033 4733 1112 4797 mihi
1142 4738 1193 4797 est
1222 4752 1288 4795 non
1319 4751 1392 4794 esse
1422 4730 1454 4793 in
1484 4727 1652 4792 hominum
1687 4746 1824 4790 numero

169 4832 396 4917 conputandus
426 4854 524 4920 quem
552 4833 720 4900 hominum
746 4835 933 4922 potissimus
954 4837 1131 4921 ignoraret.
1178 4841 1211 4900 et
1234 4835 1330 4920 plene
1354 4833 1401 4897 illi
1426 4853 1487 4898 neo
1510 4851 1618 4895 mores
1643 4832 1857 4915 suggerunt2

168 4935 320 5001 fiduciam
351 4959 412 5003 nec
440 4943 574 5020 natura,
606 4939 660 5025 qui
688 4941 721 5003 in
745 4961 820 5004 arce
844 4939 961 5004 locatis
984 4938 1206 5021 absconditur,
1235 4937 1330 5002 vobis
1354 4935 1546 5023 praecipue,
1579 4955 1661 5020 quos
1684 4939 1823 5018 uterque

272 5160 399 5230 [CDXLI]
434 5161 598 5218 auseae
667 5173 706 5219 ast
723 5184 771 5219 aas.
786 5165 865 5222 Siron
970 5165 1135 5220 lhnbioulis
1153 5183 1208 5232 rap.
1222 5166 1268 5216 lisa
1287 5163 1350 5216 tsB
1452 5159 1661 5230 5prodnctorB
1734 5157 1824 5226 unius]

167 5265 244 5300 umus
256 5247 302 5299 13⁰
388 5246 493 5317 6.]11
504 5251 529 5302 Β
616 5248 632 5302 ἵ
650 5253 780 5304 offerendo
797 5253 963 5305 desiderantis
981 5254 1045 5304 coni.
1059 5252 1156 5304 Hartcl
1207 5251 1332 5303 cocullam
1343 5249 1369 5300 Β
1421 5249 1537 5314 diragers
1549 5247 1575 5297 B
1660 5243 1678 5296 8
1695 5246 1826 5313 profitenti

167 5335 336 5387 sanofimims.
354 5352 397 5388 ora
416 5335 531 5387 diatim
543 5337 640 5390 Hartcl
726 5356 794 5391 noan
806 5338 832 5389 B
837 5337 848 5374 ¹
981 5337 998 5391 9
1016 5337 1062 5406 mi]
1081 5340 1144 5390 mihi
1156 5338 1233 5389 BVL
1359 5333 1392 5387 10
1409 5351 1450 5386 me
1468 5335 1544 5386 om.l›
1666 5330 1698 5382 ll
1716 5333 1788 5384 roboi
1800 5330 1827 5383 B

167 5419 309 5489 celeritate]
328 5423 432 5474 caritate
444 5421 470 5473 B

273 5521 413 5592 [enxhu]
450 5524 483 5577 15
500 5527 588 5594 exiget
599 5526 626 5577 Β
758 5525 791 5579 16
813 5529 953 5596 coniungat
966 5527 991 5578 B
1129 5525 1159 5578 l'l
1179 5522 1265 5593 noces]
1285 5541 1333 5577 uos
1344 5522 1370 5574 Β
1467 5523 1565 5574 orbans
1576 5521 1602 5572 Β
1700 5520 1789 5588 suptili
1801 5519 1827 5570 B

171 5609 203 5663 19
219 5608 261 5680 ca]
280 5629 311 5664 ac
322 5611 349 5662 B
442 5609 476 5663 21
495 5614 633 5666 monachos
646 5612 734 5665 Sabota
751 5621 775 5666 at
792 5612 881 5678 Sirra,
898 5614 1041 5666 monachus
1059 5614 1157 5667 codices
1252 5609 1287 5662 23
1305 5612 1422 5664 indocilis
1436 5610 1544 5661 BVLT
1634 5606 1669 5661 24
1686 5609 1789 5660 sufficet
1800 5606 1826 5658 Β

273 5710 426 5782 [coxam]
462 5713 497 5766 28
514 5717 713 5769 excelentissimi
724 5717 750 5768 Β
853 5715 888 5770 30
905 5718 978 5770 uisus
991 5717 1087 5769 Hortcl
1190 5712 1224 5766 31
1242 5716 1317 5783 plena
1329 5713 1363 5779 B,
1384 5715 1461 5782 plens
1478 5714 1554 5766 aava·
1658 5709 1693 5763 32
1710 5711 1789 5764 arche
1800 5707 1826 5759 Β

271 5823 410 5882 &souma
631 5871 632 5874 ,
1584 5820 1619 5876 39
