4566 6532
625 426 873 498 8881188888.
892 429 928 497 6),
947 427 1058 484 onum
1076 427 1197 498 (CARM.
1215 430 1240 494 2,
1261 429 1330 498 151).
1746 433 1808 498 315

155 625 257 670 annos
280 602 415 688 respicis
440 606 473 666 et
495 600 662 685 intellegis
684 601 835 686 peritiam
859 603 1011 667 sufficere
1034 603 1099 667 iam
1122 603 1270 684 docendi,
1301 603 1342 668 de
1366 624 1429 688 quo
1454 602 1701 669 emendatorum
1724 605 1808 669 iudi-

154 707 240 773 cavit
263 706 394 771 electio.
441 711 491 768 881
514 704 675 790 Agapitus
704 705 871 790 patricius,
901 713 934 770 et
955 706 1128 772 honestate
1152 706 1244 773 dives
1269 713 1301 772 et
1324 708 1471 773 seientia.
1508 713 1557 773 est
1580 707 1707 772 Probus
1727 729 1756 772 v.
1775 708 1808 790 1.,

154 811 302 899 quamsi
327 809 519 895 sequamini,
547 808 639 872 illum
662 807 821 873 faustum
851 815 883 874 et
905 809 1080 891 Asianum,
1115 833 1196 897 quos
1226 810 1447 898 praedixistis,
1475 817 1677 897 praesentes,
1707 812 1807 876 etiam

155 937 228 980 cum
252 913 381 993 desunt,
405 911 580 976 habebitis.
627 919 755 977 ceteros
779 913 884 978 claros
907 915 1005 990 viros,
1028 936 1108 1000 quos
1130 923 1256 980 tantum
1276 916 1318 979 ad
1334 937 1386 981 me
1403 916 1511 1002 opinio
1528 914 1655 997 detulit,
1679 915 1861 980 8118811822

155 1021 320 1104 relinquo:
352 1015 505 1104 pathos,
530 1017 556 1078 si
579 1015 670 1079 vobis
694 1016 758 1079 iam
782 1016 873 1081 cordi
897 1024 947 1082 est
969 1020 1150 1099 maturitas,
1173 1026 1230 1083 881
1253 1041 1312 1106 per
1335 1040 1402 1099 eos,
1426 1040 1508 1104 quos
1532 1040 1604 1082 snm
1627 1017 1808 1104 praefatus,

153 1122 332 1208 agnoscite.
378 1119 558 1184 manifestis
589 1119 675 1184 enim
702 1125 795 1204 patet
825 1120 953 1186 indiciis
983 1123 1105 1186 amicus
1136 1123 1294 1187 bonorum
1322 1144 1382 1188 nec
1405 1123 1438 1187 in
1461 1123 1566 1187 altero
1590 1142 1698 1188 mores
1721 1123 1808 1207 quis-

154 1247 250 1312 quam
273 1225 451 1305 hominum,
483 1223 546 1287 nisi
573 1243 655 1308 quos
686 1224 719 1287 in
743 1245 777 1288 se
805 1224 969 1304 formavit,
997 1226 1213 1312 amplectitur.
1259 1227 1323 1290 iam
1352 1226 1381 1289 81
1410 1231 1631 1291 matronarum
1663 1224 1860 1290 1818818123

153 1331 265 1411 811118,
288 1328 416 1393 habetis
440 1325 591 1391 domnam
606 1326 798 1408 Barbaram,
821 1327 960 1392 Romani
983 1330 1043 1392 flos
1066 1330 1164 1415 genii,
1188 1351 1271 1415 quae
1295 1329 1483 1394 testimonio
1500 1331 1610 1393 vultus
1627 1327 1809 1415 patefaciat

153 1436 262 1499 lucem
284 1431 454 1517 sanguinis
483 1437 517 1495 et
547 1431 685 1516 saporis,
714 1430 747 1494 in
776 1452 840 1516 qua
868 1433 1042 1497 invenietis
1066 1439 1098 1495 et
1121 1430 1340 1496 verecundam
1368 1433 1578 1498 securitatem
1602 1432 1699 1497 etde
1723 1430 1809 1495 bono

154 1537 292 1602 actionis
316 1535 533 1600 confidentem
557 1535 798 1617 verecundiam,
827 1558 1011 1602 sermonem
1035 1538 1177 1602 naturali
1201 1543 1235 1601 et
1256 1536 1374 1600 artifici
1398 1537 1608 1623 simplicitate
1632 1534 1809 1617 conditum,

154 1650 189 1707 ut
212 1663 273 1708 nec
296 1641 390 1726 lepos
421 1638 616 1705 devenustet
644 1642 779 1727 alloquii
806 1663 867 1706 nee
895 1640 983 1707 duris
1012 1641 1168 1727 splendor
1196 1642 1390 1707 feminarum
1417 1641 1559 1727 rigescat
1588 1638 1752 1716 affatibus,
1776 1638 1810 1704 in

35 1799 37 1802 .
154 1765 218 1831 qus
240 1745 287 1808 sic
309 1743 343 1807 18
370 1750 520 1809 naturam
548 1745 679 1809 transiit
705 1744 885 1810 honestatis
914 1745 1094 1829 diligentia,
1127 1752 1163 1810 nt
1186 1746 1215 1809 si
1237 1745 1290 1809 vel
1312 1743 1442 1809 mentiri
1465 1744 1576 1826 vellet,
1605 1763 1669 1807 non
1691 1747 1807 1828 posset

153 1867 309 1913 errorem.
353 1853 448 1912 sonat
469 1847 622 1933 pudicam
645 1847 757 1932 lingua
780 1847 987 1912 dulcedinem
1011 1867 1071 1912 nec
1094 1848 1214 1912 mentis
1238 1847 1384 1912 nubilum
1406 1853 1493 1912 18818
1518 1845 1628 1912 888881
1649 1843 1863 1912 8888881824

154 1951 313 2037 operitur:
336 1950 398 2014 hoc
419 1957 470 2016 est
492 1951 632 2037 pectoris
649 1951 736 2036 quod
750 1951 911 2036 loquelae.
946 1950 1002 2016 det
1024 1951 1156 2016 veniam
1179 1952 1373 2016 feminarum
1398 1948 1549 2016 diadema
1571 1947 1807 2036 praesumenti,

154 2053 240 2139 quod
263 2055 334 2120 eius
358 2053 490 2121 invideo
517 2055 634 2140 quieti:
662 2055 760 2120 velim
786 2055 874 2119 illam
903 2054 1052 2120 omnibus
1075 2055 1193 2120 Italiae
1224 2055 1370 2142 partibus
1399 2052 1616 2119 imitationem
1639 2051 1809 2139 praeferri,

152 2162 189 2221 81
218 2177 302 2243 quae
338 2178 404 2222 non
442 2156 659 2243 adquiescunt
692 2159 825 2223 monitis
856 2159 1077 2224 formarentur
1111 2159 1284 2244 exemplis.
1330 2164 1382 2222 est
1415 2158 1482 2222 illic
1504 2157 1616 2238 ⁴etiam
1650 2155 1862 2236 6181881825

152 2257 452 2347 splendidissimum
476 2261 658 2326 catholicae
680 2263 792 2328 lumen
815 2263 987 2342 ecclesiae,
1021 2264 1113 2327 cuius
1141 2264 1268 2328 natales
1297 2263 1344 2327 ita
1374 2262 1495 2325 maiore
1526 2261 1599 2324 luce
1630 2260 1808 2340 fuscantur,

152 2363 179 2427 81
201 2383 308 2428 mores
331 2364 517 2450 intellegas,
541 2386 579 2429 ac
597 2367 747 2432 sifacem
763 2367 875 2431 mundi
893 2368 1007 2431 oculus
1023 2366 1072 2430 sol
1096 2365 1284 2442 obumbret;
1308 2367 1334 2430 81
1358 2365 1527 2450 ingenitae
1551 2362 1810 2427 conversationis

152 2464 260 2530 881188
283 2486 436 2554 8888888,
465 2470 539 2555 8188
563 2471 634 2534 8188
658 2471 818 2556 sanguine
848 2459 893 2534 nil
922 2470 1055 2535 lucebit.
1101 2469 1246 2548 istorum,
1277 2488 1499 2554 quoscumque
1527 2464 1695 2552 praefatus
1727 2486 1809 2548 sum,

154 2571 303 2634 caelestis
316 2591 373 2634 vos
390 2569 590 2657 dispensatio
608 2573 722 2659 iungat
738 2573 914 2659 obsequiis.
934 2609 972 2619 -
990 2573 1077 2636 11888
1089 2572 1219 2637 habetis
1231 2573 1356 2658 gratiae
1369 2592 1463 2637 meae
1476 2568 1624 2635 obsidem
1640 2570 1805 2655 paginam,
1820 2572 1861 2634 26

153 2695 251 2761 quam
274 2675 362 2739 velut
383 2675 590 2762 pedagogam
615 2678 794 2742 sectamini.
842 2677 896 2741 det
920 2684 1031 2742 autem
1056 2675 1147 2741 vobis
1171 2675 1252 2741 deus
1277 2674 1362 2761 quod
1389 2675 1486 2740 18881
1509 2679 1542 2738 81
1565 2673 1651 2738 velle
1676 2695 1809 2759 semper

153 2785 187 2843 et
208 2779 329 2844 facere.
368 2800 447 2863 ergo
472 2781 499 2844 si
522 2801 681 2868 pomposa
703 2782 851 2846 oratione
876 2802 939 2845 non
956 2781 1054 2862 valui,
1078 2781 1225 2845 oratione
1242 2800 1300 2844 vos
1319 2801 1443 2844 memor
1459 2777 1670 2864 professionis
1687 2776 1807 2843 adiuvi.

517 3005 650 3086 Parte,
674 3026 733 3093 888
757 3005 867 3091 quite
891 3007 991 3070 talem
1014 3026 1158 3091 genuere
1184 3012 1350 3091 parentes,
1522 3095 1524 3100 Ι
1818 2995 1951 3094 Vmer-

520 3109 727 3195 Symmacho,
750 3130 791 3174 ne
815 3115 959 3173 nostram
984 3115 1114 3174 maneat
1137 3131 1205 3174 sors
1230 3108 1311 3175 dura
1335 3109 1502 3190 tabellam,

517 3211 570 3277 Da
592 3212 745 3278 dextram
768 3213 859 3277 tenui
882 3219 916 3278 81
939 3219 1049 3278 tecum
1072 3232 1124 3276 me
1147 3212 1226 3276 tolle
1252 3211 1449 3299 88888188.

517 3317 591 3382 Non
614 3317 694 3382 facit
717 3316 759 3381 81
782 3337 889 3382 mores
914 3315 1102 3380 credentem
1126 3316 1242 3382 fallere
1267 3323 1410 3382 sanctus.

518 3421 573 3485 Nil
596 3442 719 3486 moror:
743 3442 784 3484 en
808 3421 950 3506 supplex
973 3421 1081 3501 venio,
1105 3421 1262 3486 miserere
1285 3422 1442 3507 precanti,

518 3525 605 3589 Vilia
627 3523 784 3589 divitibus
809 3523 1039 3588 commendans
1063 3523 1153 3590 11818
1175 3527 1329 3610 patronis.

775 3748 932 3816 Germlna
955 3751 1054 3830 clara,

775 3854 902 3920 Sumite
927 3856 1005 3920 sicci

773 3957 887 4023 Verba
908 3959 1065 4044 parentis.

773 4061 895 4127 Nobile
919 4061 1043 4127 dietum
1067 4068 1130 4138 est,

774 4164 870 4237 Quod
892 4166 981 4231 bona
1005 4171 1174 4231 monstrat.

763 4510 913 4580 unuln
938 4512 1044 4600 (8888.
1061 4516 1092 4594 2,
1112 4511 1198 4597 151).

570 4685 646 4752 Vna
667 4686 783 4751 domus
807 4684 930 4770 duplici
953 4683 1100 4749 discreta
1122 4683 1269 4768 iungitur
1291 4680 1374 4748 sede

618 4791 830 4876 Partiturque
855 4810 948 4854 suum
972 4786 1058 4874 quod
1082 4787 1168 4851 bene
1192 4786 1295 4851 nectit
1317 4806 1410 4872 8888.

259 5039 270 5090 l
291 5056 372 5092 annes
389 5056 445 5105 888.
460 5037 543 5090 1188Β
656 5034 673 5088 3
691 5034 860 5102 praedixistcs
875 5031 901 5083 Β
1010 5029 1027 5082 4
1045 5027 1184 5098 habebitis]
1205 5030 1321 5082 88888118
1336 5028 1362 5079 Β
1469 5025 1486 5080 5
1504 5026 1668 5092 1881188181,
1685 5045 1732 5080 nos
1751 5028 1812 5080 11181

154 5125 169 5178 1
187 5145 280 5181 seem.
293 5126 319 5177 Β
421 5123 438 5176 8
455 5131 545 5177 888188
556 5122 581 5175 Β
650 5123 739 5174 florem
757 5117 797 5169 1¹²
814 5119 937 5171 81881811
1041 5115 1059 5168 9
1075 5117 1218 5169 1888818188
1232 5115 1259 5166 Β
1327 5114 1503 5166 uerecundum
1517 5114 1544 5165 B
1648 5111 1680 5165 11
1698 5115 1774 5182 lepus
1787 5112 1813 5164 Β

153 5215 263 5282 spendor
274 5213 300 5264 B
403 5212 508 5279 rigiscet
524 5208 550 5260 Β
689 5205 723 5257 12
746 5206 854 5257 18888181
869 5204 896 5254 Β
972 5279 974 5284 Ι
999 5204 1146 5255 honestates
1163 5202 1188 5253 B
1290 5201 1370 5254 vellet
1385 5201 1485 5266 8881881,
1511 5202 1586 5254 uellit
1601 5199 1635 5264 B,
1658 5201 1723 5252 88111
1739 5201 1815 5252 aas

154 5309 238 5368 posset
255 5299 354 5366 8881881,
376 5299 457 5366 possit
475 5297 535 5348 libri
661 5291 694 5345 13
717 5292 834 5343 nobilnm
846 5289 872 5341 B
999 5287 1033 5340 15
1054 5289 1144 5340 uellim
1156 5287 1181 5340 Β
1273 5287 1391 5354 patribus
1404 5285 1430 5336 Β
1522 5288 1549 5338 in
1567 5287 1735 5338 imitationem
1746 5288 1814 5353 fort

154 5383 187 5436 16
206 5388 347 5438 formentur
364 5386 429 5436 8881.
442 5383 550 5441 Horta&
567 5382 636 5448 esp.
650 5383 707 5442 281,
727 5381 761 5429 21
851 5375 988 5446 stephanie
1003 5375 1028 5424 V
1151 5371 1183 5424 11
1202 5373 1430 5441 8888181188188888
1443 5371 1468 5421 Β
1594 5369 1629 5423 18
1646 5372 1777 5439 intelligas
1789 5369 1815 5421 B

153 5473 242 5524 888188
259 5471 358 5524 codices
443 5470 580 5523 obumbert
591 5465 632 5518 131
767 5462 803 5516 20
819 5465 927 5516 celestes
938 5462 964 5512 Β
1052 5462 1157 5514 hebetes
1168 5460 1195 5511 B
1328 5457 1361 5511 21
1381 5460 1543 5526 pedagogum
1556 5459 1571 5510 t
1702 5456 1737 5510 211
1754 5459 1815 5509 dex-

153 5569 233 5612 teram
250 5559 294 5610 VL
397 5555 432 5608 26
450 5555 555 5610 18881Β
624 5561 731 5606 sanctus
748 5553 848 5618 8888881,
866 5559 969 5604 8888188
988 5549 1048 5601 libri
1151 5545 1186 5598 29
1204 5547 1308 5614 gemina
1319 5546 1363 5596 Ba
1468 5543 1504 5596 30
1521 5545 1628 5598 sumites
1640 5543 1666 5595 B

257 5661 386 5730 [cunm]
423 5665 462 5715 De
480 5663 581 5715 duabus
599 5660 718 5712 domibus
736 5659 882 5710 coniunctis
900 5658 977 5708 18888.
991 5654 1087 5713 diener
1103 5653 1157 5704 8188
1176 5651 1335 5703 distinam
1353 5649 1527 5717 8888818τὶ188
1544 5649 1658 5701 8888111888
1670 5647 1815 5714 adtemptat

152 5751 251 5804 codices
353 5766 417 5801 verr.
432 5757 445 5802 1
463 5749 567 5801 81218
579 5749 635 5815 fiae
653 5747 741 5798 881188.
757 5745 815 5796 OPb
922 5760 947 5793 v.
966 5739 984 5792 2
1002 5741 1109 5808 partitor
1121 5737 1146 5788 Β
1552 5825 1608 5880 40*
