4612 6442
424 411 443 473 4
1015 400 1026 458 1
1045 402 1148 474 (oren.
1168 397 1203 465 1).
1223 393 1249 452 Π
1268 393 1388 467 (oren.
1408 397 1431 463 1,
1450 395 1486 464 o).

422 582 494 660 ille,
529 588 606 666 quot
635 579 801 645 hominurn
831 600 970 666 genera,
1004 585 1053 643 tot
1082 575 1319 643 sententiarum
1346 574 1523 638 varietates
1547 572 1692 638 advexit.
1737 570 1795 635 sed
1824 574 1942 656 quibus
1972 573 2078 640 inerat

423 685 578 771 spiritalis
595 705 692 770 sapor
708 683 965 769 intellegentiae,
983 684 1076 769 quasi
1092 680 1209 746 ducem
1223 687 1257 745 te
1274 678 1462 765 principalis
1479 676 1726 742 deliberationis
1741 677 1877 741 caritate
1889 684 2076 743 tenuerunt.

424 793 500 852 tunc
515 783 592 873 'quo
624 788 798 853 minacium
827 789 967 873 impetus
997 784 1295 850 blandimentorum
1323 781 1421 846 melle
1445 780 1616 860 domuisti,
1646 801 1710 865 qua
1737 781 1949 866 superborum
1980 785 2077 849 corda

372 892 413 953 22
426 890 633 957 venerandae
657 892 848 957 humilitatis
872 891 1036 956 erectione
1058 888 1199 974 fregisti,
1223 907 1286 973 qua
1307 886 1488 951 labantium
1510 885 1637 948 animos
1653 885 1781 949 consilii
1796 886 1904 952 radice
1920 887 2075 970 fundasti,

425 995 593 1081 explicare
622 1015 685 1059 non
708 997 811 1061 valeo.
857 995 906 1060 rei
930 999 1044 1080 gestae
1068 993 1218 1058 notitiam
1242 991 1325 1055 scire
1348 989 1500 1075 cupidum
1525 1010 1568 1054 ex
1590 988 1668 1052 facti
1691 991 1963 1076 contemplatione
1986 1015 2075 1059 corn-

423 1099 522 1184 pello.
566 1119 667 1163 unum
694 1105 727 1164 te
757 1100 887 1185 sequuti
918 1104 994 1162 sunt
1024 1103 1073 1162 tot
1101 1095 1198 1160 electi
1226 1101 1259 1159 et
1288 1094 1321 1157 in
1353 1093 1550 1158 sententiam
1573 1098 1661 1157 tuam
1685 1093 1889 1158 recciderunt
1912 1103 2076 1162 tantarum

424 1203 591 1288 principes
608 1203 788 1266 civitatum.
823 1201 972 1287 coquitur
988 1199 1230 1265 lamentationis
1248 1198 1404 1280 aestibus,
1423 1197 1478 1283 qui
1494 1219 1513 1261 a
1527 1203 1558 1262 te
1575 1194 1675 1262 cruda
1690 1197 1911 1264 obstinatione
1927 1199 2076 1282 descivit,

423 1311 457 1369 et
480 1305 561 1370 nihil
580 1305 682 1370 habet
705 1307 737 1369 in
760 1305 916 1371 solacium
940 1311 1072 1390 praeter
1096 1299 1317 1389 (calamitatis)
1341 1301 1494 1365 lacrimas
1518 1301 1573 1384 qui
1595 1298 1718 1365 divisus
1742 1307 1802 1366 est.
1848 1301 1935 1368 dicat
1957 1305 2075 1391 aliquis

369 1411 409 1472 23
423 1409 561 1474 forsitan
583 1431 692 1476 rerum
716 1415 885 1494 gestarum
908 1409 1072 1492 malignus
1094 1407 1273 1492 interpres:
1298 1425 1395 1490 quam
1418 1403 1531 1468 sortita
1556 1408 1607 1468 est
1630 1403 1669 1468 de
1692 1403 1876 1470 huiusmodi
1892 1409 2075 1474 constantia

423 1533 579 1596 praesens
603 1534 703 1578 causa
725 1511 949 1578 decisionem?
987 1517 1123 1597 quaerat
1145 1511 1201 1594 qui
1224 1509 1297 1573 finis
1320 1508 1361 1572 de
1386 1507 1517 1572 laudato
1542 1505 1660 1572 sudore
1684 1508 1867 1593 contigerit.
1913 1510 1987 1576 buic
2011 1534 2072 1599 ego

420 1614 525 1680 fidens
549 1616 733 1703 replicabo:
764 1623 796 1680 te
820 1617 975 1702 praesule
999 1615 1138 1694 factum,
1169 1634 1210 1678 ne
1235 1610 1422 1678 sacerdotes
1445 1611 1613 1675 ministros
1637 1610 1804 1696 acciperet
1826 1612 1916 1677 furor
1938 1615 2076 1698 alienus,

419 1739 461 1783 ne
493 1725 648 1784 cruentae
680 1720 898 1804 indignationi
931 1718 1122 1805 pontificum
1157 1716 1323 1781 sententia
1348 1716 1519 1796 militaret,
1555 1735 1596 1779 ne
1626 1715 1658 1778 in
1687 1736 1781 1779 usum
1809 1718 1895 1780 male
1924 1721 2077 1785 commoti

418 1822 588 1888 traherent
617 1823 750 1887 evenire
773 1844 880 1909 -posse
909 1821 995 1908 qnod
1018 1821 1151 1885 vellent.
1196 1825 1395 1905 postremum
1424 1818 1634 1904 inproborum
1662 1819 1845 1905 loquacitas
1870 1820 2076 1889 obmutescat

418 1925 516 1990 huius
540 1927 648 1990 saltim
671 1927 900 1992 aestimatione
922 1925 1051 2006 secreti,
1075 1923 1151 2009 quia
1171 1921 1319 1987 odiorum
1335 1920 1497 2002 incendia,
1522 1942 1605 2006 quae
1622 1943 1686 1986 non
1703 1944 1745 1988 ex
1761 1924 1932 2010 inpugnati
1949 1929 2074 2011 merito,

421 2029 479 2093 sed
496 2051 538 2094 ex
556 2028 738 2095 studiorum
753 2031 906 2096 fomentis
927 2032 1087 2106 arserunt,
1111 2047 1173 2092 nec
1190 2031 1323 2090 sanctae
1340 2024 1587 2090 deliberationis
1603 2031 1781 2112 potuerunt
1796 2028 1886 2094 fonte
1903 2032 2074 2116 restingui.

367 2141 408 2201 24
422 2132 483 2197 tibi
508 2154 587 2218 erge
611 2132 751 2199 debetur
773 2133 1012 2199 venerabilium
1035 2129 1186 2196 custodia
1209 2150 1380 2209 canonum,
1409 2129 1468 2192 tibi
1490 2128 1575 2214 quod
1600 2130 1669 2193 sine
1694 2131 1876 2218 episcopali
1897 2141 1975 2199 nota
1997 2158 2074 2200 con-

420 2237 493 2322 tigit
516 2237 670 2322 quidquid
694 2239 727 2302 in
750 2238 940 2324 praesentia
963 2237 1067 2301 saevit
1090 2234 1287 2321 inprobitas,
1311 2234 1370 2298 tibi
1393 2235 1499 2320 patuit
1521 2233 1608 2318 quod
1631 2234 1703 2297 aliis
1725 2243 1917 2303 accusantes
1941 2241 2075 2306 clande-

420 2340 506 2403 stina
529 2340 643 2404 fraude
667 2346 837 2421 texerunt,
865 2339 953 2427 apud
976 2345 1008 2403 te
1032 2343 1225 2424 conpertum
1248 2337 1310 2401 fuit
1332 2357 1396 2401 non
1421 2336 1687 2402 satisfaciendum
1711 2339 1809 2421 odiis,
1839 2341 1988 2426 quotiens
2011 2344 2075 2409 fide

365 2451 405 2512 25
419 2442 583 2507 deseritur
611 2444 665 2528 qui
694 2443 838 2507 lacessit.
884 2443 943 2508 sed
975 2442 1059 2507 baec
1090 2442 1162 2507 aliis
1193 2442 1310 2505 melius
1336 2447 1509 2506 servantur
1531 2442 1692 2506 narranda
1713 2445 1927 2531 temporibus.
1973 2449 2075 2530 salve,

420 2548 632 2612 ecclesiarum
665 2546 769 2628 sidus,
800 2553 834 2613 et
863 2545 904 2611 ad
934 2552 1140 2612 senectutem
1166 2545 1286 2610 bonam
1310 2545 1466 2624 Abrabae
1498 2547 1681 2610 aemulator
1708 2548 1845 2632 accede,
1878 2552 1955 2636 quia
1978 2553 2072 2617 testi-

262 2651 565 2726 mnmsrssmonium
589 2651 762 2737 probitatis
787 2658 836 2716 est
858 2650 914 2714 diu
937 2650 1100 2715 bominem
1123 2651 1157 2714 in
1181 2650 1409 2715 ecclesiastica
1431 2672 1507 2716 arce
1531 2650 1664 2727 servari,
1687 2656 1723 2715 ut
1744 2654 1978 2740 scriptumest:
2004 2657 2075 2721 ‘viri

418 2754 616 2838 sanguinum
645 2760 678 2818 et
709 2752 813 2819 dolosi
844 2774 910 2819 non
937 2752 1153 2818 dimidiabunt
1182 2752 1253 2819 dies
1285 2752 1383 2819 suos’
1429 2759 1465 2817 tu
1487 2774 1567 2818 aevo
1591 2760 1737 2820 maturus
1762 2764 1795 2820 et
1818 2755 1859 2821 ad
1882 2760 2074 2845 religiosum

419 2857 573 2922 sudorem
604 2858 789 2944 primaevus
817 2878 995 2943 exsupera,
1029 2863 1064 2921 tu
1091 2857 1215 2941 pietate
1245 2856 1402 2921 laudabili
1433 2857 1527 2922 bonis
1550 2856 1720 2943 discipulis
1744 2860 1897 2946 exempla
1921 2885 2074 2948 suggere,

417 2962 522 3026 malos
547 2963 725 3027 severitate
749 2983 898 3048 conpone
923 2967 956 3025 et
978 2960 1055 3025 boni
1079 2961 1248 3046 utriusque
1272 2960 1373 3025 fibula
1396 2962 1502 3045 operis
1526 2961 1559 3024 in
1582 2962 1769 3027 testimonio
1788 2985 1934 3031 summae
1950 2966 2074 3051 gloriae

417 3065 488 3128 sine
511 3065 586 3130 labe
611 3064 767 3150 perdura!

1102 3340 1145 3408 11
1168 3339 1273 3428 (caan.
1294 3345 1327 3423 t,'
1338 3338 1384 3424 6).

609 3538 769 3612 DICTIO
795 3537 974 3610 ENNODI
1000 3534 1198 3609 DIACONI
1226 3534 1424 3624 QVANDO
1451 3535 1512 3608 DE
1540 3535 1679 3610 ROMA
1707 3539 1881 3616 REDIIT.

385 3723 398 3780 1
525 3685 660 3779 Amica
689 3721 739 3778 est
767 3714 890 3778 homini
919 3712 960 3777 ad
989 3712 1134 3798 genitale
1165 3712 1477 3778 solum'revertenti
1508 3736 1638 3801 semper
1660 3715 1822 3798 hilaritas,
1854 3718 1929 3783 dum
1953 3726 2071 3801 metus,

413 3839 636 3904 quoscumque
665 3819 694 3880 ei
722 3817 947 3903 peregrinanti
976 3838 1068 3882 mens
1097 3819 1197 3882 anxia
1225 3818 1370 3904 peperit,
1402 3818 1495 3904 quasi
1521 3820 1712 3905 praefinitos
1741 3827 1775 3886 et
1798 3823 1889 3888 caelo
1913 3830 2070 3908 gravante

413 3922 589 4007 dispositos
622 3944 657 3987 se
688 3923 834 3987 evasisse
863 3920 1006 3986 confidit.
1052 3921 1193 3988 debetur
1222 3943 1301 4007 ergo
1328 3943 1392 3986 vox
1421 3942 1539 3986 serena
1566 3922 1727 4004 laetitiae,
1762 3945 1803 3989 ne
1832 3933 1922 3991 muta
1951 3927 2071 4012 gaudia

412 4027 571 4091 maeroris
603 4026 780 4110 imaginem
812 4027 998 4090 sortiantur.
1045 4027 1096 4091 cui
1126 4027 1213 4091 enirn
1244 4031 1357 4112 pateat
1385 4025 1563 4090 exultantia
1594 4026 1691 4091 animi
1719 4034 1881 4094 secretum
1911 4030 1975 4095 nisi
2004 4031 2069 4096 oris

275 4135 353 4230 ,iffi
384 4131 510 4201 aclava
542 4136 744 4195 reseratum?
789 4129 926 4195 reduces
959 4131 1058 4195 etiam
1088 4151 1211 4216 cygnos
1241 4129 1301 4194 alis
1333 4128 1446 4194 ludere
1474 4128 1672 4207 Mantuanus
1700 4131 1857 4199 adseruit.
1902 4132 1980 4218 quid
2009 4156 2071 4220 ego

295 4219 362 4285 ³⁹l·'
414 4234 531 4298 faciam
559 4235 591 4297 in
619 4233 728 4296 madio
761 4231 988 4319 deprehensus
1019 4234 1174 4320 abrupto,
1204 4233 1259 4318 qui
1288 4238 1321 4298 et
1351 4234 1516 4318 regressui
1539 4255 1612 4299 meo
1637 4233 1741 4300 debeo
1764 4235 1895 4300 dicendi
1917 4236 2014 4302 fidem
2038 4245 2072 4303 et

411 4339 583 4424 proposito
607 4337 738 4402 tacendi
761 4339 1016 4403 necessitatem?
1062 4337 1192 4420 secede,
1216 4357 1351 4423 quaeso,
1375 4337 1415 4402 ad
1438 4343 1580 4423 tempus,
1610 4338 1709 4402 oflicii
1733 4342 2070 4424 censuragravioris:

412 4461 593 4526 numquam
616 4447 649 4505 te
673 4446 831 4527 oportune
856 4441 984 4527 gaudiis
1007 4443 1179 4508 miscuisti.
1216 4441 1450 4528 prophetarum
1474 4442 1688 4526 insignissimi
1713 4441 1773 4507 sub
1794 4443 1900 4528 legem
1917 4464 2069 4522 versuum

410 4546 511 4610 verba
543 4544 733 4631 redigentes
762 4547 907 4613 carmine
935 4545 1098 4613 desideria
1129 4568 1188 4612 sua
1215 4553 1249 4612 et
1275 4553 1353 4612 rota
1384 4547 1586 4624 cecinerunt,
1617 4545 1725 4610 divino
1753 4553 1889 4631 pectora
1918 4545 2070 4613 dedicata

514 4840 528 4892 1
553 4842 622 4908 quod
639 4841 664 4892 Β
767 4843 901 4896 uarietatis
918 4841 944 4894 B
1081 4841 1099 4894 2
1121 4844 1262 4911 spiritualis
1278 4843 1293 4893 d
1315 4851 1343 4892 ut
1361 4857 1459 4907 seraper
1597 4837 1615 4890 3
1635 4841 1771 4914 minatium
1784 4840 1840 4906 LP,
1864 4843 2017 4894 minantium
2031 4842 2069 4894 Τὸ

407 4926 425 4978 4
443 4929 621 4980 uenerandab
724 4926 741 4979 6
759 4931 841 4981 secuti
857 4930 882 4979 V
947 4930 1109 4981 recciderunt
1121 4928 1216 4994 B1V1,
1233 4930 1379 4982 reciderunt
1395 4928 1488 4994 reliqui
1593 4924 1608 4978 7
1625 4929 1729 4979 discinit
1747 4929 1853 4991 corticea
1870 4929 1967 4980 emend.
1980 4927 2069 4980 Sabou

410 5011 427 5064 8
447 5016 599 5068 calamitatis
618 5033 665 5066 cm.
679 5015 712 5080 B,
735 5016 890 5068 calamitatis
907 5023 1008 5083 praeter
1026 5016 1092 5067 coni.
1104 5016 1201 5068 Hartel
1340 5013 1374 5066 10
1397 5015 1549 5066 decisionem
1567 5015 1590 5079 b,
1612 5015 1761 5067 diuisionem
1773 5014 1807 5078 B,
1831 5014 1976 5066 firmitatem
1994 5014 2069 5066 ceteri

295 5171 297 5178 .
408 5103 473 5154 fines
486 5104 554 5168 libri,
570 5103 669 5156 emam.
682 5104 778 5156 Hartel
838 5105 976 5172 contigerit
988 5103 1074 5168 BVL,
1091 5105 1246 5172 contigerint
1262 5101 1291 5167 T,
1308 5103 1474 5170 contigerunt
1485 5099 1524 5152 Pb
1620 5099 1652 5151 11
1670 5102 1784 5169 prasscle
1796 5101 1822 5152 Β
1880 5101 2023 5152 sacerdotes
2036 5101 2069 5164 B,

409 5191 550 5242 sacerdotis
568 5192 644 5243 ceteri
767 5189 799 5241 12
817 5207 850 5243 ne
868 5188 1001 5258 cruentae]
1022 5206 1070 5242 nec
1090 5198 1206 5242 mentem
1219 5189 1230 5254 ΙΙ
1242 5189 1276 5254 Β,
1298 5205 1346 5242 nec
1364 5196 1485 5242 ruentum
1497 5188 1594 5240 Hartel
1715 5185 1903 5250 lausanen,
1921 5188 2009 5239 ualent
2024 5185 2069 5238 Vn

406 5284 535 5342 pestremo
558 5275 637 5328 Sirra.
777 5274 811 5328 14
829 5277 920 5330 sdtem
935 5276 961 5327 V
1060 5277 1216 5344 inpugnanti
1228 5275 1273 5327 13⁰
1413 5272 1445 5326 lb
1463 5273 1522 5343 nec]
1543 5292 1576 5327 ns
1591 5275 1652 5326 VLb
1791 5271 1823 5325 16
1840 5274 1976 5342 contigerit
1989 5273 2067 5324 Sirra.

407 5361 440 5413 l'l
459 5363 583 5428 quicquid
599 5362 623 5411 V
679 5364 764 5430 patuit
781 5381 830 5414 ora.
842 5363 868 5414 Β
934 5347 1058 5416 accusaff
1070 5362 1147 5413 VLT
1204 5362 1358 5414 clandistina
1369 5361 1395 5412 Β
1472 5397 1473 5400 ¹
1492 5359 1525 5414 19
1543 5363 1635 5415 melius
1653 5361 1738 5414 aliieb
1833 5357 1868 5411 20
1885 5357 2069 5425 αοῐηιι11ι1.1οι·

406 5439 484 5513 (cros.
504 5447 531 5513 a)
551 5447 578 5497 B
678 5445 712 5498 21
738 5448 808 5512 arce]
831 5450 909 5501 arche
924 5449 958 5513 B,
983 5457 1038 5502 arte
1051 5449 1089 5500 Pb
1195 5446 1229 5499 22
1247 5455 1363 5500 maturus
1384 5448 1430 5499 sed
1447 5449 1509 5511 fort.
1614 5444 1649 5498 23
1667 5444 1809 5515 discipulis]
1829 5447 1970 5514 disciplinis
1987 5445 2067 5498 Siras.

406 5531 440 5584 24
459 5551 576 5602 conpone
589 5533 623 5598 B,
640 5550 774 5601 compesce
792 5535 877 5598 cauri,
894 5542 961 5587 recte
971 5536 1040 5602 sort.

512 5635 558 5705 [11]
593 5635 628 5689 26
650 5635 761 5704 diaconi]
788 5623 828 5689 ὗ·
841 5637 919 5689 BVL
988 5641 1020 5692 de
1038 5656 1087 5691 orn.
1105 5639 1129 5689 T
1136 5647 1159 5690 et
1172 5637 1249 5690 Sirra.
1355 5635 1390 5690 28
1408 5639 1580 5707 peregrinanti
1599 5655 1671 5690 mens
1683 5638 1717 5703 B,
1733 5640 1868 5707 peregrina
1885 5639 1977 5690 timens
1993 5638 2069 5689 ceteri

404 5733 531 5794 manante
545 5725 590 5776 Βιι
703 5721 738 5776 29
755 5725 904 5777 confidetB
1015 5724 1048 5778 31
1067 5735 1221 5779 mantuanos
1234 5724 1260 5777 Β
1329 5727 1480 5780 asseruitV
1584 5723 1619 5779 34
1637 5725 1908 5795 opportuneeditorer,
1923 5732 1952 5776 at
1969 5741 2068 5794 suaper·

2127 2577 2153 2617 20

2126 3096 2151 3135 db

2123 4062 2149 4101 ³0
