4538 6436
677 378 765 432 nx1n
785 377 907 446 (nmen.
926 379 951 440 a,
969 377 1024 444 ao),
1044 377 1132 431 nxvv
1150 376 1273 443 (nmen.
1291 378 1316 440 e,
1334 378 1387 444 aa).

837 669 963 738 mn
987 669 1097 756 (aaran.
1114 673 1144 752 2,
1162 669 1228 754 26).

796 863 1034 946 ENNODIVS
1061 863 1269 942 LIBERJO.

315 1012 398 1104 Aut
420 1041 518 1106 alitur
538 1046 597 1106 aut
618 1045 823 1106 sustentatur
846 1039 1024 1126 scriptione
1052 1037 1233 1125 diligentia.
1279 1039 1431 1106 ministra
1452 1037 1636 1104 affectionis
1657 1045 1711 1106 est
1730 1040 1889 1127 aptatu-t

205 1145 281 1210 laris
304 1143 534 1212 confabulatio.
572 1153 663 1210 muta
686 1145 803 1210 caritas
827 1143 1036 1208 simulacrum
1058 1150 1248 1229 praesentat
1271 1144 1400 1230 ingrati.
1439 1142 1604 1229 depretiat
1619 1145 1751 1230 genium
1767 1168 1862 1212 suum

206 1267 290 1332 quae
323 1247 357 1312 in
390 1267 505 1312 vocem
538 1268 606 1312 non
639 1248 820 1334 prorumpit
858 1247 1012 1314 amicitia.
1067 1246 1152 1312 bene
1188 1253 1351 1316 secretum
1387 1248 1530 1333 pectoris
1567 1255 1733 1314 reseretur
1767 1249 1861 1316 clave

141 1382 152 1418 c
205 1350 374 1416 sermonis.
412 1349 601 1436 dignatione
631 1357 741 1416 vestra
772 1352 836 1416 iam
867 1349 973 1436 potior
1000 1349 1082 1414 haec
1111 1370 1169 1435 pro
1196 1350 1321 1435 ingenii
1349 1351 1474 1416 viribus
1498 1350 1662 1437 paginalis
1686 1352 1862 1418 conmercii

203 1454 382 1520 libamenta
405 1453 565 1536 dedicavi,
588 1477 647 1542 per
670 1475 754 1541 quae
776 1473 899 1540 usurpo
923 1453 1089 1518 vindicare
1112 1453 1192 1518 mihi
1214 1455 1364 1519 meritum
1380 1455 1454 1540 plus
1471 1455 1621 1521 amantis.
1661 1475 1757 1522 nemo
1774 1457 1862 1521 enirn

203 1558 435 1624 taciturnitatis
465 1559 623 1644 repagulo
652 1580 710 1623 cra
738 1559 889 1645 porrigit,
922 1579 1019 1643 quem
1053 1556 1155 1623 decisi
1183 1557 1326 1622 foederis
1354 1578 1536 1624 memorem
1565 1559 1714 1645 proditor
1739 1561 1859 1625 mentis

204 1661 348 1746 loquella
375 1681 440 1725 non
473 1660 603 1727 deserit.
653 1663 835 1750 principem
870 1682 948 1748 ergo
985 1662 1090 1726 locum
1124 1662 1157 1724 in
1191 1662 1351 1726 litteraria
1386 1663 1610 1728 communione
1643 1661 1796 1749 possideo
1827 1666 1893 1729 etl

203 1765 316 1829 maiori
339 1765 467 1830 cultura
489 1765 607 1851 dignus
633 1787 721 1842 sum,
751 1767 804 1852 qui
830 1767 919 1854 prior
941 1767 1018 1852 quid
1041 1767 1198 1852 gestirem
1221 1767 1364 1851 patefeci
1387 1767 1519 1852 liuguae
1543 1768 1741 1834 testimonio.
1785 1788 1863 1834 ecce

204 1868 397 1952 religionem
425 1867 616 1954 dirigendae
648 1871 790 1958 paginae
821 1871 892 1936 sine
921 1871 1008 1935 nube
1039 1869 1188 1935 disserui.
1233 1877 1379 1936 vestrum
1409 1877 1461 1936 est
1488 1871 1522 1934 in
1553 1891 1605 1934 me
1634 1870 1746 1938 fovere
1777 1871 1862 1957 quod

203 1973 388 2058 recepistis,
427 1994 468 2038 ne
498 1973 619 2038 iudicia
652 1974 801 2038 culminis
830 1974 933 2038 vestri
963 1994 1015 2038 me
1046 1973 1176 2038 iacente
1206 1975 1374 2059 patiantur
1407 1994 1556 2040 examen.
1610 1975 1745 2060 exponit
1776 1975 1861 2038 enim

203 2096 361 2141 censurae
386 2078 583 2142 sententiam
607 2099 699 2144 suam
730 2078 875 2163 quisquis
904 2076 990 2163 quod
1020 2078 1121 2162 elegit
1151 2098 1215 2142 non
1245 2083 1364 2142 tuetur.
1409 2076 1540 2141 domine
1569 2077 1627 2157 mi,
1659 2078 1894 2142 salutationis3

204 2180 422 2244 reverentiam
447 2182 545 2266 pleno
569 2180 760 2268 dependens
784 2181 943 2266 obsequio
967 2180 1065 2246 deum
1094 2201 1187 2266 rogo,
1219 2187 1256 2245 ut
1279 2180 1511 2246 beneficiorum
1539 2181 1626 2246 circa
1648 2201 1707 2244 vos
1731 2201 1862 2246 suorum

203 2283 404 2348 incrementa
432 2285 642 2371 multiplicet,
677 2286 752 2371 quia
780 2286 870 2349 solus
899 2304 1019 2348 census
1049 2291 1101 2348 est
1129 2304 1276 2348 meorum
1307 2284 1498 2370 plenissime
1527 2283 1776 2364 conmodorum,
1809 2285 1864 2369 qui

140 2418 151 2454 ι
205 2386 432 2451 celsitudinem
456 2395 600 2454 vestram
623 2387 664 2452 ad
687 2388 821 2474 lastigie
843 2409 926 2474 quae
949 2389 1112 2453 debentur
1135 2390 1302 2454 extulerit.

843 2677 958 2746 LXIV
982 2680 1092 2766 (never.
1110 2684 1140 2762 2,
1158 2681 1223 2764 27).

759 2873 1033 2948 HONORATO
1060 2874 1310 2949 ENNODIVS.

316 3025 363 3116 In
386 3052 554 3116 vicinitate
585 3072 643 3115 vos
674 3050 796 3137 degere
826 3052 984 3118 moderna
1012 3055 1187 3141 scriptione
1217 3055 1389 3139 signastis,
1419 3054 1592 3138 iungentes
1624 3052 1665 3118 ad
1695 3053 1891 3140 dispendial

204 3157 396 3242 gaudiorum
425 3162 547 3221 statum
571 3163 699 3222 vestrae
729 3157 919 3222 valitudinis
947 3159 1153 3223 inminutum.
1199 3179 1264 3222 non
1291 3179 1390 3242 nego,
1423 3158 1470 3222 sic
1499 3179 1638 3236 mereor,
1670 3164 1706 3221 ut
1735 3180 1864 3245 semper

206 3261 283 3325 mihi
314 3283 387 3325 oum
415 3260 567 3325 dulcibus
597 3281 708 3325 amara
739 3262 916 3328 socientur.
959 3262 1118 3327 hactenus
1146 3283 1203 3325 vos
1227 3260 1474 3326 Rauennatibus
1506 3267 1683 3348 occupatos
1714 3261 1863 3326 excubiis

125 3395 131 3408 ·
205 3364 343 3430 adversa
365 3370 556 3446 tenuerunt,
588 3364 674 3428 unde
704 3365 780 3450 quia
803 3366 909 3431 laxari
934 3367 1087 3452 contigit,
1119 3367 1295 3452 corporalis
1319 3367 1352 3429 in
1376 3365 1467 3430 vobis
1492 3373 1543 3430 est
1564 3365 1764 3430 labefactata
1787 3366 1864 3430 sub-

205 3469 340 3548 stantia,
373 3489 414 3532 nc
446 3468 479 3532 in
511 3474 616 3533 totum
649 3469 764 3534 liceret
795 3475 907 3555 optata
938 3471 1128 3557 promereri.
1180 3491 1277 3556 quam
1307 3469 1388 3534 dura
1418 3475 1470 3533 cst
1503 3469 1718 3534 humanarum
1753 3472 1896 3534 rerum2

205 3572 363 3653 condicio,
387 3593 470 3657 quac
495 3572 647 3657 quotiens
670 3571 844 3638 desideriis
867 3574 974 3657 aliquo
999 3595 1117 3660 sapore
1135 3571 1350 3658 responderit,
1374 3593 1451 3636 mcx
1468 3578 1501 3636 ct
1517 3573 1550 3636 in
1566 3571 1691 3636 foribus
1708 3593 1865 3638 concessa

205 3682 376 3763 permutat.
415 3675 534 3761 expavi
554 3681 663 3740 tamen
681 3676 887 3755 calumniam,
911 3697 1007 3763 quam
1032 3677 1173 3742 oratoria
1196 3683 1229 3740 ct
1252 3676 1346 3740 nimis
1369 3674 1508 3740 daedala
1531 3675 1717 3760 provisione
1741 3675 1861 3741 litteris

204 3778 360 3860 indidisti,
386 3786 420 3845 ut
443 3780 589 3844 iniuncta
611 3800 669 3866 pro
688 3781 830 3845 utilitate
846 3788 904 3846 tua
918 3783 1004 3846 nolle
1021 3802 1073 3846 me
1091 3780 1218 3858 credas,
1241 3781 1267 3842 si
1284 3779 1416 3844 efficere
1433 3801 1498 3844 uon
1514 3779 1661 3866 potuisse
1678 3778 1861 3864 signavero.

126 3907 151 3942 ·.ι
206 3907 225 3948 o
249 3885 382 3949 artificis
405 3884 529 3968 ingenii
553 3889 732 3960 secretum,
757 3884 843 3970 quod
867 3887 940 3973 plus
964 3884 1183 3952 commoditati
1208 3884 1363 3970 prospicit
1386 3904 1483 3969 quam
1507 3881 1548 3946 de
1572 3903 1683 3948 amore
1707 3883 1864 3950 confidat!

207 3988 287 4053 deus
310 3989 405 4053 testis
429 3994 481 4052 est
502 4009 555 4052 me
579 3988 638 4051 tibi
660 4009 726 4052 non
749 3995 944 4073 negaturum
968 4009 1041 4052 esse
1066 3987 1154 4074 quod
1177 3988 1280 4053 valeo.
1326 3991 1362 4050 tu
1386 3985 1484 4051 deum
1513 4007 1606 4073 roga,
1636 3991 1674 4050 ut
1701 3987 1897 4052 actionem3

206 4113 313 4156 meam
340 4091 518 4156 infelicium
546 4111 627 4176 quas
656 4089 764 4176 diligis
787 4091 971 4156 litterarum
994 4111 1058 4154 non
1081 4089 1224 4177 patiatur
1248 4091 1491 4155 calamitatibus
1515 4089 1664 4178 inpediri.
1710 4089 1792 4155 nihil
1815 4099 1867 4155 est

207 4197 304 4272 enim,
329 4194 415 4280 quod
432 4195 537 4280 magis
553 4215 612 4281 pro
629 4193 723 4259 obice
746 4204 892 4258 metuam
914 4194 1050 4258 actionis
1073 4194 1234 4278 inpositae
1259 4214 1356 4278 quam
1380 4193 1471 4274 illud,
1496 4192 1583 4280 quod
1606 4193 1692 4273 novi,
1716 4194 1866 4281 accipere

207 4299 440 4363 scholasticum
463 4297 508 4362 nil
531 4298 661 4362 mereri.
707 4297 819 4361 confer
841 4297 946 4382 magis
976 4297 1143 4382 ingenium
1173 4305 1264 4360 tuum
1294 4295 1334 4360 ad
1364 4299 1548 4383 squalentia
1576 4298 1664 4376 iura,
1695 4318 1755 4383 per
1783 4318 1866 4383 quae

128 4426 154 4459 ·ι
208 4400 364 4487 quidquid
389 4399 541 4466 scabrida
563 4401 713 4486 poposcit
735 4401 847 4484 lingua
870 4422 945 4464 mox
961 4401 1081 4466 meruit
1098 4408 1163 4480 aut,
1188 4401 1215 4464 si
1232 4422 1298 4465 non
1314 4402 1443 4482 meruit,
1465 4422 1543 4465 mox
1559 4400 1688 4465 avulsit.
1727 4400 1900 4480 dominat

208 4504 414 4568 salutationis
438 4505 577 4588 gratiam
602 4503 734 4567 solvens
759 4524 866 4588 spero,
890 4509 927 4567 ιιι
951 4504 1065 4568 effusis
1088 4503 1235 4568 laborem
1258 4525 1366 4568 meum
1383 4505 1536 4590 precibus
1555 4505 1658 4584 iuves,
1683 4505 1768 4589 quia,
1793 4525 1865 4568 oum

207 4629 271 4672 non
294 4609 435 4674 habeam
458 4606 543 4672 docti
566 4611 622 4670 aut
645 4605 764 4672 eruditi
787 4608 951 4688 meritum,
976 4628 1075 4694 saepe
1099 4608 1132 4672 in
1156 4608 1262 4672 causis
1287 4609 1434 4673 sustineo
1457 4610 1524 4673 fata
1547 4608 1694 4696 perfecti.

217 4768 625 4776 ..-.-.--—-.-.-.——.-,-—.

311 4867 420 4936 [LXIII]
451 4867 469 4920 2
484 4869 559 4921 alitor
569 4869 594 4919 Β
654 4867 793 4920 scribticna
804 4866 830 4917 Β
930 4865 947 4918 3
964 4876 1137 4936 repraesentat
1149 4865 1228 4918 Sirm.
1328 4867 1345 4917 ἶ)
1362 4869 1536 4936 dignationem
1549 4867 1629 4921 sim.
1694 4876 1805 4921 casuum
1820 4868 1870 4920 ΒΡ

207 4965 230 5006 ct
243 4954 321 5008 sim.
392 4957 475 5024 potior
487 4955 582 5019 BC'I’b,
599 4955 682 5022 patior
697 4953 772 5005 VLT
871 4953 888 5004 8
905 4953 1012 5020 loquilla
1022 4953 1055 5018 B,
1073 4955 1174 5021 loquela
1191 4953 1215 5004 V
1284 4991 1285 4996 ,
1316 4954 1346 5006 ll
1366 4953 1506 5023 recepistis]
1520 4956 1622 5024 cepistis
1635 4955 1663 5019 0,
1680 4957 1800 5024 coepistis
1811 4956 1827 5006 b
1840 4964 1868 5006 ιιι

210 5040 304 5092 CXIX
311 5045 336 5104 3,
353 5043 389 5092 cl.
495 5039 527 5092 12
544 5040 588 5108 mi]
607 5042 670 5093 mibi
682 5040 784 5091 BVLO

312 5145 419 5215 [LXIV]
456 5146 487 5199 17
506 5147 682 5200 scribtionsB
813 5146 846 5198 18
867 5147 1017 5200 ualitudinis
1035 5155 1061 5200 st
1078 5147 1235 5199 inminutum
1252 5147 1291 5198 Va
1378 5156 1408 5199 ut
1425 5163 1481 5213 sap.
1494 5149 1540 5198 lia.
1557 5143 1630 5210 W,
1652 5145 1722 5210 etL,
1746 5163 1795 5197 om.
1810 5146 1869 5197 cPo

211 5233 242 5285 19
258 5235 359 5287 sctinus
376 5235 402 5286 B
548 5232 580 5286 21
600 5235 679 5286 ιιιιιῐιιι
694 5232 698 5299 Ι
714 5251 771 5286 ι·ιιιιι
788 5234 817 5284 io
834 5251 884 5299 mg.
902 5251 936 5284 na
954 5233 1016 5284 add.
1030 5231 1056 5283 B
1203 5231 1238 5286 22
1255 5234 1420 5302 responderet
1436 5233 1462 5282 B
1526 5257 1527 5260 ¹
1608 5229 1643 5282 23
1661 5233 1753 5299 expavi
1771 5230 1868 5299 mmeu]

208 5323 394 5388 expauimcnu
408 5337 464 5387 susp.
478 5321 523 5372 lin.
539 5329 567 5373 ta
579 5321 605 5370 Β
690 5321 780 5372 ‹ledabs
797 5319 825 5384 V,
842 5318 938 5370 deddc
954 5335 1010 5385 sup.
1024 5320 1060 5370 lis.
1078 5337 1095 5370 s
1108 5337 1142 5370 m.
1155 5324 1171 5370 2
1183 5319 1209 5370 Β
1334 5317 1369 5370 24
1386 5319 1504 5371 irrdedisti
1517 5319 1543 5368 Β
1668 5317 1703 5370 25
1720 5319 1832 5371 artificas
1845 5319 1870 5368 B

208 5404 241 5456 27
259 5408 345 5473 diligis
357 5406 391 5470 B,
408 5407 493 5474 diligit
505 5408 579 5458 ceteri
686 5404 721 5458 28
739 5407 807 5458 onim
825 5406 889 5458 cstb
999 5404 1034 5458 29
1052 5407 1213 5458 scolasticum
1231 5407 1254 5456 V
1354 5405 1388 5458 30
1406 5407 1529 5474 quicquid
1547 5406 1570 5456 V
1672 5403 1707 5456 32
1724 5424 1799 5474 saepo
1811 5406 1870 5470 BL,

209 5510 253 5560 spe
271 5511 326 5560 aurp.
339 5511 387 5544 scr.
401 5510 415 5544 c
428 5493 456 5556 V,
473 5511 517 5561 spe
533 5494 590 5545 c'Pc
661 5501 780 5544 susteneo
795 5493 820 5542 B
890 5494 941 5543 fate
954 5491 1064 5555 BVLT,
1083 5495 1149 5544 facta
1167 5496 1218 5544 fata
1233 5493 1291 5544 c'Po
