4612 6442
146 1957 171 1994 10

145 2472 171 2511 15

145 2985 174 3025 20

143 3504 171 3543 25

618 371 657 426 1v
676 373 799 442 (uersa.
819 375 842 438 1,
862 375 897 444 1),
915 373 941 427 v
959 373 1082 444 (uersa.
1101 375 1125 440 1,
1143 374 1181 444 a),
1198 375 1238 428 v1
1256 373 1380 444 (sarar.
1399 376 1424 440 1,
1441 374 1478 444 a).
1798 361 1800 365 ’
1858 381 1878 443 9

224 543 316 609 cuius
339 545 575 631 perfectionem
598 547 836 613 interdicendi
860 550 1035 614 simulacra
1057 549 1240 630 meditaris,
1271 549 1444 614 oblivionis
1468 570 1596 635 quoque
1620 572 1680 636 par
1702 572 1776 616 csse
1800 572 1878 615 con-

224 648 351 713 tendas.
390 648 449 714 sed
465 649 507 716 ad
523 651 685 736 epistulae
701 672 825 716 morem
842 659 998 735 revertar,
1022 675 1119 740 quam
1135 653 1266 718 affectio
1283 659 1340 717 tua
1362 652 1396 717 in
1418 653 1551 738 longum
1574 652 1737 739 produxit.
1778 655 1911 736 salve,7

225 752 267 816 mi
290 751 432 835 domine,
456 759 490 818 et
513 761 676 819 amantem
700 754 746 818 tui
770 754 998 840 frequentibus
1022 757 1093 822 cole
1118 757 1236 820 muniis
1258 757 1453 836 litterarum,
1476 777 1518 821 ne
1542 756 1661 821 amoris
1685 758 1880 822 contestatio

225 855 305 936 sola,
329 855 414 920 sicut
437 857 470 920 in
493 857 687 942 quibusdam
712 880 783 924 esse
808 860 903 941 solet,
926 861 1051 946 praevii
1075 861 1107 924 in
1130 867 1163 926 te
1187 866 1320 947 putetur
1343 860 1492 926 extitisse
1517 860 1688 926 sennonis.

908 1168 1071 1255 literar.
1098 1175 1125 1252 1,
1150 1169 1196 1256 2).

838 1364 1076 1440 ENNODIVS
1102 1365 1278 1442 FLORO.

336 1495 434 1588 Novi
461 1546 513 1588 me
549 1524 661 1589 duram
690 1528 817 1613 cepisse
854 1525 1054 1611 provinciam
1084 1531 1118 1588 et
1148 1544 1281 1606 gravem
1312 1524 1475 1587 sarcinam
1503 1525 1624 1588 umeris
1653 1525 1789 1589 infirmis
1816 1525 2027 1627 ad-tpffigssft,²

224 1627 354 1707 tollere,
386 1627 440 1712 qui
467 1629 699 1695 sublimitatem
732 1635 822 1694 tuam
852 1635 1008 1716 quantum
1036 1627 1077 1693 ad
1105 1649 1158 1693 me
1190 1627 1332 1712 quietam
1355 1627 1530 1692 verborum
1560 1629 1698 1693 stimulis
1729 1630 1881 1697 excitavi.
1990 1612 1995 1624 ⁵
2029 1611 2036 1624 ⁶

225 1730 271 1794 sic
294 1730 437 1795 minaces
461 1731 559 1798 dente
581 1735 706 1799 bestias
727 1733 870 1799 invalida
885 1733 1020 1798 lacessit
1036 1731 1261 1797 adulescentia
1277 1738 1320 1810 et,
1344 1730 1421 1795 dum
1437 1731 1561 1796 maiora
1575 1732 1698 1798 viribus
1713 1741 1881 1819 provocat,

225 1832 311 1918 quod
344 1835 476 1900 evenire
508 1843 613 1922 optat,
647 1839 869 1923 spectaculum
898 1843 991 1923 putat
1017 1856 1107 1918 esse,
1140 1855 1205 1898 non
1228 1835 1401 1921 proelium.
1447 1836 1493 1900 sic
1522 1857 1615 1901 mens
1644 1839 1881 1922 congressionis

223 1936 338 2020 ignara
366 1940 596 2005 certaminibus
627 1949 703 2008 ante
733 1942 891 2028 periclum
913 1940 1013 2006 debet
1037 1939 1200 2004 affectum.
1245 1939 1347 2003 leonis
1369 1938 1495 2004 rabiem
1519 1945 1552 2005 et
1575 1961 1672 2025 quam
1693 1941 1800 2028 Libya
1823 1945 1912 2008 alit2

223 2041 482 2128 bestiamlquam
504 2049 538 2108 te
561 2045 673 2130 lingua
696 2066 814 2111 censeo
839 2045 1010 2109 mitiorem.
1055 2064 1139 2129 quae
1168 2063 1219 2107 me
1249 2044 1477 2128 praecipitavit
1505 2043 1655 2108 inscitia?
1700 2047 1754 2130 qui
1784 2048 1882 2112 animi

222 2145 375 2210 fervore
404 2148 587 2232 cognitione
618 2151 664 2212 tui
696 2150 958 2235 peregrinantem
990 2146 1083 2211 duxit
1112 2147 1147 2211 in
1177 2145 1324 2228 devium,
1355 2152 1392 2210 ut
1418 2147 1578 2211 nescirem
1607 2147 1684 2232 quid
1713 2149 1883 2214 intentioni

223 2249 394 2314 lacessitus
417 2249 572 2334 deberet,
597 2253 651 2338 qui
675 2273 804 2338 semper
827 2251 1041 2316 contumelias
1064 2250 1186 2335 primus
1211 2250 1337 2336 incipit,
1361 2251 1471 2336 quiin
1494 2250 1683 2335 iniuriarum
1707 2253 1884 2337 gymnasiis

222 2372 399 2437 numquam
422 2354 542 2418 meruit
563 2354 771 2439 posthaberi?
817 2354 1008 2418 clericorum
1031 2358 1119 2418 certe
1144 2353 1438 2418 exercitatissimus
1461 2353 1663 2436 maledictor,
1687 2356 1741 2441 qui
1758 2355 1799 2420 ad
1823 2359 1911 2421 eos3

226 2475 355 2540 semper
377 2457 498 2521 novelli
521 2464 555 2522 et
582 2458 669 2522 acuti
699 2456 805 2522 dentis
833 2479 957 2522 morsus
986 2456 1148 2537 exhibuit,
1179 2478 1276 2542 quem
1299 2456 1439 2523 evadere
1463 2457 1505 2521 ad
1527 2479 1672 2543 unguem
1694 2457 1792 2523 ducta
1815 2460 1882 2525 vita

224 2579 289 2622 non
311 2561 443 2642 meruit,
473 2562 524 2625 cui
552 2563 650 2626 cessit
679 2562 781 2626 omnis
814 2561 954 2627 eruditio
978 2567 1011 2626 et
1039 2562 1131 2646 quasi
1154 2566 1298 2626 cometes
1328 2561 1419 2626 sidus
1447 2561 1672 2646 religiosorum
1701 2562 1784 2648 fugit
1805 2564 1879 2628 uni·

224 2661 379 2726 versitas:
413 2663 500 2728 hunc
524 2685 586 2749 ego
608 2664 762 2751 inprobus
785 2670 819 2729 et
841 2664 947 2728 fronte
971 2662 1088 2728 debilis
1111 2663 1263 2728 excitavi.
1301 2663 1363 2728 bac
1386 2663 1505 2728 fiducia
1520 2685 1749 2751 provocassem
1764 2671 1911 2731 ventos4

225 2765 267 2830 ad
289 2766 444 2850 flandum,
468 2767 509 2832 ad
533 2789 662 2834 cursum
684 2769 827 2850 flumina,
851 2767 1009 2832 Faustum
1032 2787 1140 2832 meum
1164 2765 1206 2830 ad
1229 2766 1425 2850 facundiam,
1449 2774 1569 2853 quate
1592 2767 1634 2832 ad
1656 2770 1883 2853 garrulitatem

223 2869 377 2954 loquendi
399 2893 517 2957 pareus
540 2872 669 2937 ferratis
693 2872 865 2936 verborum
888 2871 1031 2935 calcibus
1055 2871 1206 2936 animavi.
1250 2871 1399 2956 ignosce,
1430 2893 1569 2958 quaeso,
1594 2877 1627 2937 et
1650 2873 1736 2958 quod
1758 2874 1792 2938 in
1813 2874 1883 2939 aliis

226 2974 338 3038 vitium
354 2982 460 3060 putas,
484 2977 707 3041 taciturnitate
724 2980 874 3040 amantes
891 2996 1020 3061 sperne,
1044 2975 1172 3040 abstine
1189 2996 1209 3039 a
1223 2975 1398 3061 responsis,
1421 2982 1654 3061 provocantem
1670 2976 1789 3042 damna
1805 2999 1881 3042 con-

225 3083 362 3163 temptu.
400 3085 509 3144 tecum
532 3079 679 3145 decertet
702 3078 743 3144 de
765 3078 882 3145 mediis
905 3079 1014 3144 curiae
1038 3079 1164 3143 sinibus
1188 3078 1339 3143 eductus:
1364 3079 1450 3142 circa
1474 3077 1604 3144 Gallum
1626 3083 1777 3167 prosapia
1800 3103 1878 3146 con-

225 3183 352 3259 ticisce;
376 3183 495 3248 silentii
510 3183 569 3265 tui,
585 3185 613 3247 si
627 3184 810 3270 praevales,
834 3184 956 3248 talione
971 3183 1136 3249 multetur.
1175 3204 1265 3264 cave,
1286 3183 1330 3245 mi
1346 3181 1487 3264 domine,
1510 3203 1552 3247 ne
1568 3183 1706 3269 incipias
1722 3185 1880 3250 minorem
1893 3192 1912 3252 5
1925 3186 2036 3293 emp

223 3285 422 3371 loquacitate
445 3286 654 3372 provocando
677 3287 808 3351 humilis
832 3287 1007 3352 aestimari.
1053 3286 1130 3372 quid
1154 3285 1240 3352 enim
1262 3286 1384 3351 laboris
1409 3291 1460 3351 est
1483 3286 1646 3353 iacentem
1668 3287 1703 3352 iu
1726 3309 1766 3353 ea
1787 3296 1881 3375 parte

225 3411 379 3475 superare
403 3397 436 3455 et
459 3391 658 3477 triumphum
681 3390 721 3455 de
745 3412 783 3454 eo
808 3390 939 3472 ducere,
963 3391 1018 3477 qui
1041 3412 1077 3454 se
1100 3396 1177 3455 ante
1201 3391 1386 3454 conflictum
1407 3391 1554 3476 inparem
1579 3390 1773 3457 confitetur?
1812 3399 1882 3458 esto

226 3492 306 3557 mihi
328 3499 438 3558 tamen
462 3495 548 3581 apud
571 3494 724 3558 domnum
747 3493 905 3558 Faustum
934 3494 1053 3559 amoris
1081 3495 1145 3559 mei
1173 3493 1288 3576 fibula,
1318 3494 1346 3558 si
1369 3495 1533 3579 querellas
1556 3495 1703 3580 quamvis
1728 3502 1882 3582 angustas

227 3603 260 3663 et
283 3599 423 3663 rusticas
447 3599 560 3664 studes
585 3597 736 3664 evadere.

898 3835 949 3902 vl
972 3835 1082 3922 (rrrsr.
1109 3841 1137 3918 1,
1161 3835 1205 3922 3).

818 4030 1008 4105 FAVSTO
1035 4030 1284 4105 ENNODIVS.

336 4160 437 4256 Acta
467 4198 518 4256 est
550 4213 651 4257 causa
682 4190 836 4256 desiderii
868 4191 933 4254 mei
963 4189 1124 4254 beneficio
1156 4189 1389 4275 querellarum;
1423 4190 1541 4255 meruit
1569 4189 1760 4277 inpudentia
1793 4191 1907 4277 quodl

229 4294 372 4378 negabat
394 4295 571 4362 urbanitas.
616 4296 819 4380 diligentiam
841 4295 946 4359 sancti
968 4294 1118 4380 pectoris,
1142 4314 1240 4378 quam
1262 4294 1384 4360 artilex
1405 4294 1572 4359 silentium
1594 4296 1740 4380 tegebat,
1764 4296 1880 4371 elicui;

229 4397 493 4480 taciturnitatem,
517 4420 601 4485 quae
624 4399 665 4464 ad
688 4400 834 4464 fomenta
856 4399 979 4464 ardoris
1001 4398 1067 4463 mei
1090 4404 1206 4484 parata
1227 4397 1344 4480 iuerat,
1367 4399 1553 4475 tenninavi;
1576 4398 1780 4484 prorogando
1801 4399 1881 4464 viles

228 4502 364 4587 paginas
385 4504 524 4587 pretium
547 4504 707 4568 vincentis
730 4502 852 4588 accepi.
897 4503 944 4566 sie
967 4522 1098 4565 usuram
1121 4500 1237 4566 cultori
1260 4501 1389 4566 vexatis
1410 4501 1518 4566 reddit
1539 4501 1621 4566 uber
1642 4507 1732 4565 terra
1754 4502 1880 4587 caespi-

229 4605 315 4670 tibus
331 4612 364 4670 et
379 4605 519 4671 laturam
534 4607 677 4672 nobilem
694 4607 735 4672 de
751 4607 969 4692 singularibus
991 4607 1132 4692 parturit
1154 4605 1254 4691 gleba
1276 4604 1492 4690 germinibus;
1516 4605 1560 4669 sic
1584 4604 1625 4670 ad
1648 4625 1763 4670 vocem
1784 4607 1880 4670 unius

332 4865 347 4918 l
366 4868 502 4920 oblivionis
518 4869 560 4919 raia
576 4867 723 4933 serendam,
740 4869 831 4920 aialim
848 4869 966 4920 oblivisci
1074 4863 1092 4917 2
1109 4883 1186 4933 quem
1198 4865 1263 4917 BIh
1365 4861 1383 4916 4
1400 4866 1428 4916 iu
1445 4865 1599 4933 quibusdam
1616 4883 1673 4919 esso
1690 4866 1755 4918 solet
1766 4865 1799 4931 B,
1817 4866 1882 4918 solet

229 4953 255 5003 iu
274 4954 427 5020 quibusdam
444 4971 501 5007 ease
518 4956 593 5007 ceteri
662 4961 764 5022 potetur
775 4954 801 5005 Β

332 5053 378 5122 [V]
413 5055 430 5108 6
447 5057 564 5109 infirmus
581 5058 601 5107 Β
652 5058 768 5110 attollere
783 5057 808 5108 V
888 5056 906 5107 8
923 5057 1029 5108 minaeis
1042 5055 1189 5106 13⁶VLT1
1240 5054 1367 5105 sinualida
1377 5053 1423 5104 Ba
1474 5054 1642 5106 aduliscentia
1653 5053 1679 5104 Β
1766 5053 1801 5106 10
1817 5058 1882 5124 peri·

229 5140 315 5190 culum
334 5137 391 5192 wo
460 5143 511 5194 alet
522 5143 555 5206 B,
573 5143 644 5194 alitio
663 5143 742 5195 Strm.
845 5140 877 5193 11
896 5143 941 5210 qui
958 5143 1037 5194 animi
1049 5138 1149 5205 BGPo,
1166 5140 1227 5210 quia
1243 5141 1319 5191 nimis
1334 5139 1409 5190 VLT
1509 5138 1542 5190 12
1559 5141 1664 5194 debium
1675 5141 1702 5191 Β
1805 5140 1839 5194 13
1856 5144 1883 5194 in

228 5225 378 5278 iniuriarum
394 5227 447 5292 Bb,
470 5230 498 5279 in
515 5247 563 5281 om.
582 5229 657 5281 ceteri
747 5230 886 5296 gemnssiis
903 5228 930 5278 Β
1053 5225 1088 5279 14
1110 5245 1225 5294 nuquam
1245 5226 1291 5277 VJ,
1424 5224 1457 5278 16
1479 5233 1590 5280 cometes
1607 5227 1645 5292 Β,
1667 5235 1782 5282 cometen
1801 5225 1884 5293 VLT,

229 5321 351 5366 cometem
364 5309 414 5364 ΟΡ
517 5313 548 5366 ll
566 5314 623 5383 ego]
642 5317 730 5384 argob
800 5323 894 5368 uentus
906 5315 932 5366 Β
1034 5312 1071 5367 20
1087 5315 1259 5367 taciturnitate
1277 5313 1377 5380 ambri,
1393 5314 1592 5365 taciturnitatem
1605 5313 1666 5366 libri
1725 5322 1840 5367 amanus
1849 5314 1882 5381 B,

228 5402 336 5452 anuntio
356 5401 432 5452 ceteri
523 5409 704 5468 prouocantem
720 5402 765 5453 ΒΙΙ
885 5399 918 5453 21
937 5403 1043 5454 sinebas
1055 5401 1093 5466 B,
1113 5401 1219 5453 senibus
1235 5399 1276 5449 Vr
1361 5399 1502 5451 conticesce
1517 5397 1543 5448 V
1662 5395 1697 5450 22
1718 5401 1846 5467 praeuslis
1857 5401 1883 5452 Β

229 5488 351 5540 multetur
362 5487 396 5552 B,
412 5489 550 5540 multemur
567 5490 642 5541 ceteri
745 5487 780 5542 25
797 5490 875 5542 liuolu
886 5489 912 5538 B
980 5489 1098 5556 querelas
1114 5488 1138 5538 V
1236 5483 1271 5538 26
1289 5486 1376 5538 studes
1393 5483 1419 5552 (e
1436 5485 1464 5536 in
1481 5481 1529 5548 lit.)
1541 5483 1567 5532 B

332 5587 391 5658 [Vl]
426 5589 459 5642 21
472 5593 604 5645 Enuodius
615 5595 711 5646 Fausto
724 5595 739 5646 b
837 5591 872 5645 28
883 5594 1045 5661 querelarum
1059 5592 1084 5642 V
1180 5589 1214 5643 31
1232 5588 1354 5656 uslluram
1364 5588 1390 5640 Β
1445 5587 1546 5641 uexatis
1558 5587 1612 5652 13⁶,
1630 5604 1648 5638 u
1659 5604 1737 5654 saper
1749 5590 1758 5641 i
1770 5607 1819 5642 scr.
1832 5589 1882 5640 13⁶

229 5681 293 5732 uber
310 5695 359 5729 our.
378 5677 393 5728 b

330 5769 467 5826 Essemus.
1657 5765 1675 5820 2
