4596 6450
419 327 481 390 188
1094 321 1186 376 ooxn
1205 321 1338 391 (orusc.
1356 323 1393 391 4).

417 497 481 560 iliis
509 494 629 559 mundo
665 495 752 559 lama
787 495 970 574 nuntiaret,
1009 515 1145 580 quorum
1182 495 1281 558 vitam
1314 496 1612 580 conscientiamque
1640 497 1737 581 plene
1767 496 1881 562 videor
1911 499 2071 579 elocutus,

420 621 492 663 cum
521 600 703 685 expetitam
727 619 786 685 pro
809 597 863 661 dei
897 598 1014 661 timore
1044 598 1278 662 habitationem
1307 600 1378 663 sine
1415 598 1503 664 nube
1537 599 1678 683 vulgavi.
1730 599 1823 663 brevi
1853 606 1929 685 post
1956 602 2070 667 horum

417 723 501 774 unus
530 703 722 788 absumptus
750 708 813 780 est,
849 709 881 764 et
914 702 1035 765 terreni
1066 702 1205 766 carceris
1236 703 1320 766 mole
1348 701 1499 788 deposita
1527 701 1709 766 aetheriam
1740 703 1952 769 valitudinem
1986 705 2067 770 felix

366 807 527 872 22snima
551 808 738 893 resumpsit.
784 825 859 869 nam
891 805 1107 870 absolutionis
1137 807 1205 870 eius
1230 815 1375 892 tempore
1399 807 1550 870 columna
1572 807 1670 891 ignea
1694 805 1781 871 beati
1806 807 1941 872 Antonii
1964 810 2068 874 oculis

415 911 544 995 ingesta
565 917 616 975 est
639 910 680 975 ad
703 910 831 974 caelum
854 930 957 996 usque
981 911 1187 996 pertingens,
1217 909 1329 988 credo,
1362 918 1397 972 ut
1421 909 1618 974 venerabilis
1641 910 1702 974 viri
1731 909 1812 974 fides
1836 917 1870 975 st
1892 911 1989 978 ardor
2011 914 2067 977 ille
2135 945 2147 981 5

415 1013 567 1078 vitiorum
590 1012 745 1078 decoctor
761 1015 869 1099 typico
884 1021 1119 1077 monstraretur
1142 1013 1305 1077 incendio.
1344 1019 1420 1077 tuno
1443 1013 1520 1079 dum
1543 1013 1588 1078 ibi
1611 1013 1665 1078 dei
1683 1014 1788 1078 cultor
1803 1020 1873 1078 tota
1890 1015 2068 1103 disciplinis
2082 1006 2104 1048 ¹²·
2118 1003 2159 1044 ⁴²²

416 1117 613 1182 caelestibus
637 1117 753 1181 virium
783 1138 914 1182 suarum
943 1119 1016 1181 vela
1044 1118 1173 1181 laxaret
1200 1127 1235 1181 et
1264 1139 1324 1203 per
1354 1119 1445 1182 sinus
1473 1118 1602 1182 animae
1626 1121 1836 1204 corporisque
1861 1120 2070 1186 extmdentia

416 1221 528 1307 paleas
551 1221 654 1286 flabra
683 1222 881 1306 susciperet:
917 1221 1008 1284 cuius
1033 1221 1161 1304 vigilias
1193 1222 1314 1286 ieiunia
1343 1221 1493 1286 lectionis
1516 1221 1747 1286 adsiduitatem
1771 1223 1840 1286 iure
1864 1225 2068 1310 replicarem,

416 1326 477 1389 nisi
501 1324 658 1390 haberem
680 1324 830 1408 digniora
853 1331 1047 1388 memoratu:
1078 1345 1256 1409 numquam
1279 1325 1334 1388 ille
1357 1324 1466 1389 cibum
1490 1326 1625 1411 sumpsit
1648 1327 1709 1389 nisi
1732 1326 1907 1391 fatiscente
1931 1349 2067 1414 corpus-

364 1427 508 1510 230ulo,
542 1450 720 1514 numquam
749 1429 811 1493 nisi
839 1430 1002 1516 exemptis
1031 1429 1130 1493 officii
1158 1430 1277 1508 muniis
1309 1429 1561 1495 sollicitudinem
1590 1431 1700 1516 quiete
1731 1430 1864 1494 laxavit.
1910 1430 1968 1502 sed
1990 1431 2068 1515 quid
2124 1467 2148 1504 10

415 1537 578 1610 retexam,
614 1553 697 1618 quae
730 1533 941 1619 perfectionis
972 1532 1124 1598 habuerit
1154 1535 1373 1598 instrumenta
1402 1533 1567 1619 perfectus
1596 1541 1653 1597 aut
1680 1554 1739 1619 per
1766 1554 1845 1619 quos
1875 1534 1995 1620 gradus
2029 1535 2070 1600 ad

415 1639 504 1702 celsa
528 1639 772 1719 conscenderit,
796 1660 892 1725 quem
915 1639 1037 1723 liquido
1060 1639 1262 1704 declaratum
1286 1646 1337 1703 est
1360 1639 1506 1724 optinere
1529 1637 1702 1701 sublimia?
1731 1637 1825 1700 scivit
1853 1638 1908 1701 ille
1941 1639 1988 1702 sic
2010 1659 2070 1724 per

416 1742 547 1806 labores
570 1743 678 1806 varios
705 1742 948 1828 disciplinarum
978 1745 1168 1810 liniamenta
1197 1745 1331 1824 sectari,
1359 1752 1396 1808 ut
1423 1763 1600 1828 numquam
1629 1743 1817 1807 adsumeret
1844 1743 2069 1829 adrogantiam

414 1845 456 1911 de
479 1845 609 1922 laborc3
641 1853 675 1917 et
705 1866 779 1909 cum
808 1846 915 1909 omnia
945 1853 1057 1911 essent
1080 1846 1179 1933 digna
1201 1850 1387 1934 praeconiis
1411 1868 1495 1932 quae
1519 1847 1671 1932 gerebat,
1704 1845 1908 1931 dispendium
1942 1849 2069 1913 virtutis

362 1948 557 2013 recredidit
579 1949 679 2014 luisse
703 1947 880 2014 laudatum.
926 1952 972 2015 sic
996 1959 1100 2016 totum
1131 1953 1171 2017 de
1197 1954 1266 2018 eius
1297 1954 1426 2018 actibus
1455 1953 1615 2038 opinionis
1643 1953 1716 2016 luce
1741 1951 1903 2034 radiabat,
1932 1963 1967 2016 ut
1989 1952 2069 2017 nihil
2123 1955 2153 2022 15¹

415 2052 631 2139 praeberetur
662 2053 816 2119 ostentui.
862 2056 1087 2138 praeminebat
1116 2078 1256 2121 censura
1286 2057 1404 2121 mentis
1434 2059 1467 2120 in
1499 2077 1635 2141 corpore
1665 2061 1698 2120 et
1726 2057 1941 2134 iracundiam,
1972 2041 2085 2142 quam'

415 2164 528 2221 contra
551 2158 664 2243 culpas
688 2158 797 2220 anima
820 2158 891 2222 eius
908 2167 1108 2244 susceperat,
1132 2160 1235 2224 facies
1251 2159 1396 2224 infucata
1411 2158 1581 2245 pingebat.
1619 2157 1751 2222 videres
1775 2158 1932 2223 adversus
1947 2159 2069 2244 flagitia

415 2261 579 2324 mundana
601 2265 711 2325 torvos
735 2260 848 2325 oculos
872 2269 905 2324 et
920 2261 1086 2326 indefessa
1110 2270 1223 2327 contra
1247 2263 1369 2327 saeculi
1385 2260 1561 2327 blanditias
1575 2260 1697 2325 Christi
1721 2263 1856 2326 militem
1880 2263 1968 2326 bella
1984 2270 2067 2326 trac-

415 2373 496 2430 tare.
540 2363 671 2449 quando
700 2363 756 2427 illa
786 2365 893 2450 imago
918 2370 1038 2429 statum
1069 2385 1163 2429 suum
1186 2367 1324 2430 resolvit
1356 2366 1389 2428 in
1418 2366 1519 2428 risum
1543 2370 1578 2429 et
1606 2364 1647 2429 ab
1671 2364 1793 2429 ordinis
1815 2366 1936 2450 proprii
1961 2367 2070 2450 rigore

414 2468 560 2534 laetitiae
585 2466 757 2532 debilitate
781 2467 949 2532 confracta
972 2475 1042 2532 est?
2123 2500 2149 2538 20

362 2575 402 2636 25
522 2571 655 2637 Interea
677 2571 754 2635 dum
778 2572 868 2636 velut
892 2571 1099 2656 obsignatum
1123 2572 1274 2636 monachi
1298 2572 1331 2635 in
1356 2572 1516 2636 universis
1540 2572 1654 2658 implet
1676 2573 1831 2650 officium,
1855 2573 1904 2634 vir
1927 2571 2068 2657 quidam,

415 2697 511 2760 quem
535 2697 675 2762 sponsae
699 2696 778 2740 suae
802 2696 894 2739 amor
917 2675 950 2737 in
973 2674 1100 2739 facinus
1124 2677 1290 2762 inpulerat
1324 2683 1357 2740 et
1384 2675 1424 2739 ad
1450 2675 1642 2739 effusionem
1675 2676 1806 2742 humani
1830 2676 1997 2760 sanguinis
2019 2675 2067 2740 af·
2082 2712 2104 2754 p.
2118 2705 2159 2746 ssa

414 2780 503 2845 fectu
527 2787 560 2846 et
583 2780 807 2865 indignatione
824 2787 1028 2865 provocarat,
1052 2779 1129 2843 dum
1147 2781 1379 2844 conscientiam
1403 2801 1437 2844 se
1457 2779 1561 2843 credit
1583 2781 1697 2864 lugere
1713 2781 1892 2844 mutatione
1909 2787 2068 2845 terrarum

414 2893 448 2949 et
471 2886 504 2948 in
527 2885 599 2949 aliis
623 2883 809 2970 provinciae
832 2883 981 2968 partibus
998 2884 1217 2948 innocentiam
1234 2885 1381 2970 reperiri,
1405 2904 1502 2968 quam
1525 2885 1633 2949 furore
1656 2883 1739 2948 duce
1754 2883 1952 2968 perdiderat,
1977 2885 2067 2948 vela-

413 2997 481 3052 tum
506 2989 714 3075 simplicitate
738 2984 780 3050 ad
805 2995 933 3050 secreta
956 2987 1081 3052 heremi
1105 2989 1248 3073 portavit
1265 2986 1474 3064 homicidam,
1498 2995 1617 3072 putans
1642 2988 1673 3050 in
1697 2987 1749 3052 dei
1772 2987 1930 3071 obsequio
1947 2988 2067 3052 consti·
2124 3019 2149 3057 25

361 3095 492 3166 rotulis
515 3094 558 3158 de
581 3093 708 3158 actibus
733 3092 799 3156 suis
822 3096 955 3176 praeter
978 3091 1122 3178 effigiem
1146 3094 1192 3157 nil
1216 3099 1342 3178 patere.
1390 3092 1505 3156 artifici
1529 3091 1684 3156 humilem
1707 3091 1872 3155 simulavit
1895 3097 2011 3175 optutu
2035 3097 2070 3154 et

412 3218 471 3282 per
494 3196 597 3262 dolosi
614 3202 800 3262 commenta
816 3196 943 3259 consilii
961 3195 1120 3261 fabricata
1136 3196 1339 3261 subiectione
1356 3197 1544 3282 conpositus
1562 3195 1763 3260 cautioribus
1780 3196 1938 3258 scelerum
1955 3194 2068 3258 sordes

411 3301 495 3364 texit
518 3301 706 3366 obstaculis.
750 3299 886 3364 difficile
911 3305 961 3365 est
989 3308 1121 3386 praeter
1145 3299 1242 3364 deum
1265 3299 1532 3385 deprehendere,
1563 3298 1714 3385 quicquid
1746 3297 1946 3383 obsequendi
1971 3319 2067 3382 argu-

413 3405 531 3468 mentis
556 3405 740 3470 involvitur.
787 3403 921 3489 provide
945 3403 1106 3488 flagitium
1129 3403 1215 3467 celat
1237 3402 1388 3468 abiectio.
1433 3424 1505 3466 raro
1528 3403 1561 3466 in
1590 3404 1698 3467 lucem
1721 3409 1894 3488 erumpunt
1922 3402 2067 3480 crimina,

359 3519 399 3580 27
413 3529 497 3594 quae
521 3517 634 3573 auctor
657 3507 905 3594 obtemperandi
929 3509 1040 3573 scierit
1061 3507 1135 3572 fuco
1158 3507 1310 3594 sepelire.
1356 3506 1506 3591 protinus
1529 3513 1638 3572 tamen
1661 3507 1765 3570 adfuit
1786 3507 1842 3569 ille
1864 3506 1962 3570 index
1988 3527 2066 3570 con·
2122 3541 2149 3578 ao

412 3619 523 3677 suetus
548 3619 581 3677 et
603 3612 736 3676 latentis
760 3619 889 3676 secreta
912 3613 1134 3676 conscientiae
1158 3611 1288 3676 divinae
1313 3611 1400 3674 vocis
1425 3611 1518 3674 clave
1542 3611 1709 3688 reseravit,
1734 3611 1767 3673 in
1791 3609 1840 3674 his
1864 3609 2068 3674 sermonibus

411 3717 547 3782 adorsus
569 3716 758 3796 Antonium,
782 3715 911 3799 quando
936 3737 1010 3781 eum
1034 3717 1108 3802 plus
1133 3737 1230 3802 quam
1254 3715 1352 3779 horno
1377 3715 1481 3801 possit
1504 3714 1614 3779 docuit
1636 3714 1821 3798 agnovisse,
1846 3713 1936 3777 illum
1960 3713 2064 3777 denu-

411 3818 510 3900 dans,
548 3821 602 3903 qui
632 3841 743 3884 crasso
778 3818 967 3884 indumento
1000 3821 1161 3884 latronem
1198 3821 1349 3905 tegebat:
1391 3818 1502 3884 ‘cave'
1536 3820 1687 3904 inquiens
1721 3821 1777 3882 ‘ne
1809 3818 1891 3882 tanti
1925 3817 2068 3881 criminis

411 3944 501 3988 reum
527 3931 639 3988 sancto
661 3924 744 3988 velis
767 3925 906 3989 miscere
931 3926 1086 4010 collegio,
1117 3948 1158 3991 ne
1182 3927 1304 4012 lupum'
1319 3926 1450 4003 ovibus,
1476 3926 1568 4009 agnis
1592 3925 1737 4009 viperam
1761 3922 1941 4006 neglegens
1965 3921 2065 3986 aesti-

359 4034 518 4098 28mator
550 4027 721 4112 adiungas.
773 4028 836 4092 isto
865 4030 1006 4092 animam
1037 4029 1090 4092 dei
1120 4030 1269 4094 manibus
1300 4050 1492 4093 concessam
1522 4049 1581 4114 per
1608 4026 1678 4091 elisi
1711 4025 1895 4109 fragmenta
1924 4025 2065 4110 gutturis
2121 4057 2146 4094 as.

411 4131 570 4217 effugavit
594 4137 628 4196 et
644 4131 850 4196 internecivo
874 4131 984 4195 fratris
1007 4131 1116 4197 furore
1134 4133 1300 4197 constricti
1318 4133 1416 4196 vitam
1442 4153 1459 4196 e
1484 4131 1617 4196 sedibus
1641 4130 1719 4208 suis,
1743 4128 1818 4192 dum
1843 4127 1941 4191 inlert
1962 4128 2065 4191 fauci-

409 4235 471 4299 bus
494 4235 610 4316 vincla,
635 4233 797 4299 dissolvit.
841 4235 927 4299 hunc
952 4236 1098 4302 debitum
1116 4239 1262 4323 sequitur
1285 4238 1421 4301 exitium
1445 4258 1507 4302 nec
1531 4257 1551 4301 a
1574 4237 1650 4320 iugo
1668 4233 1820 4320 supplicii
1844 4234 1905 4297 crit
1929 4233 2065 4310 alienus,

256 4323 363 4426 Ρωξξὶῗῑ
377 4339 468 4425 ,dqui
491 4338 633 4404 humano
651 4341 802 4424 sanguini
826 4360 892 4404 non
907 4342 1080 4425 perpercit.
1120 4340 1344 4405 misericordia
1361 4349 1412 4405 est
1428 4341 1515 4405 circa
1531 4339 1733 4404 facinorosos
1751 4345 1881 4400 servata
1897 4335 2065 4401 districtio.
2081 4381 2102 4423 p,
2116 4375 2155 4414 ,24

268 4427 362 4478 &lim
377 4433 396 4472 ³·
416 4463 495 4528 ergo
519 4443 626 4528 sopori
650 4443 823 4506 terminum
846 4465 973 4530 ponens
990 4445 1216 4509 mandatorum
1236 4445 1427 4510 caelestium
1451 4445 1577 4510 hostem
1602 4443 1743 4529 depelle,
1767 4463 1808 4504 ne
1832 4439 1970 4504 candida
1987 4461 2065 4505 con-

356 4547 552 4614 reversatio
587 4554 696 4611 tecum
731 4546 949 4612 habitantium
977 4547 1069 4611 fusca
1099 4547 1360 4634 supervenientis
1398 4547 1590 4634 contagione
1622 4543 1785 4611 violetur'.
1840 4544 1913 4607 ilico
1946 4542 2065 4608 divinis
2120 4575 2149 4612 so

411 4649 587 4716 obsecutus
609 4650 753 4737 imperiis
777 4650 943 4715 hominem
967 4659 1072 4732 vocat,
1097 4653 1309 4718 mentientem
1334 4653 1507 4734 convincit,
1531 4653 1647 4717 feriato
1672 4669 1726 4714 ore
1749 4650 1834 4713 male
1851 4649 1970 4712 conscii
1994 4670 2065 4712 onr-

410 4755 466 4819 nia
490 4755 561 4820 eius
590 4760 686 4838 gesta
708 4757 929 4842 persequitur.
975 4759 1109 4842 expavit
1132 4757 1372 4844 deprehensus,
1402 4778 1474 4824 oum
1505 4755 1630 4842 flagitia
1660 4773 1719 4818 sua
1748 4751 1913 4819 recenseri
1938 4750 2066 4815 videret

514 5049 529 5101 1
552 5051 786 5118 conscientiamque
803 5050 903 5118 resipui,
925 5051 1109 5116 scientiamque
1127 5052 1232 5116 cauea,
1256 5053 1468 5120 mnetitatemque
1485 5052 1581 5104 Hartel
1694 5046 1711 5100 3
1733 5049 1885 5116 absumptus
1902 5047 2000 5113 scripsi,
2023 5048 2067 5099 sd·

409 5147 528 5205 sumptus
540 5137 573 5201 B,
590 5144 739 5205 assumptus
751 5137 827 5190 ceteri
914 5136 1125 5204 bestingestab
1212 5135 1343 5189 bdumia
1354 5136 1557 5205 m9.V¹,om.L
1642 5135 1754 5187 illalbra
1763 5132 1803 5184 Β)
1855 5133 2030 5184 assiduitatem
2047 5133 2073 5182 V

409 5219 608 5277 uetustatem
626 5222 719 5275 VLOP
823 5221 856 5274 10
874 5222 1018 5275 exemtisB
1130 5221 1163 5274 13
1180 5225 1335 5276 laniamenta
1350 5225 1392 5276 V⁰
1461 5233 1603 5278 assumeret
1618 5218 1831 5289 arrogantisml'
1937 5216 1969 5268 17
1986 5221 2069 5272 susci-

375 5303 518 5375 'poratB
587 5308 697 5377 rideres]
715 5309 848 5362 ueterisB
953 5305 986 5359 18
1003 5308 1131 5362 toruusB
1200 5311 1281 5362 milite
1301 5309 1394 5377 (rupe
1412 5309 1459 5375 tu.)
1473 5310 1499 5361 B
1602 5305 1636 5360 23
1654 5308 1761 5360 credidit
1774 5305 1854 5357 POPb
1958 5302 1992 5355 24
2010 5323 2068 5372 rep—

409 5395 576 5462 perirIBVL
678 5394 713 5448 26
729 5395 858 5464 optutoB
956 5391 990 5444 27
1008 5395 1096 5448 dolosa
1111 5395 1154 5446 V⁰
1252 5395 1287 5448 29
1304 5394 1420 5464 provida]
1438 5398 1544 5466 proinde
1557 5397 1636 5449 Sir-m.
1741 5391 1776 5445 30
1793 5391 2069 5456 autenthicatum

409 5483 481 5534 indit
493 5479 534 5532 13¹
672 5481 707 5534 32
728 5484 881 5551 cognouisse
898 5481 978 5534 Sirm.
1119 5481 1154 5534 34
1172 5485 1306 5552 negligens
1318 5483 1344 5536 B
1482 5480 1517 5535 35
1534 5483 1644 5551 gutturis
1656 5480 1682 5531 B
1814 5475 1848 5528 36
1869 5478 2028 5528 interneciuo
2044 5479 2069 5541 b,

409 5569 588 5620 inter-nium
606 5568 639 5632 B,
661 5571 795 5622 internicio
811 5567 931 5620 1⁷th
1042 5570 1196 5621 constrictus
1212 5587 1289 5636 prop.
1308 5569 1404 5621 Παντεῖ
1515 5565 1548 5619 37
1566 5569 1672 5621 uincula
1689 5564 1769 5616 lure
1838 5571 1959 5628 sequetur
1975 5564 2067 5613 aialim

408 5657 515 5708 exitium
533 5658 650 5722 sequitur
666 5655 784 5707 VLTOP
889 5652 924 5705 38
942 5655 1101 5706 facinorosus
1114 5655 1139 5706 B
1248 5651 1284 5706 40
1301 5655 1461 5707 habitantum
1474 5653 1552 5706 Sirra.
1661 5649 1849 5718 stampense
