4538 6436
422 383 464 443 94
1098 375 1198 430 cxxx
1217 374 1404 443 recuses).

370 555 409 615 79
531 551 695 616 Defuncto
719 555 796 614 tunc
821 549 993 614 Rieemere
1018 549 1069 612 vel
1093 548 1271 614 Anthemio
1296 548 1456 613 suecessit
1480 547 1650 633 Olybrius,
1681 549 1736 634 qui
1763 548 1797 612 in
1825 548 1905 636 ipsis
1929 550 2074 614 exordiis
2095 549 2165 655 [gfff

420 655 508 738 diem
530 654 650 719 clausit
673 660 868 720 extremum.
904 652 1082 739 posthunc
1099 650 1273 738 Glycerius
1290 651 1330 715 ad
1352 672 1489 738 regnum
1507 652 1629 716 ascitus
1646 659 1706 733 cst,
1730 651 1817 738 apud
1834 673 1930 739 quem
1954 660 2077 738 quanta
2090 683 2111 726 p.
2125 677 2164 716 arr

420 780 479 846 pro
503 758 608 823 salute
631 758 807 822 multorum
840 758 995 842 gesserit,
1029 754 1137 820 studio
1169 755 1339 821 brevitatis
1368 754 1484 820 incido.
1530 777 1604 821 nam
1635 756 1842 844 supplicante
1869 759 2077 824 sanctovito

420 865 556 928 inlatam
571 863 698 926 matria
719 860 857 926 dicionis
882 882 961 926 suae
985 860 1172 925 bominibus
1197 859 1362 924 concessit
1385 859 1546 941 iniuriam,
1569 881 1642 924 cum
1665 859 1753 946 apud
1776 862 1867 926 illurn
1892 864 2077 928 reverentia

368 964 409 1025 80
421 967 560 1056 praefati
590 965 769 1032 sacerdotis
803 971 891 1031 esset
923 966 1022 1030 etiam
1054 964 1230 1030 decessore
1263 964 1443 1028 sublimior.
1494 971 1570 1051 pest
1600 986 1695 1052 quem
1728 964 1769 1029 ad
1798 987 1935 1050 regnum
1962 967 2076 1054 Nepos
2141 991 2154 1027 s

420 1073 569 1137 accessit.
614 1076 691 1135 tunc
715 1072 802 1134 inter
825 1091 899 1134 eum
923 1076 956 1133 et
980 1068 1119 1133 Tolosae
1150 1068 1298 1133 alumnos
1322 1066 1441 1146 Getas,
1473 1089 1555 1153 quos
1585 1068 1693 1134 ferrea
1715 1068 1855 1134 Eurieus
1883 1092 1942 1136 rex
1968 1071 2072 1136 domi·
2095 1043 2165 1149 [llll

420 1177 551 1241 natione
574 1175 789 1262 gubernabat,
820 1181 891 1238 orta
913 1173 1074 1238 dissensio
1098 1179 1159 1250 est,
1183 1171 1259 1236 dum
1280 1172 1328 1237 illi
1352 1171 1458 1236 Italici
1482 1171 1564 1240 lines
1586 1172 1725 1262 imperii,
1749 1194 1830 1258 quos
1854 1180 1945 1240 trans
1969 1174 2074 1242 Galli-

421 1300 521 1344 canas
550 1278 653 1366 Alpes
685 1283 895 1366 porrexerat,
931 1277 1110 1340 novitatem
1141 1281 1334 1362 spernentes
1366 1296 1430 1340 non
1461 1274 1649 1340 desinerent
1680 1277 1865 1359 incessere,
1898 1299 1917 1344 e
1945 1278 2076 1346 diverso

420 1382 549 1470 Nepos,
581 1404 622 1447 ne
651 1383 683 1446 in
711 1403 806 1446 usum
831 1380 1053 1468 praesumptio
1077 1378 1267 1444 malesuada
1289 1378 1476 1456 duceretur,
1506 1379 1683 1445 districtius
1708 1388 1843 1468 cuperet
1866 1385 2075 1450 commissum

421 1485 481 1550 sibi
510 1508 529 1550 a
558 1485 620 1550 dee
655 1485 813 1572 regnandi
849 1485 1022 1549 terminum
1055 1482 1229 1548 vindicare.
1281 1483 1356 1547 hinc
1387 1484 1549 1567 utrimque
1585 1485 1690 1548 litium
1721 1494 1900 1571 coeperunt
1931 1487 2076 1553 lementa
2131 1513 2155 1550 ro

421 1610 635 1674 consurgere,
667 1595 700 1653 et
722 1589 799 1653 dum
822 1595 958 1652 neutrae
982 1593 1092 1672 partes
1116 1593 1309 1673 conceptum
1333 1592 1492 1650 tumorem
1517 1587 1667 1654 vincendi
1692 1589 1798 1654 studio
1820 1587 2001 1676 deponunt,
2027 1591 2074 1655 sic

421 1694 627 1779 exuperabat
652 1714 752 1758 eausa
775 1691 967 1757 discordiae.

367 1792 404 1852 81
529 1797 704 1882 Adtigerat
727 1798 790 1861 iam
814 1795 1022 1862 beatissimus
1038 1795 1089 1858 vir
1111 1800 1260 1861 octavum
1284 1795 1316 1858 in
1340 1793 1522 1860 sacerdotio
1539 1815 1670 1874 annum,
1695 1817 1768 1861 eum
1785 1803 1921 1884 repente
1937 1796 2076 1886 Nepotis

421 1901 565 1964 animum
589 1900 832 1965 submovendae
856 1899 1071 1964 dissensionis
1095 1921 1187 1964 amor
1209 1899 1338 1978 infudit,
1362 1907 1398 1964 ut
1421 1899 1553 1986 repulso
1578 1899 1754 1965 simultatis
1778 1922 1907 1966 veneno
1930 1909 2078 1968 servaret

419 2004 506 2069 inter
533 2026 630 2090 reges
662 2005 781 2068 caritas
811 2003 897 2090 quod
931 2005 1014 2068 tueri
1046 2025 1136 2068 arma
1159 2004 1213 2066 vix
1243 2009 1407 2090 poterant.
1453 2008 1633 2068 evocantur
1660 2003 1703 2068 ad
1726 2005 1897 2070 eonsilium
1920 2005 2076 2091 Liguriae
2132 2027 2156 2065 a

420 2109 553 2186 lumina,
578 2109 636 2172 viri
652 2109 859 2186 maturitatis,
883 2129 1019 2194 quorum
1035 2108 1140 2192 possit
1154 2107 1393 2173 deliberatione
1410 2106 1526 2172 labans
1543 2107 1744 2193 reipublicae
1760 2115 1863 2174 status
1880 2110 2077 2176 reviviscere

421 2218 454 2276 et
476 2214 509 2276 iu
534 2212 703 2297 antiquum
727 2213 876 2276 columen
908 2211 1056 2276 soliditas
1085 2210 1261 2298 desperata
1290 2212 1436 2290 restitui,
1467 2212 1615 2297 tantique
1639 2210 1879 2278 adtractatum
1903 2215 2012 2280 coiere
2035 2236 2077 2279 ex

368 2308 409 2372 82
422 2318 510 2380 iusso
539 2317 710 2404 principis,
741 2318 852 2402 quanti
883 2322 1036 2403 poterant
1059 2337 1132 2380 esse
1156 2324 1312 2382 rectores.
1358 2316 1478 2380 seritur
1501 2314 1541 2379 de
1566 2315 1747 2380 ordinanda
1769 2317 1935 2402 legatione
1959 2339 2078 2382 sermo.

422 2423 453 2485 in
477 2421 704 2485 beatissimum
727 2421 830 2484 virum
852 2419 1040 2505 Epilanium
1064 2425 1192 2484 mentes
1215 2420 1358 2483 omnium
1381 2425 1414 2482 et
1437 2419 1522 2483 oculi
1545 2418 1737 2504 diriguntur.
1782 2420 1863 2485 fiunt
1886 2427 2077 2486 cunctorum
2092 2442 2165 2493 nasa

423 2525 624 2606 sentcntiae,
656 2525 748 2611 quasi
776 2525 874 2589 unius
899 2531 931 2588 et
954 2545 1010 2588 ore
1039 2523 1261 2609 proferrentur
1284 2530 1318 2587 et
1342 2529 1488 2608 pectore.
1533 2523 1610 2610 quid
1638 2524 1804 2611 pluribus?
1849 2545 1922 2588 curn
1952 2526 2079 2592 laetitia
2131 2549 2157 2588 ao

422 2629 543 2693 Christi
575 2629 670 2693 miles
703 2627 908 2692 occasionem
941 2627 1063 2691 laboris
1095 2628 1302 2714 amplectitur
1335 2633 1368 2692 ct
1397 2648 1455 2712 spe
1488 2627 1642 2692 ellectum
1671 2628 1847 2716 praecipit,
1884 2629 1924 2694 de
1954 2630 2079 2714 negotii

421 2733 651 2798 aestimatione
685 2731 852 2796 confidens
886 2731 1005 2817 agendi
1042 2733 1185 2817 speciem
1221 2732 1450 2795 melioraturus
1486 2730 1633 2815 inquirit,
1673 2732 1835 2796 actionem
1862 2754 1970 2818 paene
2001 2755 2079 2798 con-

422 2837 597 2900 clamatam
629 2842 662 2898 et
689 2836 786 2899 valde
822 2834 986 2899 difficilem
1025 2836 1177 2898 caelestis
1199 2836 1376 2924 potentiae
1409 2833 1573 2920 praesidio
1609 2840 1817 2922 percontatus
1851 2841 1901 2901 est
1936 2838 2081 2922 suscepit

368 2928 409 2990 83
423 2939 566 3024 inplevit.
614 2938 706 3002 euius
734 2938 859 3002 itineris
889 2937 1056 3001 molestias
1088 2937 1369 3023 necessitatesque
1400 2959 1466 3002 non
1493 2937 1619 3002 valeam
1648 2958 1708 3023 per
1737 2938 1884 3004 ordinem
1916 2940 2078 3025 digerere,

422 3063 483 3107 neo
508 3042 535 3105 si
559 3041 637 3105 mibi
662 3048 791 3105 centum
817 3043 998 3126 linguarum
1023 3041 1208 3106 fluminibus
1233 3048 1442 3129 permeatus
1472 3041 1617 3126 inriguos
1641 3042 1742 3106 verba
1772 3043 1957 3110 fundantur.
2002 3066 2089 3118 uam¹
2132 3067 2157 3104 as

423 3166 577 3230 egressus
601 3143 642 3208 de
667 3143 832 3208 Tieinensi
856 3143 986 3230 oppido,
1011 3144 1114 3208 donec
1138 3145 1179 3207 ad
1202 3145 1366 3210 destinata
1389 3145 1462 3208 looa
1484 3146 1696 3231 pertingeret,
1720 3148 1777 3211 tali
1801 3148 1874 3212 viae
1898 3169 1976 3212 suae
2000 3149 2076 3214 fati·

422 3249 587 3334 gationem
612 3254 681 3312 arte
705 3248 902 3338 geminavit,
918 3253 953 3310 ut
969 3248 995 3310 si
1013 3249 1190 3334 temperius
1204 3249 1424 3314 iumentorum
1441 3250 1605 3314 defectum
1624 3252 1868 3316 considerantes
1890 3253 1924 3318 in
1948 3254 2079 3320 futurae

422 3352 597 3416 mansionis
621 3352 803 3416 diversoria
826 3358 1063 3424 successerunt,
1087 3359 1220 3438 praeter
1242 3354 1440 3439 psalmorum
1464 3354 1751 3436 continuationem,
1776 3362 1906 3440 praeter
1928 3358 2080 3423 lectionis

423 3457 715 3541 perseverantiam,
746 3477 882 3542 quorum
907 3456 987 3520 nibil
1012 3455 1074 3520 nisi
1099 3455 1215 3518 stando
1237 3455 1395 3531 faciebat,
1427 3456 1575 3540 eligebat
1598 3477 1764 3522 secessum
1787 3479 1941 3525 nemorea
1963 3460 2079 3526 fronde

369 3554 409 3615 84
424 3561 623 3623 conclusum.
661 3561 717 3623 ubi
736 3561 869 3626 conexis
885 3561 1036 3625 arborum
1053 3559 1196 3625 braebiis
1213 3581 1277 3624 nox
1301 3559 1480 3625 domestica
1504 3567 1683 3642 texeretur,
1706 3561 1790 3646 quod
1814 3564 1920 3628 solum
1943 3565 2078 3648 refugus
2132 3584 2158 3622 ³⁰

421 3684 481 3748 per
503 3663 695 3727 umbracula
718 3685 820 3750 opaea
843 3665 890 3728 sol
914 3664 1067 3742 nesciret,
1091 3670 1124 3726 ct
1147 3670 1252 3726 torum
1269 3662 1420 3728 viridanti
1444 3664 1569 3751 cespite
1593 3666 1699 3749 gratia
1723 3667 1880 3731 naturalis
1904 3675 2080 3744 sterneret,

420 3765 463 3831 ibi
488 3767 642 3852 profusus
666 3767 697 3830 in
722 3768 867 3832 oratione
892 3769 1056 3832 continuis
1079 3767 1211 3830 fletibus
1235 3772 1382 3831 exortem
1399 3768 1580 3851 pluviarum
1597 3775 1719 3834 terram
1735 3770 1903 3834 oculorum
1920 3772 2080 3838 imbribus

419 3869 592 3954 inrigabat.
645 3869 864 3934 reddebantur
901 3892 980 3935 arva
1015 3871 1071 3935 illa
1102 3870 1242 3936 fecunda
1272 3871 1452 3960 orationum
1486 3873 1594 3956 eopia,
1633 3894 1716 3958 quae
1749 3875 1878 3959 frugum
1908 3897 1983 3941 esse
2016 3899 2080 3942 non

422 3978 583 4058 poterant.

368 4071 409 4132 85
530 4075 601 4141 Tali
627 4077 786 4142 exercitio
811 4097 847 4141 se
869 4097 1039 4142 macerans
1062 4076 1271 4158 Tolosanam,
1300 4079 1332 4142 in
1355 4099 1419 4164 qua
1441 4065 1581 4144 Euricus
1604 4087 1681 4145 tune
1705 4102 1764 4144 rex
1787 4082 1940 4165 degebat,
1963 4084 2079 4150 urbem
2131 4098 2156 4137 ³⁵

420 4180 589 4264 ingressus
613 4188 682 4258 e'st,
713 4203 809 4266 quem
833 4181 895 4244 iam
920 4182 1053 4266 praevia
1082 4181 1189 4267 opinio
1214 4180 1382 4246 Gallorum
1411 4183 1561 4264 auribus,
1590 4184 1694 4269 qualis
1723 4193 1826 4262 esset,
1859 4187 2077 4266 intimaverat,
2092 4208 2112 4250 r·
2126 4201 2164 4240 ³⁸³

421 4283 647 4348 sacerdotibus
679 4285 856 4371 praecipuo
890 4283 1035 4348 eiusdem
1068 4285 1227 4368 regionis,
1259 4306 1338 4370 quos
1367 4285 1528 4351 adtonitos
1559 4286 1600 4350 dc
1628 4288 1879 4354 advenientibus
1911 4291 2078 4375 inquisitio

421 4386 581 4474 profunda
609 4388 771 4453 sollicitat.
817 4393 887 4452 emt
916 4395 1087 4473 praeterea
1116 4410 1155 4452 ea
1182 4395 1379 4475 tempestate
1409 4391 1616 4454 consiliorum
1646 4392 1802 4478 principis
1832 4401 1866 4458 et
1892 4393 2079 4459 moderator

423 4497 455 4552 et
483 4490 607 4555 arbiter
630 4491 698 4554 Leo
728 4491 874 4564 nomine,
905 4512 1000 4576 quem
1029 4512 1088 4576 per
1116 4491 1322 4577 eloquentiae
1352 4492 1505 4557 meritum
1535 4514 1598 4558 nen
1627 4514 1693 4558 una
1715 4495 1779 4559 iam
1803 4494 2078 4562 declamationum

422 4595 531 4680 palma
545 4600 745 4679 susceperat.
784 4594 837 4682 qui
855 4616 927 4660 cum
945 4615 1070 4660 sunrmo
1085 4594 1205 4680 gaudio
1222 4594 1398 4660 adventum
1413 4596 1576 4682 pontificis
1592 4596 1748 4661 indicavit
1763 4599 1897 4665 notitiae
1914 4601 2077 4686 publicae.

526 4816 749 4887 2glieeriusBV
834 4815 951 4886 rognum]
977 4818 1090 4885 regimen
1109 4818 1189 4871 Sir-ar.
1275 4821 1371 4873 ascitus
1389 4820 1472 4886 core,
1493 4822 1591 4874 accitus
1609 4822 1681 4884 ls'brir
1699 4840 1729 4890 p.
1742 4827 1790 4886 96,
1805 4827 1836 4876 31
1923 4834 2018 4892 quante
2039 4826 2080 4876 Va

420 4905 656 4958 4rcuereutiamB
743 4904 889 4973 bnepusB
977 4901 992 4954 7
1004 4906 1131 4972 gallicana
1149 4903 1287 4973 salpoeB¹
1374 4904 1390 4956 9
1409 4907 1527 4976 nepusB
1582 4910 1763 4976 praesumpitio
1776 4909 1819 4960 Bss
1876 4913 2022 4965 malesuada
2038 4914 2079 4964 pa

422 4991 455 5044 13
472 4993 592 5060 attigerat
607 4991 632 5042 V
726 4990 758 5043 17
777 4992 904 5058 disperata
917 4989 942 5039 B
1002 4991 1085 5042 coiere
1100 4991 1127 5054 0,
1144 4994 1212 5044 coire
1225 4991 1331 5043 BVLT
1424 4991 1456 5043 18
1473 4995 1546 5046 iussu
1559 4993 1646 5046 Sedott
1663 5003 1687 5046 et
1700 4994 1778 5047 Sirra.
1875 4996 1910 5049 20
1927 5001 1990 5065 quid
2004 5001 2079 5067 plura

422 5079 500 5131 Sirra.
588 5077 619 5130 21
634 5079 846 5132 occansionsmB
898 5077 1022 5144 praecipit
1032 5077 1060 5140 0,
1071 5079 1200 5145 praecepit
1208 5079 1283 5129 ceteri
1368 5076 1562 5146 22inquiretll
1612 5082 1835 5138 conclamatumB
1920 5084 2079 5139 Nomeatum

420 5166 538 5233 inriguus
551 5165 576 5216 B
714 5164 748 5216 2ss
765 5166 797 5216 de
815 5181 862 5216 orn.
877 5162 955 5216 Siras.
1094 5161 1129 5216 28
1146 5172 1323 5216 successerant
1335 5164 1423 5217 Sebott
1559 5167 1593 5220 29
1611 5170 1728 5237 elegebat
1741 5170 1766 5222 B
1854 5188 1986 5224 nemorosa
1999 5171 2079 5226 sarm.

421 5251 453 5304 31
473 5254 598 5306 uiridante
614 5253 640 5303 B
725 5251 760 5304 32
780 5253 890 5304 flexibus
903 5249 928 5300 B
1014 5247 1049 5301 33
1067 5252 1143 5317 eupia
1155 5249 1195 5300 13¹
1281 5248 1316 5302 37
1333 5254 1453 5306 attonitos
1468 5253 1494 5304 V
1576 5253 1610 5306 38
1627 5263 1654 5308 ct
1670 5273 1719 5308 om.
1733 5256 1758 5306 B
1846 5257 1882 5309 40
1899 5259 2041 5326 susciperet
2055 5258 2081 5310 B

429 5360 526 5366 .-.-......
791 5358 1576 5368 -——-———-——-—-—-——...—..-...—.
1906 5367 2081 5374 ,--

524 5425 541 5474 tl
560 5423 641 5476 Paul.
657 5422 715 5476 bist.
732 5421 763 5475 X
769 5421 794 5475 V
804 5430 820 5477 a
839 5421 883 5486 (X
891 5420 933 5474 VI
943 5427 960 5474 6
975 5421 1080 5490 Nyssa:
1098 5437 1130 5474 co
1143 5424 1268 5491 tompore
1287 5440 1348 5477 eum
1368 5423 1443 5494 apud
1457 5423 1586 5480 Tolosam
1599 5426 1825 5496 wisegothorum
1840 5429 1951 5498 populis
1965 5429 2080 5485 Eurieus

421 5511 552 5578 regnaret
570 5527 603 5564 ae
622 5527 672 5579 pro
689 5507 788 5562 ltaliae
801 5507 965 5575 Galliaeque
984 5507 1085 5560 finibus
1103 5507 1177 5562 inter
1189 5509 1328 5578 Nepotem
1347 5514 1376 5565 st
1387 5511 1517 5567 Eurieunr
1537 5512 1630 5567 litium
1649 5513 1774 5569 lomento
1792 5515 1944 5570 crevissent
1961 5516 2080 5571 bellum-

421 5613 475 5664 que
488 5595 626 5650 ediverso
644 5594 757 5664 utrique
775 5596 983 5662 praepararent,
1001 5593 1207 5648 interveniente
1220 5596 1386 5666 Epiphanio,
1405 5600 1439 5652 dc
1452 5619 1507 5670 quo
1521 5601 1703 5671 praemissum
1716 5605 1767 5667 cst,
1785 5603 1926 5658 Ticincnsi
1940 5605 2080 5676 episeopo,

420 5681 539 5736 foederis
557 5682 631 5735 inter
650 5698 696 5734 eos
715 5680 777 5733 iura
794 5679 904 5733 lirmatu
922 5683 996 5733 sunt.
