4538 6436
761 399 934 456 LIBELLVS
952 400 1025 456 PRO
1044 400 1200 457 SYNODO.
1768 411 1810 472 59

152 572 354 638 terribilem!
400 571 442 637 ad
464 593 521 636 ros
544 575 684 658 angelus
707 575 827 640 missus
858 581 923 656 est,
956 576 1083 641 scilicet
1111 597 1171 662 per
1201 575 1405 656 sacerdotes,
1437 596 1573 661 quorum
1602 599 1680 643 voce
1710 583 1856 664 atque'll

153 677 269 742 merito
292 675 489 763 perferenda
513 674 644 741 Christo
669 677 755 742 dona
778 679 961 764 suscipiunt
984 686 1017 743 et
1044 680 1176 766 placato
1207 680 1394 746 dominante
1422 681 1588 766 inpetrata
1617 681 1809 766 mortalibus

154 788 231 845 vota
253 779 451 860 concedunt,
475 801 534 866 per
555 801 636 866 quos
660 781 751 845 vobis
775 782 888 846 oblata
911 789 987 847 sunt
1009 803 1147 848 munera
1170 782 1342 868 repudiata
1364 782 1570 866 concordiae,
1594 785 1648 869 qui
1671 805 1811 870 poenam

154 885 356 950 merentibus
389 885 574 950 dilectionis
606 886 751 971 praemia
779 885 984 966 detulemnt,
1022 887 1075 972 qui
1105 887 1181 952 dum
1213 908 1248 952 se
1282 886 1508 968 considerant,
1542 888 1575 951 in
1606 886 1697 951 nullo
1725 886 1811 974 quod

88 1014 100 1050 ι
155 987 367 1054 merebamini
391 996 621 1075 respexerunt,

261 1092 353 1166 ‘Quis
377 1091 462 1158 eum*
487 1094 637 1179 inquiunt
659 1092 751 1158 ‘vidit
773 1113 847 1158 cum
871 1094 1117 1160 accusatoribus
1141 1094 1209 1159 suis
1233 1101 1365 1180 aperta,
1395 1101 1431 1157 ut
1454 1095 1563 1176 aiunt,
1592 1116 1705 1183 pugna
1731 1116 1808 1160 con·
1824 1097 1864 1160 72

154 1196 299 1283 fligeret'
344 1197 607 1284 inpudentissimi
637 1195 821 1280 hominum,
857 1220 954 1284 quem
986 1220 1059 1263 curn
1088 1199 1206 1285 quibus
1235 1199 1334 1264 vultis
1367 1198 1556 1281 decertare,
1591 1200 1746 1286 respicite
1779 1207 1812 1265 et

153 1303 466 1389 utriusquepartis,
490 1301 619 1387 siquid
644 1301 760 1366 salutis
783 1303 817 1366 in
840 1302 933 1368 vobis
958 1302 1095 1382 resedit,
1119 1303 1191 1367 loca
1213 1309 1364 1388 tempora
1385 1323 1542 1388 personas
1566 1301 1750 1378 adtendite;
1778 1307 1812 1366 et

155 1406 181 1469 si
204 1426 261 1469 vos
290 1405 415 1470 nefarie
447 1411 606 1489 congesta
640 1403 744 1470 cordis
773 1405 879 1470 adhuc
908 1407 999 1493 pravi
1032 1427 1096 1470 non
1127 1407 1258 1493 subegit
1287 1408 1472 1494 opulentia,
1504 1409 1616 1473 oculos
1644 1407 1686 1472 ad
1714 1408 1811 1474 deum

75 1533 101 1572 so
153 1511 322 1598 paulisper
338 1510 484 1576 adtollite
502 1516 534 1574 et
549 1509 602 1573 rel
625 1509 717 1574 brevi
739 1517 886 1596 tempore
910 1511 1033 1575 sinistri
1056 1511 1224 1580 monitoris
1248 1511 1338 1576 iussa
1361 1512 1593 1598 contempnite.
1631 1512 1809 1597 agnoscitis
1823 1509 1863 1572 73

155 1615 272 1680 summi
293 1613 382 1698 regis
406 1612 696 1698 praeceptionibus
719 1634 778 1678 vos
802 1614 834 1677 in
858 1613 919 1692 his,
943 1633 1027 1700 quae
1051 1617 1167 1680 merito
1190 1615 1365 1702 plectenda
1390 1621 1475 1695 sunt,
1499 1636 1564 1680 non
1587 1615 1714 1696 muniri,
1737 1615 1814 1702 quia

155 1719 302 1805 quamuis
326 1715 476 1804 responsi
498 1717 692 1801 qualitatem
716 1716 840 1782 dictent
863 1716 1016 1803 dogmata
1040 1720 1196 1804 postulati
1221 1726 1253 1784 et
1274 1720 1390 1806 petitio
1413 1718 1490 1784 dum
1518 1719 1650 1784 exsistit
1676 1720 1813 1806 praevia

155 1843 239 1909 quae
262 1821 329 1886 sint
351 1825 504 1885 secutura
533 1819 713 1900 describat,
744 1841 921 1906 numquam
945 1829 1054 1888 tamen
1076 1823 1226 1889 cassibus
1250 1824 1369 1889 vestris
1392 1822 1496 1888 libera
1518 1824 1686 1909 regnantis
1709 1823 1811 1888 rerba

60 1959 82 2000 p.
97 1951 137 1992 eae
156 1927 300 2013 cepistis,
322 1945 502 2010 numquam
523 1923 722 2009 (desideriis)
739 1945 800 2010 per
815 1925 955 2011 aucupia
972 1926 1158 1992 calliditatis
1175 1927 1357 2014 imperialia
1372 1927 1466 1991 vobis
1483 1928 1606 2013 scripta
1621 1927 1811 1993 militarunt.

75 2058 99 2095 ιι
154 2031 305 2116 quotiens
321 2029 415 2093 venis
431 2027 575 2093 hiatibus
591 2026 729 2092 nocendi
751 2028 905 2098 inefficax
927 2051 1054 2095 morsus
1077 2031 1261 2118 increpuit?
1300 2031 1451 2116 quotiens
1473 2030 1515 2095 de
1537 2037 1691 2096 accusato
1714 2029 1807 2116 quid-

153 2133 230 2221 quid
260 2154 318 2219 spe
351 2131 503 2197 tenuistis
536 2131 666 2216 effugit,
701 2138 735 2196 et
762 2152 883 2197 vacuos
914 2133 1022 2218 imago
1051 2135 1316 2221 praesumptione
1347 2141 1507 2221 occupata
1538 2132 1703 2200 deseruit?
1747 2133 1809 2200 deo
1824 2132 1863 2193 74

153 2238 288 2323 gratias,
310 2237 366 2322 qui
389 2236 474 2301 hanc
497 2235 736 2322 providentiam
759 2234 875 2299 indidit
892 2236 932 2315 ei,
956 2237 1009 2300 cui
1030 2257 1139 2302 rerum
1161 2237 1376 2302 humanarum
1394 2257 1520 2302 summa
1537 2238 1696 2304 conmisit.
1735 2259 1811 2326 spes

154 2349 245 2408 certa
267 2341 386 2427 quietis
411 2345 460 2404 est
483 2339 655 2404 et'salutis
679 2338 827 2426 perfecta
849 2339 883 2403 in
907 2341 1125 2425 gubernatore
1149 2343 1323 2428 sapientia.
1368 2343 1504 2430 puppis,
1534 2343 1627 2408 euius
1654 2342 1812 2428 magister

154 2446 196 2511 ad
219 2446 303 2511 claui
326 2445 474 2528 regimen
497 2443 686 2508 intellectus
710 2442 784 2507 dote
808 2450 1035 2529 praeparatur,
1059 2444 1182 2531 ubique
1207 2447 1390 2527 stationem,
1412 2445 1534 2530 ubique
1558 2451 1687 2531 portum
1711 2445 1812 2510 habet

154 2551 187 2614 in
220 2549 381 2615 fluctibus.
427 2553 518 2612 certa
548 2555 599 2611 est
630 2542 855 2632 generalitatis
891 2548 1066 2626 securitas,
1102 2549 1232 2633 quando
1267 2549 1502 2636 rempublicam
1534 2548 1697 2614 nobilibus
1728 2548 1814 2634 regit

154 2653 279 2718 artibus
311 2653 488 2716 institutus.
542 2652 604 2715 scit
634 2651 838 2736 imperatoris
873 2651 975 2716 nostri
1011 2652 1102 2717 caelo
1136 2651 1245 2717 inlusa
1277 2652 1482 2739 dispensatio
1516 2653 1658 2718 obviam.
1678 2674 1810 2718 manum

153 2756 286 2820 famosis
309 2756 341 2820 in
363 2753 544 2820 fallendum
569 2754 710 2839 ingeniis
733 2754 903 2820 exhibere.
949 2755 1062 2821 labore
1086 2755 1173 2842 apud
1196 2777 1270 2820 eum
1294 2777 1359 2820 non
1383 2778 1465 2844 opus
1489 2764 1551 2836 est,
1574 2778 1671 2842 quem
1695 2757 1813 2822 sortita

153 2867 206 2924 est
228 2860 304 2924 olim
327 2858 415 2924 nuda
430 2858 553 2923 veritas
577 2856 795 2922 defensorem.
834 2863 966 2922 cessent
988 2858 1078 2942 impii
1102 2859 1319 2922 conmenticia
1341 2859 1429 2946 apud
1451 2860 1542 2925 illum
1565 2860 1811 2947 simplieitatem
1825 2862 1864 2923 75

153 2961 268 3026 fraude
299 2962 440 3026 mentiri.
493 2959 647 3046 quidquid
679 2981 714 3024 sc
746 2959 904 3024 adversus
934 2960 1091 3025 iustitiam
1124 2963 1276 3040 moverit,
1314 2985 1389 3026 mox
1420 2969 1561 3028 tenetur.
1612 2961 1691 3027 nihil
1724 2960 1811 3046 apud
1821 2961 1965 3068 bigqtdqflgf’l·

90 3093 102 3126 ,ι
156 3064 360 3153 praedictum
383 3065 484 3129 tutius
507 3064 696 3129 innocentia
719 3070 779 3130 est.
819 3065 984 3149 legatione
1008 3063 1116 3129 valida
1140 3065 1241 3131 utitur
1263 3067 1317 3152 qui
1341 3068 1499 3152 aequitati
1523 3087 1576 3132 res
1593 3071 1812 3151 congruentes

154 3171 309 3238 insinuat.
349 3191 433 3254 quae
456 3170 566 3254 gravis
593 3169 670 3254 (est)
695 3169 887 3254 plerumque
911 3169 1110 3257 principibus
1134 3170 1325 3256 inpugnatis
1348 3171 1454 3233 minus
1476 3170 1622 3235 fidelium
1646 3169 1812 3234 blanditiis

153 3294 216 3338 non
241 3274 390 3359 legatur?
436 3271 494 3337 sed
518 3272 601 3337 haec
623 3272 686 3337 deo
710 3272 827 3337 melius
851 3279 1034 3354 narrantur,
1058 3295 1078 3337 a
1101 3294 1164 3359 quo
1187 3273 1290 3358 frugis
1314 3273 1411 3338 huius
1435 3273 1548 3359 planta
1571 3272 1751 3339 descendit.

260 3377 394 3442 Adros
418 3397 472 3442 me
495 3375 624 3441 reducit
646 3376 805 3462 propositi
829 3377 937 3461 operis
961 3397 1025 3441 non
1050 3378 1156 3440 amica
1179 3376 1335 3456 condicio,
1359 3377 1413 3462 qui
1437 3375 1627 3442 melioribus
1651 3377 1811 3443 hactenus
1826 3379 1866 3442 76

154 3502 286 3568 operam
304 3481 388 3546 volui
412 3501 533 3546 navare
557 3479 774 3560 sermonibus,
797 3480 874 3545 dum
898 3482 1061 3566 captivam
1085 3481 1266 3545 orationem
1290 3481 1393 3566 exigit
1415 3480 1589 3567 imperiosa
1611 3482 1805 3549 necessitas.
1821 3477 1954 3585 ¹⁸¹ii.¹ii'¹

74 3607 102 3644 ss
156 3584 286 3651 dixistis
310 3586 411 3650 enim:
443 3583 614 3670 ‘quomodo
637 3583 678 3648 de
702 3605 802 3648 causa
817 3585 869 3649 vel
894 3585 1054 3669 qualitate
1078 3585 1150 3650 eins
1172 3585 1321 3669 primitus
1344 3584 1548 3666 tractabatis,
1573 3606 1646 3649 cum
1668 3584 1807 3651 necdum
1846 3582 1936 3625 Mm-

155 3691 294 3756 haberet
317 3688 459 3775 synodus
489 3687 676 3753 firmitatem
686 3684 710 3750 Β
757 3687 940 3752 ostentam
968 3686 1120 3752 dictionis
1153 3686 1328 3752 inmundae
1357 3695 1391 3752 et
1420 3687 1540 3753 faciem
1568 3687 1687 3769 libelli,
1716 3709 1814 3774 quarn

60 3828 82 3870 p.
95 3820 137 3860 aso
156 3816 221 3860 non
238 3794 310 3860 sola
324 3794 501 3859 macularit
522 3792 683 3878 inperitia.
723 3796 883 3856 tractatus
906 3792 1008 3856 nostri
1030 3792 1231 3878 provinciam
1255 3797 1287 3856 et
1310 3792 1450 3857 narratis
1475 3796 1509 3857 et
1531 3790 1697 3877 quaeritis.
1736 3790 1813 3857 hinc

154 3918 284 3964 eramus
305 3918 425 3983 nempe
447 3896 547 3978 dubii,
570 3897 658 3982 quia,
681 3894 955 3982 quemadmodum
979 3895 1164 3979 loquimini,
1187 3915 1253 3960 non
1275 3895 1422 3960 habebat
1445 3893 1588 3980 synodus
1611 3894 1813 3960 firmitatem:

154 4002 316 4068 transibat
344 4001 469 4087 negotii
497 4002 638 4086 qualitas
667 4000 835 4065 audituros
864 4008 897 4064 et
923 3999 997 4086 plus
1032 3999 1139 4065 adhuc
1168 4005 1370 4064 remanserat
1400 3999 1433 4063 in
1466 3999 1652 4064 reverentia
1682 3999 1813 4084 pulsati,

77 4127 102 4165 ss
158 4127 255 4192 quarn
279 4112 369 4172 esset
390 4106 424 4170 in
447 4106 549 4170 nostri
572 4105 762 4190 integritate
786 4102 929 4188 collegii.

261 4209 393 4275 Deinde
415 4230 474 4295 pro
496 4209 726 4294 quaestionum
748 4207 920 4271 tormentis
944 4205 1167 4270 venerabilem
1190 4205 1405 4270 Laurentium
1429 4211 1463 4268 et
1486 4203 1620 4268 Petrum
1643 4204 1814 4291 episcopos
1828 4209 1871 4271 77Ι

154 4337 175 4380 a
189 4314 414 4380 communione
430 4334 538 4400 papae
556 4335 591 4378 se
607 4312 820 4397 suspendisse
837 4314 1003 4400 replicatis
1020 4319 1064 4390 et,
1087 4309 1245 4397 quidquid
1260 4306 1404 4396 providit
1420 4309 1530 4374 cautio
1551 4312 1814 4388 convocatomm,

155 4418 274 4482 ducitis
303 4417 345 4483 ad
378 4417 503 4482 crimen
534 4418 675 4504 inpetiti.
724 4417 834 4482 ullone
870 4439 946 4502 ergo
979 4425 1142 4502 tempore,
1179 4414 1257 4478 dum
1292 4411 1539 4479 celebrarentur
1568 4410 1611 4475 ab
1640 4410 1690 4474 his
1721 4431 1816 4476 sacra

156 4523 346 4601 missarum,
384 4541 404 4584 a
431 4521 569 4585 nominis
599 4522 670 4585 eius
702 4520 1009 4587 commemoratione
1042 4527 1206 4585 cessatum
1238 4523 1309 4582 est?
1359 4536 1513 4601 umquam
1549 4535 1607 4602 pro
1643 4513 1815 4581 desideriis

156 4629 274 4693 vestris
292 4627 362 4693 sine
378 4626 444 4690 ritu
460 4623 621 4690 catholico
640 4629 673 4688 et
690 4645 770 4689 cano
786 4645 876 4690 more
894 4625 1091 4712 semiplenas
1107 4621 1264 4688 nominati
1281 4620 1444 4686 antistites
1462 4619 1587 4684 hostias
1609 4617 1814 4683 obtulerunt?

157 4730 345 4818 aliqnando,
369 4728 457 4816 quod
480 4727 579 4815 capiti
601 4733 710 4793 vestro
733 4728 946 4810 adscribatur,
974 4729 1062 4793 lacta
1086 4735 1137 4792 est
1160 4725 1245 4812 apud
1270 4724 1367 4789 deum
1391 4723 1516 4789 offensa
1538 4743 1597 4809 per
1619 4721 1759 4808 gratiam
1783 4728 1817 4786 et

157 4835 266 4902 extitit
281 4835 392 4901 nutrix
408 4833 524 4899 reniae
540 4833 668 4918 peccati
685 4840 790 4900 mater
806 4833 951 4899 oblatio?
990 4832 1122 4896 suerunt
1137 4828 1269 4916 quidem
1286 4827 1432 4915 corporis
1448 4830 1576 4892 tantum
1599 4825 1814 4892 conventione
1828 4829 1868 4894 78

158 4941 315 5028 separati,
348 4958 430 5026 quos
458 4938 617 5025 loqueris,
649 4937 829 5003 auimamm
857 4947 968 5003 tamen
999 4936 1220 5022 praesentiam
1250 4953 1315 4998 non
1346 4931 1498 4997 vitarunt.
1544 4930 1570 4994 si
1595 4951 1652 4995 eos
1676 4936 1772 5016 putas
1794 4951 1815 4994 a

383 5133 572 5140 ffl-

263 5285 277 5338 1
295 5285 416 5353 adqueB
525 5283 540 5335 7
559 5286 690 5338 hominnm
705 5285 771 5348 CPb,
790 5287 903 5338 omnium
922 5287 996 5338 saum
1106 5283 1262 5336 &claudite
1280 5281 1304 5330 V
1409 5277 1426 5330 9
1443 5278 1571 5345 opolentia
1583 5275 1608 5327 B
1676 5277 1759 5330 oculis
1776 5276 1817 5326 Va

161 5370 193 5424 10
209 5375 316 5426 attollite
332 5372 356 5422 V
492 5369 523 5423 ll
546 5372 647 5424 muneri
664 5371 690 5421 B
830 5369 862 5424 12
880 5374 967 5425 existit
982 5371 1006 5420 V
1141 5367 1174 5421 13
1195 5369 1316 5420 discribst
1334 5364 1409 5415 BVL
1550 5360 1582 5414 14
1603 5363 1722 5430 coepistis
1738 5361 1814 5414 BVA

160 5461 288 5513 desideriis
300 5477 349 5512 osu.
359 5459 393 5522 B,
411 5467 501 5511 temen
512 5458 628 5510 imeae
638 5458 684 5509 VL
690 5457 832 5511 Turnus
883 5459 1012 5512 scribtsB
1099 5455 1132 5507 15
1144 5455 1266 5522 quicquid
1278 5454 1303 5504 V
1384 5447 1418 5502 24
1431 5449 1554 5516 quicquid
1566 5447 1591 5498 V
1672 5445 1708 5500 25
1724 5446 1817 5516 tutius]

160 5549 237 5600 totius
248 5546 324 5598 BV⁶
439 5542 474 5597 26
491 5552 531 5597 ast
541 5561 591 5596 om.
604 5545 637 5611 B,
656 5545 758 5596 addunt
770 5547 845 5598 ceteri
959 5543 993 5596 27
1011 5543 1157 5596 huiusmodi
1173 5540 1231 5591 UPb
1300 5536 1425 5590 discendit
1436 5535 1463 5585 Β
1577 5531 1611 5586 32
1628 5531 1699 5600 binc]
1718 5535 1760 5586 hic
1777 5533 1818 5584 Va

160 5631 194 5684 34
209 5635 346 5687 auditurus
358 5633 383 5684 Β
515 5628 549 5683 37
567 5632 704 5699 replicatus
716 5631 767 5682 BR
856 5632 978 5699 quicquid
994 5630 1018 5680 V
1104 5624 1197 5692 cautio]
1221 5626 1333 5677 causatio
1345 5623 1372 5673 Β
1447 5640 1450 5646 ’
1504 5617 1538 5670 38
1555 5620 1643 5671 ullone
1661 5617 1705 5685 (ne
1721 5621 1750 5670 ia
1767 5637 1817 5685 asp.

161 5720 221 5773 odd.
240 5738 273 5772 m.
288 5718 314 5784 2)
333 5719 357 5769 B
462 5713 497 5766 40
514 5717 661 5783 simiplenas
676 5715 703 5766 B
710 5715 720 5752 ¹
789 5718 910 5770 antistitis
924 5717 973 5767 BR
1076 5711 1110 5764 42
1128 5709 1223 5778 extitit]
1232 5704 1340 5762 ‘exultas
1353 5707 1412 5761 0Ρὸ

1574 5813 1613 5870 81
