4612 6442
737 379 777 432 IX
796 378 919 447 (EPIS'I'.
939 380 961 446 l,
979 381 1016 448 b),
1035 379 1059 434 X
1078 379 1201 448 (EPIST.
1221 384 1244 446 1,
1262 382 1299 450 6).
1808 390 1846 456 15

193 552 279 638 quod
308 552 422 617 tribuit
456 573 517 617 nec
549 573 702 638 umquam
733 555 819 618 cirea
849 574 909 617 nos
940 554 1130 620 muneribus
1159 555 1225 620 suis
1258 556 1431 620 terminum
1464 563 1564 642 ponat
1594 560 1648 643 qui
1676 560 1845 645 largiendo

193 657 312 722 damna
335 679 399 722 non
423 658 531 722 sentit.
576 678 633 720 vos
656 655 799 741 gaudete
817 664 926 722 tamen
942 665 1053 722 vestro
1076 665 1143 722 tam
1167 659 1343 724 excellenti
1364 660 1460 741 bono,
1484 661 1602 746 quibus
1625 663 1676 728 las
1700 670 1750 728 cst
1772 664 1899 750 post12

194 763 323 826 trabeas
347 783 423 826 suas
446 760 570 826 habere
594 760 695 824 lilium
717 759 749 824 in
771 759 928 845 obsequio
945 761 1160 826 consularem.
1199 762 1225 826 si
1243 769 1353 828 tamen
1369 764 1403 828 in
1419 766 1587 830 sententia
1601 787 1676 832 mea
1692 768 1846 834 caelestis

193 865 287 948 vigor
302 871 457 951 operatur
474 871 507 930 et
521 870 590 928 tota
606 885 697 928 mens
713 862 865 926 humanis
882 862 1012 928 delictis
1036 864 1193 928 inclinata
1214 887 1279 930 non
1303 867 1462 948 subiacet,
1494 868 1639 934 fidelium
1663 871 1846 936 orationum

128 987 140 1025 ⁵
193 975 376 1034 vestrarum
406 968 579 1033 retributio
612 974 664 1032 est
694 968 782 1032 circa
811 965 957 1032 sobolem
987 966 1130 1052 dignitas
1162 968 1334 1055 inpetrata.
1380 971 1454 1035 urbi
1485 971 1675 1038 sufficerent
1706 980 1845 1059 quantos

192 1070 292 1135 habet
315 1070 431 1135 domus
455 1092 519 1136 una
542 1077 743 1157 precatores.
788 1069 869 1134 felix
895 1077 1014 1148 mater,
1043 1078 1093 1135 tot
1116 1073 1350 1158 imperatorum
1377 1073 1523 1156 domina,
1555 1097 1614 1142 vos
1636 1076 1724 1163 apud
1747 1076 1844 1144 deum

192 1175 344 1261 precibus
369 1176 437 1240 suis
460 1181 609 1239 matrona
631 1174 724 1239 fortis
748 1173 886 1240 adtollit.
922 1182 1106 1261 portantes
1129 1197 1268 1262 regnum
1292 1179 1437 1245 caeleste
1460 1179 1526 1244 vim
1548 1181 1681 1266 patitur,
1705 1202 1841 1266 quorum
1858 1175 1986 1281 wilfi&

191 1279 317 1344 meritis
340 1300 360 1342 a
383 1278 494 1343 divina
516 1277 693 1343 clementia
715 1276 802 1362 quod
825 1277 1008 1363 postulatur
1024 1280 1177 1364 exigitur.
1215 1281 1372 1367 scriptum
1389 1283 1475 1348 enim
1491 1284 1698 1350 meminimus
1714 1283 1844 1352 dicente

191 1381 360 1468 discipulis
387 1381 534 1446 domino:
571 1381 610 1444 ‘si
635 1381 825 1446 convenerit
853 1378 980 1445 duobus
1010 1389 1066 1446 aut
1095 1383 1200 1447 tribus
1223 1391 1384 1467 vestrum,
1413 1386 1570 1472 quidquid
1597 1388 1759 1473 petieritis
1782 1388 1843 1452 im·
1882 1383 1961 1488 {⁸²3

116 1503 141 1540 ¹⁰
193 1483 385 1571 petrabitis.’
431 1485 529 1551 credo
545 1484 785 1571 redemptorem
802 1485 961 1548 iustorum
983 1487 1115 1551 raritate
1139 1496 1314 1573 prospecta
1337 1511 1394 1575 pro
1417 1490 1530 1554 mundi
1554 1491 1660 1556 salute
1683 1493 1845 1578 petituros

191 1591 274 1656 duos
297 1591 422 1658 dixisse
446 1593 608 1659 sufficere.
653 1592 731 1656 licet
755 1592 942 1656 coniectura
966 1592 1136 1678 perpendi,
1161 1593 1189 1657 si
1212 1593 1317 1679 possit
1340 1593 1444 1657 tribus
1467 1593 1591 1678 aliquid
1612 1593 1767 1680 denegari
1784 1615 1844 1681 pro

192 1716 324 1760 suorum
347 1695 488 1760 utilitate
512 1695 733 1782 poscentibus.
779 1694 831 1759 his
855 1717 933 1780 ergo
958 1697 1079 1782 spebus
1103 1697 1266 1762 animatus
1290 1703 1323 1762 et
1350 1697 1510 1762 iustorum
1540 1698 1734 1783 cognatione
1766 1697 1843 1763 aub—
1860 1698 1897 1759 14

192 1797 288 1876 limis,
311 1798 438 1862 confido
456 1798 496 1863 de
513 1820 656 1886 superna
672 1799 875 1883 benignitate
892 1800 990 1864 etiam
1006 1822 1057 1866 me
1081 1800 1122 1868 ad
1145 1807 1276 1886 optatae
1301 1801 1429 1886 copiam
1452 1802 1577 1886 gratiae
1601 1808 1843 1889 perventurum.

192 1903 220 1966 i
236 1902 390 1968 Abrahae
413 1903 538 1968 meritis
559 1903 647 1968 Loth
671 1910 858 1968 sanctorum
889 1905 993 1969 turbis
1024 1904 1227 1980 adsciscitur,
1260 1904 1286 1968 si
1309 1903 1343 1967 hi
1365 1905 1421 1989 qui
1445 1926 1580 1971 caruere
1603 1905 1744 1992 propriis
1767 1928 1843 1992 pro·

116 2019 140 2056 ¹³
192 2007 387 2094 pinquorum
420 2006 462 2070 ad
485 2007 575 2071 celsa
609 2006 745 2093 perduci
772 2028 922 2072 meruere
953 2008 1144 2073 virtutibus:
1178 2029 1282 2073 annus
1312 2008 1374 2072 iste
1402 2008 1546 2074 familiae
1575 2015 1705 2075 vestrae
1739 2011 1845 2096 pariet

191 2111 380 2196 dignitates.
424 2131 500 2174 nam
523 2110 551 2174 si
574 2110 668 2175 vobis
697 2110 786 2175 cordi
815 2133 903 2192 sum,
932 2111 1029 2176 facile
1053 2111 1095 2176 ad
1124 2112 1302 2176 caelestem
1328 2112 1468 2196 gratiam
1491 2118 1604 2198 optata
1625 2113 1843 2199 inpetratione

191 2213 362 2301 perducor.
408 2214 539 2279 domine
562 2215 624 2294 mi,
654 2214 860 2278 salutationis
885 2201 1103 2279 reverentiam
1128 2215 1260 2280 solvens
1283 2215 1413 2280 veniam
1436 2216 1567 2301 postulo
1590 2215 1631 2280 de
1654 2215 1844 2302 prolixitate
1859 2215 1897 2274 15

193 2318 363 2398 sermonis,
386 2318 464 2402 quia
486 2316 621 2383 difficile
644 2323 704 2382 est.
718 2338 839 2403 magna
861 2317 1060 2402 gaudentem
1084 2339 1185 2404 parva
1208 2317 1298 2403 loqui
1322 2339 1396 2384 esse
1421 2323 1619 2382 contentum.

874 2645 908 2712 X
932 2646 1041 2731 (sersr.
1069 2650 1095 2728 l,
1119 2651 1161 2729 6).

783 2840 972 2914 FAVSTO
1001 2840 1251 2914 ENNODIVS.

298 2987 406 3082 Deus
434 3016 537 3098 bone,
569 3038 666 3101 quam
695 3017 775 3082 nibil
805 3023 856 3082 est
887 3016 1022 3092 arduum
1053 3037 1173 3101 magna
1201 3014 1392 3080 curantibus
1420 3020 1454 3080 et
1481 3035 1546 3099 qua
1573 3013 1683 3099 quiete
1715 3011 1844 3078 divinae
1882 3017 1895 3076 l

190 3127 317 3184 mentes
344 3122 414 3185 visa
443 3119 646 3186 describunt!
693 3122 811 3207 quibus
835 3126 992 3185 ornantur
1023 3119 1156 3184 dotibus
1183 3119 1272 3198 loca,
1302 3139 1385 3204 quae
1408 3119 1522 3204 lingua
1544 3117 1637 3183 dives
1660 3123 1693 3182 et
1716 3116 1845 3182 dicendi

189 3223 315 3307 peritus
338 3225 520 3310 aspexerit,
552 3225 579 3288 si
603 3223 758 3309 religioso
789 3223 896 3289 liceat
916 3224 986 3288 sine
1016 3222 1204 3288 discrimine
1235 3221 1450 3286 confessionis
1481 3241 1634 3286 enarrare
1657 3219 1845 3307 proposito!

190 3325 347 3411 quasdam
369 3326 483 3391 mundi
505 3327 625 3392 artifex
648 3325 730 3390 deus
759 3327 936 3412 provinciis
966 3325 1143 3391 felicitates
1171 3324 1333 3411 stupenda
1360 3325 1478 3390 secreti
1507 3325 1559 3389 sui
1586 3324 1738 3409 largitate
1766 3343 1845 3387 con-

191 3430 301 3512 cessit,
325 3431 406 3495 alias
430 3430 574 3510 uberius,
598 3430 716 3496 melius
740 3430 821 3495 elias
845 3431 954 3495 vinum
978 3429 1075 3494 iussit
1098 3427 1276 3507 effundere,
1300 3428 1371 3492 aliis
1395 3428 1534 3495 contulit
1554 3428 1704 3494 triticeae
1720 3426 1845 3514 segetis

191 3552 254 3618 ope
286 3534 459 3617 gratulari,
493 3534 614 3598 multas
644 3554 815 3619 pomorum
843 3533 1004 3599 varietate
1032 3532 1086 3597 vel
1113 3531 1253 3595 utilitate
1284 3530 1426 3596 donavit.
1473 3531 1590 3620 quibus
1621 3531 1704 3596 haee
1734 3536 1845 3595 tamen
1879 3537 1899 3597 2

189 3635 292 3720 ipsius
316 3643 452 3702 naturae
474 3638 692 3724 repugnantia
714 3639 833 3703 merita
854 3659 919 3703 non
942 3635 1117 3717 dederunt,
1148 3636 1226 3701 lecit
1248 3656 1304 3700 eas
1327 3635 1469 3700 relatore
1494 3633 1663 3700 sublimes.
1705 3656 1772 3699 non
1794 3639 1846 3699 est

190 3737 278 3804 unde
293 3739 403 3805 ieiuna
419 3741 570 3806 cautibus
586 3741 686 3828 gleba
703 3740 859 3827 desperet
875 3762 935 3806 nee
955 3739 1042 3804 unde
1058 3761 1123 3804 non
1146 3738 1379 3824 respondentia
1402 3738 1519 3803 cultori
1541 3759 1620 3805 arva
1643 3737 1845 3804 subiaceant.

190 3842 374 3928 linguarum
403 3846 500 3930 genio
531 3847 627 3911 terris
656 3846 772 3910 merita
802 3846 989 3910 tribuuntur
1012 3851 1045 3910 et
1068 3844 1208 3930 qualiter
1230 3843 1302 3928 quis
1324 3842 1414 3926 loqui
1436 3843 1596 3928 potuerit,
1628 3840 1739 3906 taliter
1767 3861 1845 3919 rem,

191 3945 233 4010 de
257 3967 321 4032 qua
343 3948 441 4014 fuerit
463 3949 602 4029 locutus,
626 3948 764 4013 adtollit.
809 3949 965 4028 crescitis,
989 3949 1189 4035 provinciae,
1213 3947 1341 4012 cultura
1364 3967 1561 4013 sermonum.
1601 3947 1666 4011 oris
1682 3952 1734 4011 est
1749 3945 1842 4031 quid·
1878 3948 1897 4008 3

192 4049 270 4134 quid
293 4051 326 4115 in
349 4052 443 4117 vobis
467 4053 571 4117 lector
593 4053 727 4138 stupuit.
772 4053 855 4118 uber
878 4053 983 4118 solum
1006 4058 1040 4117 et
1062 4050 1218 4116 divitibus
1241 4071 1324 4135 quae
1347 4057 1380 4114 te
1403 4049 1506 4115 iactas
1529 4054 1617 4114 terra
1645 4049 1844 4136 palmitibus,

191 4173 275 4236 quae
298 4176 358 4242 per
380 4155 526 4221 modicos
558 4157 667 4221 sulcos
697 4156 901 4242 scalpentem
930 4155 1029 4219 dorsa
1056 4155 1165 4242 pascis
1194 4154 1386 4239 agricolam,
1420 4173 1504 4239 quae
1531 4173 1633 4217 venas
1663 4152 1781 4217 divites
1811 4151 1845 4215 in

190 4256 263 4342 ipso
286 4259 517 4344 proscissionis
539 4259 657 4347 pandis
680 4259 831 4340 exordio,
862 4281 945 4345 quae
969 4265 1124 4345 suscepta
1146 4257 1294 4344 germina
1316 4257 1534 4343 multiplicata
1556 4278 1666 4322 messe
1688 4256 1844 4337 restituis,

192 4359 273 4424 nihil
304 4362 363 4425 tibi
394 4383 566 4428 commune
598 4385 671 4428 cum
701 4363 867 4444 maximis,
899 4362 927 4426 si
951 4362 992 4427 ad
1014 4368 1047 4426 te
1071 4361 1208 4426 domnus
1232 4360 1389 4442 Faustus,
1420 4359 1560 4424 Romani
1582 4365 1688 4424 status
1712 4361 1844 4446 eloquii,

191 4485 257 4528 non
281 4487 417 4531 serenus
439 4469 627 4534 accesserit.
674 4489 751 4532 ecce
776 4466 897 4531 Comus
927 4467 1036 4552 pullae
1065 4465 1228 4551 quondam
1256 4485 1361 4550 paene
1387 4465 1421 4528 in
1453 4463 1619 4529 silentium
1642 4464 1744 4529 missa
1765 4485 1843 4528 con·
1877 4471 1896 4530 4

193 4567 289 4648 dicio,
313 4590 397 4655 quae
420 4571 511 4635 nulla
534 4593 569 4635 sc
592 4572 753 4636 haetenus
777 4569 1025 4652 commoditate,
1049 4570 1139 4634 nulla
1161 4576 1198 4636 ut
1220 4568 1311 4633 aiunt
1332 4568 1535 4632 lonnositate
1558 4568 1701 4646 iactavit,
1724 4574 1844 4653 quanto

191 4671 315 4757 gaudet
336 4673 461 4758 ingenii
485 4676 573 4740 elata
595 4676 788 4762 privilegio?
827 4696 910 4760 quae
926 4696 986 4761 per
1008 4679 1184 4762 praerupta
1207 4672 1369 4738 convallia
1392 4678 1425 4738 et
1446 4672 1577 4758 patulos
1600 4672 1845 4738 cohaerentium

192 4775 303 4839 hiatus
326 4777 486 4842 montium
508 4779 644 4844 aestivis
668 4781 797 4845 nivibus
820 4779 974 4844 miseram
1002 4779 1065 4842 scit
1093 4777 1250 4842 exhibere
1279 4774 1504 4852 concordiam;
1536 4777 1587 4840 oui
1613 4795 1672 4863 per
1698 4775 1845 4862 pericula

191 4879 403 4965 pendentium
428 4903 501 4946 cum
518 4883 572 4947 via
595 4886 756 4949 cultorum
776 4891 852 4951 ante
875 4891 996 4950 terram
1019 4905 1078 4970 per
1101 4883 1254 4969 scopulos
1279 4903 1361 4968 opus
1385 4886 1438 4946 est
1461 4880 1623 4945 seminare
1647 4900 1745 4964 quam
1766 4901 1842 4965 ger-

114 3009 141 3048 2⁰

294 5156 312 5208 2
329 5159 439 5228 dampna
455 5160 480 5210 V
535 5161 616 5212 sensit
632 5159 728 5212 Harrei
818 5159 836 5211 3
853 5162 1012 5214 consolarem
1023 5161 1049 5212 Β
1143 5159 1290 5227 5quantus
1302 5160 1345 5211 B!
1432 5154 1448 5207 1
1465 5157 1548 5208 attolit
1563 5156 1588 5206 V
1678 5154 1695 5208 9
1712 5157 1845 5224 discipulis

191 5245 293 5298 domino
304 5245 338 5311 B,
355 5248 458 5300 domino
476 5249 608 5315 discipulis
626 5249 701 5300 ceter-i
769 5248 821 5300 duo
838 5257 884 5301 aut
900 5257 952 5301 tres
968 5249 1049 5301 Tora
1118 5249 1241 5315 quicquid
1255 5247 1281 5297 V
1381 5242 1413 5296 13
1430 5261 1542 5312 superna
1555 5242 1622 5308 C'Pb,
1639 5260 1732 5310 supere
1741 5241 1850 5293 BVLT

192 5327 224 5382 14
240 5332 400 5402 admiscitur]
417 5336 570 5386 adscribitur
587 5333 666 5386 Sina.
767 5333 800 5386 15
816 5335 926 5401 perduce
937 5335 981 5386 Ba
1085 5333 1119 5388 16
1136 5335 1266 5402 dignitatis
1278 5332 1304 5383 Β
1410 5327 1442 5381 l‘l
1460 5331 1530 5382 mia·
1543 5327 1621 5396 (crae.
1640 5329 1678 5396 bi)
1697 5331 1722 5381 B

295 5435 338 5503 [X]
380 5436 414 5489 19
431 5439 564 5490 Ennodius
585 5441 681 5491 Fausto
699 5441 714 5490 b
862 5436 895 5489 21
918 5441 1010 5491 mentia
1034 5439 1146 5504 codices,
1170 5437 1267 5490 comtd.
1286 5436 1365 5488 sirm.
1461 5436 1605 5487 diacribunt
1620 5433 1646 5484 Β
1739 5433 1807 5484 diuis
1819 5431 1845 5482 Β

191 5519 225 5578 22
249 5519 282 5589 si]
303 5523 335 5574 sil
353 5522 380 5572 B
517 5521 552 5574 23
573 5533 670 5576 secreta
687 5524 734 5574 13⁰
872 5521 907 5574 24
927 5526 1026 5578 triticea
1040 5524 1066 5576 Β
1206 5521 1241 5574 26
1264 5523 1432 5590 repugnantis
1454 5522 1533 5574 Siras.
1670 5519 1704 5574 21
1725 5522 1803 5590 gisus
1819 5521 1845 5571 Β

192 5609 302 5676 disparet
314 5608 339 5660 Β
345 5609 391 5660 VI.
459 5627 512 5660 non
529 5608 564 5673 B,
581 5627 630 5660 ona.
648 5609 724 5662 meri
831 5607 866 5660 29
883 5610 977 5662 attollit
991 5609 1016 5658 V
1081 5610 1195 5662 crescitis
1213 5609 1302 5673 δίνη,
1319 5609 1433 5660 0119119113
1444 5605 1477 5670 Β,
1494 5607 1614 5658 crescatis
1631 5608 1705 5660 celeri
1773 5607 1844 5679 quie·

192 5698 253 5776 guid
268 5695 294 5746 V
393 5693 427 5759 32
444 5696 601 5758 restituesB
709 5693 745 5758 34
762 5695 899 5772 spullscB
1001 5693 1036 5752 36
1053 5696 1120 5756 elata
1132 5693 1166 5764 B,
1184 5713 1231 5750 ens.
1250 5695 1326 5748 ceteri
1393 5692 1535 5768 putuluaB
1818 5749 1837 5783 ·
