4566 6532
424 389 486 450 294
673 384 811 437 CDllell
830 385 950 450 (olam.
973 389 994 442 1.
1013 388 1049 450 ὓ),
1068 385 1206 439 CDXXIV
1225 385 1347 450 (EPIS'P.
1366 386 1391 446 9,
1408 387 1444 452 2),
1463 385 1585 439 CDXXV
1605 386 1727 454 (EPIST.
1746 387 1770 452 9,
1789 389 1824 452 3).

788 559 910 622 Navita
933 581 985 622 mc
1010 559 1116 624 lactus
1141 561 1285 646 suscepit
1307 561 1455 645 protinus
1479 560 1564 638 alno,

707 676 731 710 ³⁰
790 660 926 725 Sarcina
950 662 1000 725 cui
1023 662 1105 727 ielix
1129 661 1250 728 dudum
1275 668 1484 726 concesserat
1506 683 1612 727 omen.

790 764 946 828 Indoctus
969 766 1097 830 clavum
1123 767 1209 830 rexit
1232 765 1273 830 de
1296 764 1440 851 pondere
1464 771 1554 828 tutus

789 867 832 931 Et
854 890 906 933 me
930 869 1057 934 festivis
1081 867 1212 934 Christo
1236 869 1321 933 duce
1344 868 1479 955 pertulit
1500 869 1575 933 oris.

924 1279 926 1282 Ι
1040 1177 1219 1246 onxxlv
1243 1180 1352 1264 (rerer.
1369 1183 1400 1258 9,
1417 1182 1460 1262 2).

1018 1357 1207 1432 FAVSTO
1234 1357 1483 1432 ENNODIVS.

395 1517 405 1574 1
543 1487 626 1583 Stat
649 1518 735 1604 apud
759 1517 993 1582 conscientiam
1009 1515 1158 1580 culminis
1176 1515 1287 1594 vestri,
1313 1515 1389 1600 quid
1407 1515 1556 1579 sublimis
1574 1515 1634 1580 viri
1648 1515 1794 1580 Faustini
1810 1524 1883 1580 voto
1898 1516 2089 1581 debeamus

423 1631 456 1688 et
478 1624 601 1708 generi.
646 1628 679 1686 et
703 1622 776 1685 ideo
799 1621 947 1705 quamvis
971 1618 1058 1705 apud
1081 1639 1139 1681 vos
1164 1619 1276 1682 credat
1300 1620 1450 1683 sulficere
1475 1619 1560 1704 quod
1583 1641 1641 1705 pro
1665 1619 1731 1683 filio
1748 1625 1843 1705 pater
1858 1621 1999 1705 rogavit,
2025 1643 2091 1705 per

421 1747 474 1790 me
499 1732 623 1804 tamen,
656 1725 732 1809 qnia
755 1745 868 1810 parum
893 1729 987 1809 putat
1010 1722 1080 1787 eius
1105 1721 1289 1786 sollicitudo
1312 1722 1397 1808 quod
1420 1723 1535 1808 egerit,
1566 1745 1682 1808 preces
1711 1724 1907 1808 frequentet,
1940 1746 2088 1810 sperans

422 1835 458 1892 ut
487 1835 597 1892 vestra
625 1829 822 1892 adulescens
853 1827 893 1890 ad
924 1832 1068 1890 maturos
1096 1825 1158 1888 deo
1187 1825 1320 1912 auspice
1351 1847 1458 1890 mores
1490 1827 1645 1910 erigatur.
1690 1847 1746 1890 vos
1776 1826 1861 1890 detis
1889 1835 2089 1912 praecepta,
2162 1851 2174 1884 s.

422 1931 498 2016 quid
523 1932 616 2016 sequi
640 1930 769 2010 debeat,
794 1930 871 2017 quid
895 1951 1021 2008 cavere,
1047 1949 1104 1992 vos
1127 1928 1215 2014 apud
1236 1949 1316 2014 quos
1338 1931 1560 1993 necessarium
1577 1928 1780 1994 credideritis
1804 1931 1985 2016 scriptione
2009 1952 2091 2018 pro-

392 2035 618 2120 2sequamini.
663 2033 745 2098 haec
770 2035 837 2097 scio
861 2035 990 2098 culmen
1014 2037 1169 2110 vestrum,
1194 2033 1292 2096 etiem
1316 2033 1343 2096 si
1367 2039 1505 2114 taceam,
1529 2055 1603 2098 esse
1628 2032 1806 2107 facturum3
1831 2033 1891 2098 sed
1911 2056 1974 2099 nec
1991 2035 2091 2120 potui

421 2139 503 2202 tanti
527 2138 587 2201 viri
617 2136 767 2222 precibus
799 2136 916 2201 deesse
947 2157 1007 2200 uec
1040 2135 1150 2200 debui.
1196 2155 1260 2220 qua
1293 2134 1333 2200 de
1367 2157 1402 2200 re
1436 2142 1605 2222 permotus
1639 2135 1780 2200 lacrimis
1814 2138 1967 2224 superius
2004 2160 2089 2204 ocn-

421 2240 579 2326 prehensi
603 2247 637 2304 et
660 2261 721 2326 ego
745 2241 827 2303 flens
852 2239 1000 2324 subplico
1024 2239 1194 2325 perillam
1217 2259 1300 2324 quas
1324 2237 1417 2302 robis
1441 2259 1460 2302 a
1484 2236 1544 2302 deo
1568 2258 1728 2303 concessa
1751 2246 1801 2304 eet
1825 2241 2089 2306 conscientiam:

422 2343 470 2408 sic
493 2344 671 2429 petitiones
695 2351 822 2408 vestras
846 2343 902 2429 pia
923 2348 1102 2428 martyrum
1126 2343 1281 2407 salvatori
1304 2349 1414 2406 nostro
1439 2341 1647 2406 commendet
1662 2341 1816 2424 adsertio,
1840 2353 1876 2410 ut
1901 2346 2090 2412 efficaciter

422 2446 508 2533 apud
532 2467 590 2511 vos
615 2452 647 2510 et
671 2453 799 2510 creator
823 2467 881 2532 pro
904 2447 970 2510 filio
995 2453 1028 2510 ct
1043 2444 1179 2509 domnus
1194 2444 1371 2509 Faustinus
1388 2465 1447 2530 pro
1468 2444 1644 2509 Ambrosio
1662 2447 1836 2533 supplicet.
1872 2455 1906 2514 et
1930 2450 2090 2516 ordinate

422 2551 628 2637 praedictum
660 2552 812 2615 iuvenem
838 2556 871 2614 et
895 2556 985 2614 orate
1014 2571 1072 2636 pro
1100 2549 1183 2633 ipso,
1209 2555 1246 2611 ut
1274 2548 1520 2612 adulescentem
1550 2548 1657 2612 Roma
1685 2571 1746 2614 nec
1775 2551 1864 2616 vitiis
1893 2554 1998 2640 possit
2025 2575 2091 2618 nec

389 2654 543 2727 3morbis
569 2655 774 2738 extinguere.
821 2654 889 2717 scio
915 2674 971 2715 voe
995 2653 1089 2739 plura
1112 2650 1198 2737 apud
1222 2651 1381 2726 homines,
1415 2652 1473 2715 sed
1498 2653 1621 2716 maiora
1645 2653 1732 2739 apud
1756 2653 1853 2719 deum
1877 2657 2091 2741 praevalere.

422 2763 455 2819 et
479 2757 553 2820 ideo
578 2779 712 2821 securus
738 2757 801 2820 iam
826 2759 977 2821 ellectum
1002 2757 1066 2819 illis
1096 2755 1253 2840 polliceor
1282 2776 1363 2840 quos
1394 2755 1596 2819 commendo.
1643 2777 1721 2840 ergo
1750 2761 1970 2823 reverentiam
1995 2762 2089 2824 salu-

422 2861 554 2924 tationis
578 2862 755 2925 exsolvcns
780 2862 893 2946 paucis
924 2860 1028 2922 multa
1055 2860 1220 2924 contexui.
1266 2859 1385 2923 sufficit
1415 2859 1476 2922 deo
1505 2859 1666 2944 placentis
1696 2861 1756 2923 viri
1786 2862 1981 2928 instructam
2009 2888 2089 2930 esse
2160 2909 2164 2918 ·

421 2963 597 3049 pietatem:
623 2970 655 3027 ct
679 2985 777 3028 cauea
801 2971 833 3027 et
858 2985 998 3048 persona
1021 2984 1093 3026 cum
1118 2962 1170 3026 dei
1196 2963 1318 3025 solacio
1342 2971 1452 3026 vestro
1477 2962 1669 3046 disponetur
1693 2964 1810 3028 studio.

1047 3251 1205 3320 cuxxv
1230 3255 1342 3338 (uersu.
1360 3258 1391 3334 9,
1408 3253 1452 3336 3).

965 3430 1250 3506 MERIBAVDO
1279 3430 1528 3504 ENNODIVS.

391 3582 405 3642 l
531 3561 648 3670 Quasi
682 3591 785 3656 solem
817 3591 943 3658 facibus
973 3591 1106 3656 adiuvet
1132 3598 1165 3655 et
1193 3611 1282 3655 mare
1311 3591 1431 3675 exiguo
1461 3611 1573 3655 umore
1604 3593 1797 3679 locupletet,
1828 3597 1875 3660 ita
1905 3599 2088 3683 superfluis

420 3694 548 3758 laborat
571 3695 733 3781 inpendiis
757 3697 813 3780 qui
837 3717 896 3782 per
919 3718 954 3761 se
978 3697 1138 3782 placitura
1161 3693 1378 3759 commendat.
1424 3695 1482 3759 sed
1506 3697 1642 3760 stultum
1666 3705 1716 3762 est
1739 3699 1845 3783 perire
1869 3702 2087 3768 occasionem

421 3797 583 3880 beneficii,
615 3800 743 3885 quando
773 3801 933 3865 auxilium
961 3799 1055 3863 fortis
1085 3798 1237 3884 inploret.
1284 3819 1381 3884 opum
1410 3799 1520 3882 largus
1549 3821 1647 3885 supra
1675 3802 1787 3887 copies
1817 3801 1942 3868 ditatus
1966 3812 2028 3886 est,
2056 3808 2086 3871 si

421 3900 524 3966 credit
548 3903 731 3968 subsidium
756 3904 841 3989 quod
863 3925 990 3990 pauper
1012 3902 1176 3968 obtulerit.
1214 3902 1326 3986 regale
1348 3921 1465 3965 munus
1483 3901 1529 3981 lit,
1554 3903 1607 3966 cui
1628 3903 1755 3988 insigne
1771 3907 1913 3992 pretium
1929 3915 2086 3995 praestat

388 4005 595 4091 acccipiens.
642 4005 780 4070 domnus
802 4007 980 4072 Faustinus
1004 4006 1045 4070 de
1069 4005 1170 4092 prolis
1195 4027 1273 4070 snae
1297 4005 1447 4091 profectu
1470 4025 1570 4091 srlpra
1592 4025 1689 4090 quam
1712 4010 1820 4094 poscit
1840 4017 1982 4096 paterna
2004 4035 2085 4078 cura

420 4109 593 4188 sollicitus,
617 4108 828 4174 Ambrosium
852 4118 999 4175 nostrum
1023 4110 1083 4173 hac
1100 4107 1187 4194 apud
1209 4129 1266 4172 vos
1283 4107 1421 4172 credidit
1436 4110 1666 4194 prosecutione
1683 4113 1875 4192 conmuniri‚
1899 4117 2084 4181 aestimans

420 4211 506 4296 quod
531 4213 664 4297 sanguis
688 4215 770 4294 eius,
794 4213 880 4299 quod
903 4213 1088 4301 prudentie.
1121 4213 1207 4297 quod
1232 4233 1349 4277 censue
1372 4213 1457 4276 intra
1480 4212 1634 4298 Liguriae
1658 4221 1797 4302 augusta
1820 4215 2024 4283 delitisceret
2049 4229 2083 4286 et
2173 4233 2178 4239 “

420 4316 498 4379 artis
522 4315 611 4380 lama
633 4317 753 4381 nobilis
777 4326 941 4384 artaretur
964 4315 1155 4382 obstaculis:
1185 4316 1292 4380 alieno
1321 4315 1483 4402 praesidio
1513 4316 1695 4381 claritatem
1719 4340 1809 4383 auam
1834 4321 1867 4383 in
1891 4320 2080 4388 Romanam
2147 4350 2159 4386 s

388 4419 527 4492 3lucem
550 4427 643 4507 putat
667 4442 849 4507 erumpere.
895 4422 1038 4486 lacessat
1061 4419 1102 4483 ab
1127 4419 1243 4483 studiis
1273 4420 1354 4483 meis
1382 4439 1503 4503 negare
1532 4421 1765 4502 testimonium,
1796 4423 1881 4508 quod
1907 4426 1981 4510 plus
2008 4430 2080 4514 opi-

420 4523 543 4587 tulatur
566 4524 706 4586 auctori:
731 4526 785 4608 qui
812 4527 897 4590 cuim
921 4525 1025 4588 bonos
1050 4524 1172 4588 adserit
1195 4521 1403 4607 adprobatur.
1449 4521 1555 4586 videte
1586 4543 1668 4608 quae
1698 4524 1738 4591 dc
1762 4527 1854 4591 vobis
1877 4527 2001 4594 fiducia
2026 4533 2080 4606 sit,

420 4627 472 4690 cui
497 4627 654 4712 quidquid
676 4629 890 4716 praecipuum
913 4629 1013 4693 babet
1037 4627 1155 4691 nobilis
1178 4634 1265 4690 terra
1288 4626 1460 4691 commisit.
1497 4627 1572 4690 nolo
1595 4636 1690 4712 putet
1712 4629 1799 4716 apud
1823 4652 1881 4694 nos
1904 4632 1991 4716 quod
2019 4634 2081 4698 bac

522 4905 546 4939 v.
564 4884 600 4939 49
617 4885 668 4954 me]
686 4889 738 4940 mel
750 4887 776 4938 Β
881 4906 905 4939 v.
924 4885 959 4939 52
976 4889 1111 4940 oris.llnit
1122 4886 1148 4937 B

523 4987 676 5058 [CDXXlV]
714 4991 727 5041 1
748 4993 881 5044 Enncdius
899 4993 994 5043 Fausto
1011 4991 1090 5043 Sirra.
1227 4987 1244 5040 2
1262 4991 1318 5042 ueri
1336 4991 1361 5040 Β
1456 4991 1563 5043 debeam
1577 4991 1636 5044 ΟΡ)
1768 4991 1785 5042 5
1802 4991 1899 5061 umba]
1919 5003 2008 5048 noster
2023 4997 2084 5048 OPb

417 5075 563 5129 aduliscens
576 5077 601 5127 B
740 5077 755 5129 ‘l
775 5080 823 5130 hoc
838 5079 896 5130 on
1034 5077 1051 5128 8
1069 5093 1117 5128 neo
1135 5077 1213 5129 debui
1231 5113 1237 5128 .
1252 5117 1257 5127 .
1271 5115 1297 5128 ..
1317 5093 1364 5128 nec
1382 5077 1454 5144 potui
1471 5077 1590 5129 VLTOP
1727 5076 1743 5127 9
1761 5081 1878 5146 supplico
1895 5079 1920 5129 V
2022 5101 2084 5135 cou-

417 5163 523 5214 scientia
534 5161 560 5212 B
687 5162 721 5215 10
738 5165 806 5230 piam
819 5164 845 5215 Β
931 5163 1086 5215 commandit
1098 5162 1123 5213 B
1251 5161 1283 5212 12
1300 5163 1414 5214 iuuinem
1428 5162 1454 5213 Β
1539 5165 1697 5217 aduliscente
1709 5165 1720 5230 ΙΙ
1737 5164 1763 5214 Β
1886 5164 1918 5216 13
1938 5171 2038 5221 morbis
2051 5171 2086 5232 Β,

417 5250 531 5301 moribus
549 5249 624 5300 ceteri
769 5248 802 5301 lb
826 5253 928 5303 sufficet
946 5249 971 5299 Β
1073 5250 1204 5316 placentes
1220 5248 1246 5299 Β
1252 5247 1316 5298 VL2
1322 5247 1359 5298 T¹
1462 5251 1638 5302 instnructam
1654 5251 1679 5302 B
1824 5250 1856 5302 16
1878 5253 2034 5320 disponetur
2052 5257 2087 5321 Β,

416 5336 566 5402 disponetur
584 5338 661 5388 ceteri

521 5437 663 5506 [CDXXV]
692 5437 724 5491 11
738 5441 1063 5492 EnnodiusMeribandob
1151 5438 1184 5490 18
1202 5440 1344 5492 adiubetB
1395 5441 1528 5509 locupletit
1541 5441 1566 5490 B
1618 5441 1703 5492 itaaB
1751 5437 1761 5448 “
1789 5437 1927 5508 201argcs
1944 5443 2091 5500 VLT¹OP

416 5527 505 5593 cupias
523 5527 548 5576 Β
687 5526 721 5577 23
743 5531 901 5595 amprosium
919 5527 962 5578 Β(Ι
1100 5525 1135 5577 24
1158 5534 1184 5577 ct
1206 5525 1280 5592 artis]
1303 5534 1328 5578 et
1350 5529 1411 5578 estis
1428 5527 1461 5591 B,
1483 5536 1509 5579 ct
1532 5525 1757 5593 quodsslljjlacrtis
1782 5525 1806 5592 (e
1828 5527 1891 5592 del.)
1909 5529 1939 5594 V,
1964 5541 1991 5584 et
2017 5538 2089 5600 quod

416 5613 493 5663 certis
505 5612 536 5674 L,
559 5623 585 5664 ct
602 5615 670 5680 quod
689 5615 745 5665 eius
761 5615 795 5665 Ob
936 5609 969 5662 27
991 5613 1074 5663 bouus
1091 5612 1116 5661 Β
1220 5613 1377 5681 approbatur
1393 5613 1418 5662 V
1551 5612 1585 5664 28
1603 5613 1762 5680 quicquidV
1866 5618 1967 5680 putetis
1987 5623 2092 5676 torrido

416 5696 485 5766 quod
497 5696 555 5761 ΒΟ,
573 5715 624 5763 quo
642 5701 717 5748 ceteri
