4612 6442
115 1528 141 1566 10

734 398 800 455 vm
820 398 955 470 (croso.
974 399 1066 470 7),1X
1086 400 1208 470 (aaran.
1228 403 1252 470 r,
1269 402 1306 470 a).
1811 408 1850 472 ¹3

193 575 351 664 deputare
373 574 566 640 necessitati
590 581 642 657 et,
673 573 750 639 dum
781 575 878 640 homo
903 575 1024 640 homini
1049 581 1158 639 custos
1182 582 1246 658 est,
1277 575 1340 640 alio
1368 575 1585 642 maledicendi
1615 577 1727 643 ordine
1756 579 1850 666 pudi-

193 681 302 745 citiam
325 679 459 744 valeant
489 678 655 766 adplicare
683 678 861 760 formidini,
891 699 950 743 nos
979 677 1109 764 quidem
1132 680 1185 744 vel
1208 701 1252 744 ex
1273 700 1340 743 una
1362 685 1456 765 parte
1480 681 1635 768 carpendi
1658 684 1849 750 occasiones

193 783 380 864 incidimus,
411 804 470 848 nos
500 803 663 868 supernae
694 804 855 848 memores
887 782 1078 869 disciplinae
1108 783 1380 870 qualemcumque
1410 784 1648 852 sacerdotalem
1677 787 1849 854 dexteram
1858 784 1994 892 Ῑξζνέψ

193 889 378 954 volentibus
393 888 500 974 perire
517 886 712 973 porrigimus
729 893 762 952 et
778 908 798 950 a
814 886 927 951 ruinae
949 887 1140 973 praecipitio
1164 885 1335 951 diabolicis
1359 894 1448 952 actos
1472 889 1611 954 stimulis
1632 891 1848 975 retardamus,

193 999 230 1056 nt
253 991 379 1056 discant
401 990 556 1074 loquaces
579 989 632 1053 vel
656 994 730 1075 post
752 988 886 1054 decreta
908 989 1098 1074 praesentia
1119 989 1309 1074 religiosum
1333 1010 1442 1054 amaro
1466 990 1643 1057 silentium.

299 1095 435 1160 Nullum
458 1114 537 1179 ergo
565 1091 772 1158 sacerdotum
804 1093 945 1177 antiquis
975 1097 1009 1156 et
1036 1091 1199 1156 modernis
1227 1093 1357 1177 legibus
1390 1094 1626 1180 obsequentem
1657 1099 1847 1184 nullumque
1883 1098 1903 1160 9

190 1199 364 1265 levitarum
396 1198 466 1263 sine
495 1197 580 1262 bene
608 1198 746 1283 probata
768 1196 918 1260 volumus
946 1195 980 1259 in
1008 1216 1211 1280 quocumque
1241 1196 1305 1260 loci
1332 1216 1466 1263 manere
1488 1219 1645 1284 persona,
1677 1201 1731 1267 vel
1755 1222 1852 1288 quem

191 1302 397 1368 substantiae
421 1301 552 1366 exilitas
576 1322 640 1365 non
670 1301 855 1388 permiserit
883 1299 1007 1365 habere
1039 1305 1239 1379 consortem,
1269 1301 1340 1385 ipse
1372 1302 1601 1368 concellaneus
1624 1303 1683 1368 fiat
1706 1305 1852 1370 alterius.

191 1406 359 1493 publicum
387 1405 430 1469 sit
459 1403 548 1490 apud
577 1405 751 1490 religiosos
785 1424 880 1468 omne
907 1402 994 1488 quod
1029 1403 1169 1486 geritur,
1203 1403 1407 1469 clandestina
1438 1405 1628 1491 repudietur
1658 1409 1852 1476 obscuritas.

192 1513 313 1576 multos
337 1509 460 1574 habeat
483 1514 614 1572 actuum
638 1509 794 1590 conscios,
819 1507 875 1593 qui
897 1507 959 1571 deo
983 1505 1081 1571 debet
1104 1506 1333 1571 innocentiam.
1379 1508 1514 1573 videant
1536 1511 1673 1592 aemuli,
1697 1511 1775 1597 quia
1797 1512 1851 1597 qui

191 1619 297 1679 testes
325 1613 459 1678 adhibet
482 1613 551 1677 vult
580 1612 722 1698 probari.
767 1612 852 1676 male
883 1610 1091 1697 deprehensa
1120 1610 1282 1676 iudicatur
1304 1614 1521 1696 conversatio,
1552 1636 1636 1700 quae
1667 1637 1733 1680 non
1760 1623 1852 1702 optat

192 1717 338 1800 agnosci.
383 1722 471 1782 certe
495 1716 548 1780 vel
572 1717 598 1781 si
621 1737 714 1780 mens
739 1716 780 1781 sit
803 1716 883 1779 recti
908 1715 1052 1797 conscia,
1075 1713 1220 1779 vindicta
1242 1713 1359 1799 dignus
1384 1718 1512 1802 estqui
1536 1719 1590 1782 alii
1614 1720 1727 1784 existit
1750 1742 1851 1785 causa
1866 1728 1905 1787 to

191 1820 344 1906 periculi;
382 1818 460 1883 dum
493 1819 579 1883 enim
610 1818 849 1906 suspicionibus
880 1819 1036 1905 patefacit
1066 1839 1251 1901 accessum,
1284 1821 1320 1884 fit
1352 1820 1488 1886 fraterni
1523 1823 1613 1908 origo
1644 1822 1851 1908 discriminis,

193 1931 226 1988 et
249 1924 303 2010 qui
325 1923 483 2010 peccandi
505 1924 649 1989 fomenta
676 1922 788 1989 tribuit
816 1923 888 2009 ipse
909 1924 1060 2007 iugulum
1087 1923 1182 1986 morti
1210 1923 1365 2009 inpingit,
1396 1930 1433 1988 ut
1456 1925 1501 1988 ait
1524 1924 1652 1991 divinus
1676 1933 1709 1992 et
1731 1927 2005 2000 beatusaamas.

194 2048 331 2113 praeco:
370 2027 447 2091 ‘noli
478 2026 670 2108 detrahere,
707 2049 748 2092 ne
780 2025 976 2106 eradiceris’,
1011 2026 1178 2090 confessor
1207 2026 1415 2092 Ambrosius:
1457 2030 1561 2093 ‘multi
1595 2052 1660 2095 non
1692 2031 1852 2100 dederunt
1870 2015 1996 2120 imssf'ffl'

194 2131 294 2195 errori
322 2131 429 2195 locum
453 2137 486 2194 ct
513 2130 674 2196 dederunt
702 2129 898 2217 suspicioni!
945 2130 1087 2216 suspicio
1111 2131 1174 2195 ista
1196 2137 1246 2195 est
1268 2131 1421 2195 interitus
1445 2134 1662 2219 suspicantis:
1696 2140 1851 2220 atquem

172 2235 257 2298 'non
273 2240 366 2299 caret
380 2240 518 2320 peccato
534 2235 589 2320 qui
605 2234 743 2302 dederit.
781 2235 868 2300 undc
884 2256 1037 2299 mansuro
1055 2255 1128 2299 curn
1152 2232 1204 2298 dei
1228 2239 1261 2298 et
1284 2234 1499 2320 redemptoris
1522 2238 1625 2301 nostri
1648 2236 1850 2303 ordinatione
1867 2234 1901 2294 ll

194 2339 370 2402 constituto
393 2339 574 2420 sancimus,
604 2340 806 2426 apostolicae
830 2337 918 2402 sedis
941 2339 1032 2404 beati
1055 2338 1146 2403 Petri
1169 2339 1221 2404 vel
1245 2340 1407 2424 praesulis
1432 2340 1503 2404 eius
1526 2361 1633 2426 papae
1657 2342 1853 2406 auctoritate

195 2442 342 2523 subnixi,
372 2463 457 2526 qnae
480 2444 560 2506 vitia
583 2441 749 2507 desiderat
771 2442 927 2507 radicitus
951 2443 1130 2528 amputari,
1163 2449 1199 2507 ut
1222 2444 1330 2508 nullus
1354 2444 1577 2530 religiosorum
1602 2445 1643 2510 de
1665 2447 1853 2511 memoratis

195 2545 361 2610 ordinibus
384 2546 479 2611 aliter
502 2567 600 2632 quam
622 2547 764 2634 praefati
787 2569 898 2613 sumus
923 2546 1043 2612 audeat
1066 2547 1263 2629 conversari,
1287 2549 1340 2612 vel
1357 2548 1551 2633 quicumque
1573 2551 1854 2635 praesumpserint

195 2671 268 2715 oum
284 2649 459 2714 amissione
474 2650 608 2737 pudoris
625 2650 783 2715 bonorum
806 2650 925 2715 damna
949 2651 1143 2731 sustineant,
1168 2651 1321 2737 qnoniam
1344 2651 1469 2736 gande
1491 2653 1615 2716 malurn
1638 2660 1689 2718 est
1712 2653 1854 2719 dicatam

195 2753 256 2818 deo
279 2775 452 2839 personam
475 2753 673 2819 salutaribus
697 2755 828 2819 monitis
852 2775 916 2818 non
932 2775 1059 2840 parere.
1097 2755 1207 2818 nullus
1224 2776 1335 2819 secum
1354 2760 1530 2820 extraneas
1553 2755 1676 2822 habeat
1699 2757 1854 2823 mulieres

195 2857 327 2942 praeter
348 2878 506 2944 personas
537 2843 716 2922 canonibus¹
742 2857 947 2943 designatas,
980 2879 1022 2922 nc
1050 2858 1176 2943 agendo
1206 2860 1331 2940 taliter,
1364 2860 1493 2924 etiamsi
1520 2861 1587 2924 rita
1616 2862 1657 2925 sit
1685 2863 1852 2944 innocens,

195 2960 350 3024 damnum
373 2961 534 3048 opinionis
556 2961 712 3028 incurrat.

865 3167 922 3235 IX
946 3168 1057 3256 (nnnc.
1084 3174 1112 3252 1,
1136 3169 1182 3256 5).

789 3346 979 3422 FAVSTO
1006 3345 1256 3420 ENNODIVS.

305 3476 552 3573 Abundantem
575 3509 628 3574 dei
650 3510 907 3576 misericordiam
931 3517 1084 3598 precatus
1106 3507 1296 3574 commendo
1323 3506 1387 3594 ipsi
1416 3507 1492 3588 anni
1522 3505 1626 3572 felicis
1649 3504 1796 3590 auspicia
1819 3509 1853 3569 et
1888 3508 1901 3567 1

195 3611 426 3676 beneficiorum
456 3613 527 3676 eius
550 3613 741 3677 muneribus
765 3613 912 3678 sublimis
935 3614 1000 3678 iam
1024 3612 1229 3676 consularem
1253 3609 1357 3674 virum
1380 3610 1473 3694 quasi
1497 3609 1644 3695 aequalis
1668 3607 1852 3693 adgredior.

194 3715 355 3781 hactenus
386 3715 543 3781 trabealis
571 3717 697 3781 coturni
724 3737 878 3803 pompam
909 3715 1052 3780 familiae
1086 3721 1217 3779 nostrae
1244 3714 1421 3800 peregriua
1451 3717 1642 3776 ornamenta
1664 3712 1854 3777 tribuebant

196 3826 231 3884 et
252 3819 416 3907 pertinere
439 3840 498 3883 nos
522 3818 564 3883 ad
588 3840 661 3884 eum
685 3821 789 3906 magis
813 3819 981 3884 adfinitate
1005 3841 1103 3906 quarn
1126 3839 1248 3903 genere
1272 3816 1514 3902 gaudebamus,
1543 3816 1597 3901 qui
1627 3835 1711 3878 anno
1735 3835 1853 3879 nomen

196 3923 349 4010 inposuit.
386 3944 504 3987 munus
521 3930 602 4004 erat,
625 3945 689 3988 non
705 3922 862 4005 debitum,
886 3922 971 4010 quod
992 3925 1078 3988 inter
1101 3923 1261 3985 curulium
1284 3941 1494 4005 possessores
1517 3918 1710 4004 diligentum
1732 3917 1853 3982 fabulis

196 4027 408 4092 addebamur.
446 4028 596 4113 quotiens
613 4048 671 4091 nos
687 4027 844 4092 obnoxios
862 4028 925 4091 sibi
940 4027 1018 4092 fecit
1039 4027 1162 4112 lingua,
1187 4045 1271 4110 quae
1295 4023 1382 4110 apud
1405 4025 1485 4088 ahos
1509 4022 1681 4102 exultavit,
1702 4027 1740 4085 ut
1763 4043 1852 4086 com-
1886 4023 1906 4084 2

194 4136 321 4194 mutato
344 4129 540 4194 condicionis
563 4128 675 4194 ordine
698 4129 814 4194 alienis
838 4135 969 4195 nostrae
992 4129 1170 4194 nobilitatis
1193 4128 1335 4212 insignia
1359 4126 1529 4213 stipendiis
1552 4126 1775 4191 deberentur?
1822 4129 1856 4189 at

195 4255 280 4298 nuno
308 4233 453 4298 facessat
480 4231 615 4297 invidia:
648 4238 851 4298 vetustorum
882 4239 1051 4318 reparator
1080 4232 1218 4297 fascium
1239 4231 1388 4296 novellus
1413 4230 1525 4295 consul
1550 4230 1669 4294 inluxit
1693 4235 1726 4294 et
1749 4228 1854 4314 digni-

196 4343 301 4401 tatum
328 4342 512 4401 nostrarum
542 4337 685 4401 cariosas
709 4337 795 4401 fores
818 4337 970 4401 robustus
993 4334 1152 4400 reseravit
1174 4335 1329 4420 inpulsor.
1375 4332 1417 4398 ad
1439 4333 1618 4398 redivivam
1640 4331 1855 4397 valitudinem

196 4440 412 4506 tremebunda
433 4440 707 4505 marcescentium
730 4439 897 4504 cardinum
920 4440 1031 4504 limina
1053 4439 1270 4520 iuveniscunt,
1294 4459 1377 4523 quae
1400 4437 1499 4502 nullis
1523 4436 1621 4502 credo
1643 4436 1705 4501 deo
1721 4437 1853 4523 auspice

197 4545 273 4629 quia
294 4544 452 4632 posthaec
475 4543 622 4608 obicibus
645 4542 828 4608 claudenda
850 4544 1045 4630 patuissent.
1090 4563 1166 4607 narn
1190 4541 1308 4607 Avieni
1330 4543 1394 4605 mei
1423 4562 1487 4606 non
1513 4562 1612 4622 unus,
1644 4539 1703 4605 sed
1731 4541 1854 4626 primus
1888 4550 1989 4617 3Ap011·

197 4654 249 4712 est
271 4648 468 4712 consulatus.
515 4646 623 4732 stirpis
647 4667 726 4712 suae
750 4652 920 4732 gestatura
944 4647 1068 4732 aquilas
1091 4647 1222 4731 agmina
1245 4646 1397 4732 praevius
1422 4644 1601 4710 antecessit
1624 4648 1657 4709 et
1673 4643 1715 4708 ad
1730 4644 1849 4731 princi·
1898 4603 2009 4709 odili.

301 4911 314 4962 l
335 4913 450 4979 diputars
468 4909 516 4960 B‘*
593 4907 755 4958 malidiccndi
767 4905 824 4957 BV
928 4905 946 4958 2
963 4906 1090 4974 applicare
1106 4905 1135 4970 V,
1151 4906 1315 4957 accomodare
1333 4906 1348 4956 h
1459 4902 1476 4956 4
1494 4911 1564 4956 actos
1579 4900 1652 4968 OPb,
1669 4910 1742 4954 actus
1753 4901 1860 4953 BVLT

197 4993 333 5066 figeretur
349 4996 539 5050 clandistinsB
643 4993 674 5044 11
694 4993 829 5046 adhibitB
938 4993 1188 5044 12sitceestcorr.
1204 4992 1250 5042 ΥΒ
1360 4989 1394 5042 14
1405 4991 1532 5058 gugulurn
1545 4989 1589 5041 Ba
1658 4990 1734 5040 morti
1752 4989 1856 5052 Hortel,

196 5087 283 5136 mortis
300 5085 362 5136 libri
471 5080 506 5133 15
523 5078 608 5147 multi]
626 5083 716 5148 quanti
733 5081 822 5130 Ambr.
837 5081 854 5131 l.
868 5097 888 5131 c.
994 5078 1027 5131 16
1045 5080 1157 5146 suspicio
1171 5105 1182 5129 ι
1197 5081 1245 5130 ista
1263 5085 1303 5130 cst
1319 5075 1433 5145 (eram)
1446 5077 1472 5127 Β
1540 5085 1567 5128 nt
1583 5093 1660 5143 quam
1673 5075 1711 5139 B,
1735 5084 1762 5126 ct
1778 5093 1856 5142 quarn

196 5172 281 5234 ceteri,
304 5179 381 5238 atquc
396 5171 424 5233 b,
447 5178 524 5236 atquc
542 5185 598 5220 eam
616 5167 714 5218 Hartcl
824 5165 857 5217 18
875 5167 1019 5218 sanccimus
1035 5165 1061 5216 Β
1134 5167 1285 5216 auctoritate
1303 5180 1383 5232 papus
1402 5162 1426 5212 V
1431 5162 1491 5212 ῙΙΛ
1504 5158 1563 5214 0Ρὸ
1671 5160 1703 5212 21
1724 5158 1855 5229 quoniam]

197 5255 246 5324 qu'ir
263 5257 371 5320 BVLO,
388 5254 423 5323 qri
439 5255 467 5319 Τ,
485 5255 640 5321 quomodob
726 5251 760 5303 24
777 5254 916 5320 dampnum
932 5252 957 5300 V

300 5358 361 5427 [IX]
396 5356 431 5410 25
448 5359 581 5411 Ennodins
599 5359 726 5410 Faustob
852 5355 885 5408 27
910 5357 1046 5424 aggredior
1066 5355 1091 5406 V
1211 5352 1246 5406 29
1263 5354 1387 5405 affinitate
1407 5350 1432 5400 V
1513 5367 1609 5418 genera
1626 5349 1652 5400 Β
1737 5367 1805 5402 anno
1823 5349 1857 5414 B,

196 5465 276 5500 annos
293 5447 371 5510 tw,
389 5453 448 5498 unte
466 5445 582 5497 nosCPb
668 5442 704 5495 30
722 5445 883 5512 diligentium
897 5443 935 5495 Pb
1022 5441 1054 5493 31
1073 5442 1200 5494 exultauit
1216 5439 1559 5506 quwdipseconieccrnm,
1577 5436 1745 5502 exaltabitB,
1762 5438 1857 5488 exalta·

196 5537 293 5587 uitrel.
397 5531 432 5584 32
450 5534 582 5601 stipendiis
601 5533 755 5584 deberentur
768 5533 801 5597 B,
818 5534 972 5585 deberentur
989 5531 1121 5598 stipendiis
1133 5528 1209 5580 ceteri
1277 5523 1312 5592 at]
1332 5524 1402 5576 sdB
1505 5521 1539 5574 34
1557 5523 1721 5574 cariososBl
1790 5527 1857 5575 sores

197 5619 222 5686 (c
240 5639 271 5673 ar
287 5639 301 5673 u
320 5620 399 5686 corr.)
418 5620 443 5670 Β
516 5620 640 5672 reserabit
657 5619 725 5683 libri,
743 5619 841 5670 amaad.
860 5614 964 5669 Sirm'
1050 5613 1085 5666 35
1103 5612 1265 5666 tremibunda
1278 5611 1303 5661 Β
1372 5610 1570 5666 iuucncscuntb
1680 5608 1715 5660 36
1732 5610 1858 5678 pntisoent

197 5708 260 5762 coni.
279 5707 376 5758 Horret
478 5703 513 5757 37
531 5706 678 5757 consolatus
690 5704 740 5755 BL
809 5713 926 5773 gestatur
940 5703 982 5754 Β1
