4566 6532
635 395 738 454 ccmv
757 397 985 467 (uersuum)
1004 427 1036 438 -
1055 397 1159 456 CCCVI
1178 397 1300 468 (EPIST.
1318 400 1343 466 7,
1361 399 1397 470 1).
1776 405 1835 472 231

188 573 220 637 in
245 571 445 657 longioribus
475 593 670 658 persequor,
702 573 828 639 babens
859 574 1040 660 promissae
1068 575 1214 640 caritatis
1243 577 1444 643 memoriam.
1490 577 1634 658 domine,
1666 585 1703 642 ut
1731 600 1838 666 supra,

189 675 421 740 salutationem
445 676 662 769 largissimam
687 678 829 743 offerens
851 699 990 764 quaeso,
1020 686 1056 744 ut
1083 679 1229 744 debitum
1258 681 1384 766 gratiae
1407 681 1460 746 vel
1483 703 1570 746 nunc
1593 682 1706 767 exigat
1728 683 1838 768 inpor-

187 780 321 862 tunitas,
345 779 421 844 dum
445 781 645 867 providetur,
668 787 831 866 quatenus
854 782 1004 848 ardorem
1028 783 1183 849 desiderii
1205 785 1342 872 prolixis
1367 785 1492 851 satietis
1515 785 1674 872 alloquiis.

827 1073 933 1143 cccv
956 1075 1065 1161 (sersr.
1083 1079 1113 1157 6,
1130 1077 1198 1164 38).

759 1252 998 1329 ENNODIVS
1023 1253 1268 1330 FIRMINAE.

298 1379 472 1491 Quotiens
487 1413 596 1476 votiva
613 1431 665 1476 res
681 1416 816 1498 repente
834 1413 1017 1497 contigerit,
1040 1415 1181 1499 pretium
1198 1414 1239 1480 de
1254 1415 1327 1501 ipsa
1342 1415 1499 1502 temporis
1515 1415 1677 1482 brevitate
1695 1418 1837 1482 sortitur.
1855 1424 1867 1484 l

187 1517 338 1582 caelestis
362 1517 449 1582 enirn
470 1522 507 1581 ut
530 1522 657 1581 crescat
672 1515 814 1581 benificii
830 1516 958 1601 genius,
982 1515 1125 1581 subitum
1143 1518 1221 1583 iacit
1237 1539 1312 1584 esse
1328 1518 1414 1604 quod
1431 1519 1556 1594 tribuit,
1579 1540 1621 1585 ne
1645 1520 1840 1586 devenustet

187 1625 375 1704 sperantum
405 1620 578 1707 prolixitas
606 1617 863 1684 misericordiam
892 1619 1071 1705 largitoris.
1117 1621 1190 1706 quis
1220 1622 1307 1686 euim
1336 1623 1491 1688 effectum
1519 1621 1673 1688 desiderii
1703 1631 1839 1712 repente

188 1723 369 1810 suscipiens
392 1745 458 1788 nou
481 1721 609 1788 avidius
633 1723 807 1808 impetrata
829 1729 1025 1789 veneretur?
1071 1725 1119 1788 sic
1148 1725 1274 1790 litteras
1304 1725 1540 1811 magnitudinis
1564 1733 1693 1792 vestrae
1723 1727 1838 1792 sitiens

188 1833 334 1912 ternpore
357 1826 569 1913 protectionis
592 1827 714 1912 accepi.
759 1825 914 1891 dolebam
938 1826 1043 1892 iateor
1066 1834 1099 1892 et
1122 1828 1335 1894 vehementer
1364 1829 1523 1915 angebar,
1553 1829 1630 1894 dum
1660 1852 1721 1896 uec
1744 1830 1871 1896 obse-2

188 1928 338 2016 quiorum
361 1951 508 1996 meorum
528 1931 672 2018 perlator
688 1927 847 1995 existeret
864 1951 925 1996 neo
941 1931 1109 2017 sospitatis
1125 1938 1254 1996 vestrae
1271 1931 1475 2018 digressurus
1491 1933 1578 1998 bone
1594 1953 1837 2019 cognoscerem.

188 2053 264 2098 cccc
287 2039 459 2119 utrumque
482 2033 572 2098 irons
595 2033 680 2097 bona
702 2034 878 2098 concessit:
908 2034 1022 2121 accepi
1044 2035 1168 2121 pariter
1190 2034 1310 2100 indicia
1332 2042 1446 2122 optata
1468 2056 1553 2122 quae
1577 2036 1694 2118 reiero,
1719 2042 1752 2103 et
1770 2059 1836 2104 uno

187 2135 367 2224 eodemque
391 2144 539 2223 tempore
563 2157 750 2223 regressum
768 2157 820 2202 me
837 2135 878 2201 de
894 2136 1035 2224 Alpibus
1052 2137 1169 2203 Cottiis
1189 2147 1223 2204 et
1246 2138 1440 2205 Rauennate
1465 2140 1612 2226 significo
1636 2141 1698 2205 iter
1721 2139 1837 2228 adrep-

187 2247 305 2305 turum.
351 2247 441 2305 orate
465 2247 501 2305 ut
524 2241 622 2305 variis
646 2240 795 2305 laborum
820 2241 940 2305 iactato
964 2241 1176 2306 incommodis
1199 2244 1391 2328 patientiam
1415 2263 1578 2331 supernae
1601 2242 1840 2310 benedictionis

187 2364 304 2408 munus
327 2342 485 2409 iuiuudat.
531 2366 583 2409 me
612 2351 721 2410 autem
750 2343 837 2430 quod
866 2343 907 2408 ad
935 2344 1115 2410 custodiam
1139 2347 1265 2430 gratiae
1290 2347 1440 2411 culminis
1462 2347 1564 2412 vestri
1586 2347 1740 2433 splendor
1762 2349 1871 2414 bor-3

187 2452 285 2526 tatur,
309 2445 436 2511 facilius
460 2446 558 2513 credo
582 2467 695 2511 cursus
720 2447 938 2532 fluminumiu
953 2447 1084 2513 diversa
1099 2450 1246 2514 revocari
1263 2456 1296 2514 et
1312 2449 1435 2514 relictis
1458 2450 1652 2514 fluentorum
1677 2451 1839 2517 alimoniis

188 2550 303 2616 aether
331 2572 469 2616 vacuum
500 2551 607 2638 pisces
639 2557 815 2639 expetere,
849 2573 946 2638 quam
979 2557 1145 2618 tantorum
1175 2575 1228 2618 me
1260 2554 1473 2619 inmemorem
1503 2551 1626 2620 delicta
1654 2556 1839 2622 restituant.

188 2654 274 2740 quod
298 2661 462 2741 superest,
485 2654 609 2735 valete,
634 2655 678 2720 mi
702 2654 843 2736 domina,
867 2661 901 2722 et
923 2654 1122 2742 redemptori
1146 2662 1258 2722 nostro
1282 2678 1340 2743 pro
1364 2678 1506 2744 persona
1527 2658 1671 2744 suscepti
1693 2657 1838 2723 incessa-

188 2758 300 2824 biliter
321 2758 512 2847 supplicate.

829 2964 956 3035 CtlthI
978 2966 1088 3048 (urrsr.
1107 2970 1135 3048 7,
1156 2966 1198 3052 1).

657 3197 658 3200 =
781 3143 1019 3219 ENNODIVS
1044 3144 1254 3220 IVLIANO.

301 3275 507 3389 Praeceptis
542 3303 777 3389 magnitudinis
810 3308 940 3368 vestrae
974 3303 1192 3368 ministerium
1225 3303 1409 3369 devotionis
1444 3304 1661 3385 exsolvimus,
1681 3290 1771 3389 'quia
1802 3304 1866 3370 fitl

188 3406 344 3491 aequitati
373 3407 539 3492 proximus
566 3407 620 3492 qui
648 3407 724 3471 iusti
751 3407 811 3470 viri
841 3407 972 3472 monitis
1000 3404 1212 3472 obsecundat.
1258 3407 1463 3493 negotiorum
1492 3407 1649 3493 qualitas,
1681 3428 1764 3492 quac
1796 3407 1838 3473 ab

189 3509 294 3574 amico
317 3511 464 3574 veritatis
487 3509 699 3595 agnoscenda
727 3512 954 3592 committitur,
986 3511 1137 3576 cautione
1170 3511 1304 3574 instruit
1332 3511 1474 3575 animum
1503 3510 1682 3596 cognitoris
1710 3511 1841 3596 integri.

188 3611 404 3678 adiectionem
428 3613 601 3679 infudisset
623 3613 717 3679 nobis
740 3613 973 3700 magnitudinis
990 3620 1119 3679 vestrae
1137 3613 1365 3695 consideratio,
1390 3615 1417 3678 si
1441 3614 1551 3679 studia
1574 3634 1638 3678 non
1662 3612 1839 3680 dedissent.

189 3715 223 3780 in
245 3715 379 3802 negotio
402 3715 512 3802 igitur,
536 3717 623 3804 quod
646 3718 734 3784 inter
755 3717 940 3785 Bautoncm
964 3721 1073 3805 regiae
1098 3718 1212 3785 domus
1235 3717 1466 3784 conductorem
1484 3725 1517 3783 ct
1532 3716 1720 3803 Epifauium
1743 3717 1871 3783 char-2

190 3819 307 3883 tarium
323 3819 470 3901 vertitur,
494 3820 571 3886 dum
589 3843 710 3908 anceps
726 3821 758 3886 in
776 3821 1012 3909 disceptatione
1029 3829 1140 3888 nostra
1155 3829 1292 3888 eventus
1310 3828 1442 3889 nutaret
1464 3826 1497 3885 ct
1519 3820 1648 3886 alterna
1671 3841 1706 3886 se
1729 3827 1839 3910 partes
1871 3827 1873 3832 '

189 3922 369 3988 intentione
400 3923 618 4006 coulidcrent,
650 3925 825 3992 adserente
848 3926 998 3992 Bautone
1028 3948 1063 3992 se
1095 3927 1270 4014 sexaginta
1293 3930 1501 4012 etquattuor
1529 3922 1650 3992 solidos
1679 3925 1839 4011 publicos,

190 4047 271 4112 quos
293 4025 335 4092 de
358 4026 484 4115 reliqua
507 4029 690 4094 indictionis
714 4030 801 4094 illius
815 4031 945 4095 ⁴emisso
970 4029 1187 4117 chirographo
1217 4029 1323 4095 fuerat
1350 4028 1471 4094 debere
1502 4027 1688 4109 confessus,
1719 4027 1839 4093 idcirco

191 4150 255 4195 non
278 4150 375 4216 posse
400 4133 585 4212 restituere,
609 4133 686 4217 quia
708 4153 900 4220 parmenus
917 4132 1064 4198 sublimis
1079 4133 1141 4198 viri
1156 4132 1299 4198 Proieeti
1316 4129 1532 4218 quadraginta
1548 4129 1670 4196 solidos
1687 4129 1840 4218 Epilanio

190 4234 336 4320 suffragii
359 4235 490 4302 nomine
514 4237 720 4314 contulisset,
749 4257 807 4323 pro
836 4236 955 4322 quibus
983 4236 1108 4301 nullrun
1139 4235 1333 4301 beneficium
1361 4240 1510 4300 secutum
1533 4233 1633 4298 luisse
1657 4232 1840 4315 doceretur,

191 4343 226 4403 et
246 4337 422 4424 replicaret
444 4339 513 4424 ipse
536 4337 725 4426 Epilanius,
754 4359 789 4404 se
813 4339 841 4404 si
864 4339 941 4425 quid
965 4340 1165 4427 accepisset,
1188 4338 1303 4404 labore
1326 4339 1484 4403 meruisse
1507 4357 1569 4404 uec
1593 4336 1712 4402 trustra
1735 4338 1798 4403 sibi
1821 4361 1842 4404 a

189 4439 340 4506 Bautone
356 4441 529 4528 quicquam
544 4441 644 4506 fuisse
661 4442 826 4506 conlatum
839 4442 892 4508 vel
908 4443 1027 4530 prolati
1043 4443 1139 4507 testis
1155 4440 1252 4508 tidem
1268 4439 1418 4507 laudibus
1434 4441 1636 4505 incessanter
1651 4439 1839 4506 adtolleret:

190 4545 364 4610 statuimus
386 4550 423 4609 ut
444 4545 504 4610 sub
528 4544 738 4610 iureiurando
763 4545 866 4631 (mibi)
891 4547 1078 4612 nominatus
1102 4545 1252 4633 superius
1267 4545 1317 4609 vir
1332 4543 1448 4610 nobilis
1463 4543 1634 4608 Proiectus
1658 4550 1692 4608 et
1715 4542 1870 4630 sperati3

189 4669 293 4734 genus
315 4647 498 4714 declararet
520 4647 672 4714 beneficii
696 4655 730 4714 et
752 4650 918 4729 effectum,
943 4650 970 4714 si
993 4651 1040 4714 ita
1062 4655 1162 4730 esset,
1186 4647 1357 4713 adsereret
1379 4666 1444 4712 nou
1468 4651 1633 4724 secutum3
1657 4647 1741 4733 quod
1766 4669 1839 4712 oum

190 4751 304 4817 fuisset
320 4752 491 4839 inpletum,
506 4750 677 4840 Epifanius
694 4758 864 4841 acceptam
881 4752 1042 4839 pecuniae
1061 4751 1250 4818 retunderet
1264 4751 1491 4836 quantitatem.
1525 4771 1611 4816 nuno
1628 4749 1661 4815 in
1678 4757 1839 4839 potestate

191 4861 242 4920 est
265 4856 413 4921 culminis
436 4856 538 4921 vestri
560 4855 761 4923 decisionem
783 4863 939 4938 nostram,
963 4857 990 4921 si
1012 4858 1132 4944 placet,
1156 4855 1350 4923 auctoritate
1372 4853 1497 4920 lulcire.

290 5062 308 5116 3
325 5066 470 5133 prouiditur
481 5064 507 5116 Β
575 5066 696 5133 quatinus
711 5065 736 5116 V

293 5167 399 5239 [CCCV]
435 5170 452 5223 4
469 5171 593 5224 terminas
605 5169 682 5222 BVL
791 5167 809 5221 5
825 5169 967 5236 contigerat
978 5167 1004 5219 Β
1111 5165 1129 5218 6
1146 5166 1264 5218 beneficii
1280 5164 1305 5215 V
1369 5163 1462 5232 genitu
1480 5164 1499 5224 (i
1517 5163 1545 5215 in
1561 5162 1610 5229 lit.)
1622 5163 1648 5216 Β
1752 5161 1768 5214 7
1785 5181 1841 5231 pro

188 5259 280 5312 laxitas
295 5257 321 5308 B
423 5258 556 5325 largitores
571 5257 597 5308 B
699 5257 819 5310 effectum
836 5255 928 5322 scripsi
946 5256 991 5322 (cs.
1004 5273 1034 5321 p.
1048 5257 1146 5324 152,2u
1164 5257 1216 5317 166,
1228 5257 1259 5304 21
1276 5255 1361 5314 maa
1378 5247 1445 5315 etc),
1462 5251 1582 5304 affectum
1600 5251 1661 5302 libri
1763 5248 1780 5300 9
1797 5267 1842 5301 au·

188 5345 262 5410 giban
277 5340 318 5394 131
414 5360 462 5396 nec
484 5361 540 5411 nvp.
553 5344 599 5395 lia.
616 5341 661 5394 13²
794 5340 828 5394 10
848 5341 980 5409 sospitatis
997 5337 1038 5392 13¹
1172 5337 1204 5390 ll
1229 5334 1312 5403 irone]
1330 5353 1386 5390 sora
1402 5338 1442 5389 ecl
1459 5338 1511 5390 fors
1528 5337 1624 5390 micio
1719 5337 1800 5403 accipi
1816 5336 1842 5388 B

189 5427 223 5482 12
240 5431 403 5498 adrepturam
415 5429 469 5495 Be,
484 5437 646 5497 arrepturum
662 5429 688 5479 V
787 5427 820 5480 13
836 5430 944 5482 iactatos
955 5428 981 5479 Β
1049 5427 1226 5478 incommodus
1237 5423 1285 5475 Β(ι
1390 5421 1423 5476 16
1440 5424 1554 5492 expetire
1565 5423 1591 5474 Β
1659 5423 1752 5476 dilecta
1764 5422 1790 5474 Β

294 5531 389 5601 [CCCV
391 5531 413 5601 1]
439 5531 475 5586 20
491 5533 636 5585 deuotionis
655 5533 700 5598 (cs.
708 5551 739 5599 p.
752 5535 805 5596 166,
815 5530 858 5596 29)
872 5532 896 5594 6,
913 5529 1058 5582 debutionis
1070 5527 1104 5592 B,
1119 5527 1256 5580 debitionis
1271 5527 1346 5580 catari
1432 5525 1467 5578 22
1483 5527 1627 5580 cautionem
1639 5525 1665 5576 B
1751 5523 1786 5576 23
1804 5525 1842 5576 iu·

188 5621 315 5673 tundisset
326 5620 352 5671 Β
454 5617 489 5670 24
506 5619 671 5686 epiphanium
689 5617 713 5667 V
772 5617 930 5672 munium
942 5615 968 5666 B
974 5614 999 5665 V
1092 5612 1127 5666 25
1144 5621 1255 5681 quatuor
1266 5613 1292 5666 B
1356 5612 1513 5680 publicusB
1610 5608 1645 5662 2⁷
1661 5613 1796 5679 cymgrato
1808 5611 1842 5675 B,

188 5708 348 5774 cyrographo
365 5705 389 5754 V
505 5703 540 5758 28
556 5705 694 5772 epiphanio
710 5703 735 5754 V
849 5699 884 5752 29
901 5701 1012 5752 nominis
1023 5699 1049 5752 B
1130 5699 1235 5751 docetur
1252 5698 1319 5766 (sup.
1332 5699 1378 5751 tin.
1390 5696 1428 5764 re)
1445 5696 1470 5747 V
1584 5694 1620 5751 30
1636 5694 1790 5768 sBautoue]
1808 5697 1842 5748 ab

189 5801 300 5848 auctone
313 5792 338 5846 Β
440 5788 473 5848 31
492 5791 619 5848 attolieret
634 5788 659 5839 V
757 5786 792 5842 32
810 5788 874 5845 mihi
891 5786 977 5843 om.B
1080 5782 1114 5841 34
1132 5784 1283 5858 epiphanius
1299 5783 1324 5834 V
1543 5777 1544 5780 ’
