<?xml version="1.0" encoding="UTF-8"?>
<!DOCTYPE html PUBLIC "-//W3C//DTD XHTML 1.0 Transitional//EN"
    "http://www.w3.org/TR/xhtml1/DTD/xhtml1-transitional.dtd">
<html xmlns="http://www.w3.org/1999/xhtml" xml:lang="en" lang="en">
 <head>
  <title>
</title>
<meta http-equiv="Content-Type" content="text/html;charset=utf-8" />
  <meta name='ocr-system' content='tesseract 3.04.00' />
  <meta name='ocr-capabilities' content='ocr_page ocr_carea ocr_par ocr_line ocrx_word'/>
</head>
<body>
  <div class='ocr_page' id='page_1' title='image "./monumentagerman06mittgoog_0182.png"; bbox 0 0 4538 6436; ppageno 0'>
   <div class='ocr_carea' id='block_1_1' title="bbox 663 381 1820 456">
    <p class='ocr_par' dir='ltr' id='par_1_1' title="bbox 663 381 1820 456">
     <span class='ocr_line' id='line_1_1' title="bbox 663 381 1820 456; baseline 0.016 -20"><span class='ocrx_word' id='word_1_1' title='bbox 663 382 763 437; x_wconf 84' lang='lat' dir='ltr'>LXXX</span> <span class='ocrx_word' id='word_1_2' title='bbox 783 382 915 447; x_wconf 86' lang='lat' dir='ltr'>(OPUSC.</span> <span class='ocrx_word' id='word_1_3' title='bbox 935 383 971 450; x_wconf 79' lang='lat'>3),</span> <span class='ocrx_word' id='word_1_4' title='bbox 989 381 1104 438; x_wconf 86' lang='lat' dir='ltr'>LXXXI</span> <span class='ocrx_word' id='word_1_5' title='bbox 1122 382 1256 453; x_wconf 81' lang='lat' dir='ltr'><strong>(OPUSC.</strong></span> <span class='ocrx_word' id='word_1_6' title='bbox 1276 385 1328 451; x_wconf 85' lang='grc'><strong>10).</strong></span> <span class='ocrx_word' id='word_1_7' title='bbox 1760 393 1820 456; x_wconf 85' lang='grc'>109</span> 
     </span>
    </p>
   </div>
   <div class='ocr_carea' id='block_1_2' title="bbox 79 553 1955 2508">
    <p class='ocr_par' dir='ltr' id='par_1_2' title="bbox 170 553 1821 644">
     <span class='ocr_line' id='line_1_2' title="bbox 170 553 1821 644; baseline 0.001 -20"><span class='ocrx_word' id='word_1_8' title='bbox 170 581 208 624; x_wconf 91' lang='lat' dir='ltr'>ac</span> <span class='ocrx_word' id='word_1_9' title='bbox 231 558 351 622; x_wconf 89' lang='lat' dir='ltr'>decore</span> <span class='ocrx_word' id='word_1_10' title='bbox 374 557 513 620; x_wconf 76' lang='lat' dir='ltr'><strong>vestitae</strong></span> <span class='ocrx_word' id='word_1_11' title='bbox 543 562 734 619; x_wconf 90' lang='lat' dir='ltr'>cunctorum</span> <span class='ocrx_word' id='word_1_12' title='bbox 762 553 851 618; x_wconf 88' lang='lat' dir='ltr'>visae</span> <span class='ocrx_word' id='word_1_13' title='bbox 879 560 954 618; x_wconf 88' lang='lat' dir='ltr'>sunt</span> <span class='ocrx_word' id='word_1_14' title='bbox 981 556 1094 633; x_wconf 89' lang='lat' dir='ltr'>oculis,</span> <span class='ocrx_word' id='word_1_15' title='bbox 1125 562 1162 619; x_wconf 93' lang='lat' dir='ltr'>ut</span> <span class='ocrx_word' id='word_1_16' title='bbox 1190 555 1399 642; x_wconf 83' lang='lat' dir='ltr'>splendorem</span> <span class='ocrx_word' id='word_1_17' title='bbox 1426 558 1513 622; x_wconf 87' lang='lat' dir='ltr'>vitae</span> <span class='ocrx_word' id='word_1_18' title='bbox 1542 559 1650 623; x_wconf 85' lang='lat' dir='ltr'>vultus</span> <span class='ocrx_word' id='word_1_19' title='bbox 1677 560 1821 644; x_wconf 82' lang='lat' dir='ltr'>signaret</span> 
     </span>
    </p>

    <p class='ocr_par' dir='ltr' id='par_1_3' title="bbox 170 657 1820 747">
     <span class='ocr_line' id='line_1_3' title="bbox 170 657 1820 747; baseline 0 -19"><span class='ocrx_word' id='word_1_20' title='bbox 170 657 316 728; x_wconf 82' lang='lat' dir='ltr'>defuncti</span> <span class='ocrx_word' id='word_1_21' title='bbox 341 665 375 724; x_wconf 90' lang='lat' dir='ltr'>et</span> <span class='ocrx_word' id='word_1_22' title='bbox 397 658 581 744; x_wconf 89' lang='lat' dir='ltr'>depositam</span> <span class='ocrx_word' id='word_1_23' title='bbox 604 657 741 742; x_wconf 84' lang='lat' dir='ltr'>gloriam</span> <span class='ocrx_word' id='word_1_24' title='bbox 765 658 829 721; x_wconf 89' lang='lat' dir='ltr'>iam</span> <span class='ocrx_word' id='word_1_25' title='bbox 852 678 937 722; x_wconf 91' lang='lat' dir='ltr'>nunc</span> <span class='ocrx_word' id='word_1_26' title='bbox 965 660 1154 745; x_wconf 90' lang='lat' dir='ltr'>percepisse</span> <span class='ocrx_word' id='word_1_27' title='bbox 1183 661 1360 745; x_wconf 86' lang='lat' dir='ltr'>gloriosum</span> <span class='ocrx_word' id='word_1_28' title='bbox 1388 683 1444 725; x_wconf 83' lang='lat' dir='ltr'>vas</span> <span class='ocrx_word' id='word_1_29' title='bbox 1474 660 1671 742; x_wconf 80' lang='lat' dir='ltr'>crederetur,</span> <span class='ocrx_word' id='word_1_30' title='bbox 1701 663 1733 726; x_wconf 94' lang='lat' dir='ltr'>in</span> <span class='ocrx_word' id='word_1_31' title='bbox 1757 683 1820 747; x_wconf 93' lang='lat' dir='ltr'>quo</span> 
     </span>
    </p>

    <p class='ocr_par' dir='ltr' id='par_1_4' title="bbox 79 760 1895 955">
     <span class='ocr_line' id='line_1_4' title="bbox 171 760 1895 850; baseline 0 -21"><span class='ocrx_word' id='word_1_32' title='bbox 171 787 248 831; x_wconf 87' lang='lat' dir='ltr'>vere</span> <span class='ocrx_word' id='word_1_33' title='bbox 271 764 332 828; x_wconf 89' lang='lat' dir='ltr'>luit</span> <span class='ocrx_word' id='word_1_34' title='bbox 354 763 527 826; x_wconf 80' lang='lat' dir='ltr'>thesaurus</span> <span class='ocrx_word' id='word_1_35' title='bbox 552 761 661 845; x_wconf 87' lang='lat' dir='ltr'>magni</span> <span class='ocrx_word' id='word_1_36' title='bbox 683 760 771 845; x_wconf 89' lang='lat' dir='ltr'>regis</span> <span class='ocrx_word' id='word_1_37' title='bbox 797 762 952 825; x_wconf 89' lang='lat' dir='ltr'>inclusus.</span> <span class='ocrx_word' id='word_1_38' title='bbox 988 782 1072 845; x_wconf 91' lang='lat' dir='ltr'>quae</span> <span class='ocrx_word' id='word_1_39' title='bbox 1094 763 1139 827; x_wconf 91' lang='lat' dir='ltr'>ibi</span> <span class='ocrx_word' id='word_1_40' title='bbox 1164 763 1295 827; x_wconf 88' lang='lat' dir='ltr'>fuerunt</span> <span class='ocrx_word' id='word_1_41' title='bbox 1317 764 1451 828; x_wconf 90' lang='lat' dir='ltr'>flumina</span> <span class='ocrx_word' id='word_1_42' title='bbox 1471 765 1686 846; x_wconf 89' lang='lat' dir='ltr'>lacrimarum,</span> <span class='ocrx_word' id='word_1_43' title='bbox 1710 767 1820 850; x_wconf 87' lang='lat' dir='ltr'>quanti</span> <span class='ocrx_word' id='word_1_44' title='bbox 1836 769 1895 830; x_wconf 77' lang='lat'>197</span> 
     </span>
     <span class='ocr_line' id='line_1_5' title="bbox 79 865 1822 955; baseline 0.003 -25"><span class='ocrx_word' id='word_1_45' title='bbox 79 901 100 941; x_wconf 77' lang='lat' dir='ltr'>p.</span> <span class='ocrx_word' id='word_1_46' title='bbox 114 893 152 930; x_wconf 79' lang='lat' dir='ltr'>ns</span> <span class='ocrx_word' id='word_1_47' title='bbox 171 872 330 955; x_wconf 86' lang='lat' dir='ltr'>planctus,</span> <span class='ocrx_word' id='word_1_48' title='bbox 354 865 469 946; x_wconf 78' lang='lat' dir='ltr'>silebo,</span> <span class='ocrx_word' id='word_1_49' title='bbox 492 887 534 930; x_wconf 91' lang='lat' dir='ltr'>ne</span> <span class='ocrx_word' id='word_1_50' title='bbox 558 870 633 950; x_wconf 88' lang='lat' dir='ltr'>post</span> <span class='ocrx_word' id='word_1_51' title='bbox 656 886 781 930; x_wconf 86' lang='lat' dir='ltr'>annosa</span> <span class='ocrx_word' id='word_1_52' title='bbox 805 866 967 930; x_wconf 91' lang='lat' dir='ltr'>curricula</span> <span class='ocrx_word' id='word_1_53' title='bbox 991 866 1155 930; x_wconf 88' lang='lat' dir='ltr'>novellum</span> <span class='ocrx_word' id='word_1_54' title='bbox 1179 866 1325 931; x_wconf 90' lang='lat' dir='ltr'>dolorem</span> <span class='ocrx_word' id='word_1_55' title='bbox 1357 868 1495 952; x_wconf 89' lang='lat' dir='ltr'>scriptor</span> <span class='ocrx_word' id='word_1_56' title='bbox 1517 869 1682 936; x_wconf 84' lang='lat' dir='ltr'>incutiam.</span> <span class='ocrx_word' id='word_1_57' title='bbox 1721 891 1822 955; x_wconf 86' lang='lat' dir='ltr'>quae-</span> 
     </span>
    </p>

    <p class='ocr_par' dir='ltr' id='par_1_5' title="bbox 106 968 1824 1369">
     <span class='ocr_line' id='line_1_6' title="bbox 106 968 1822 1058; baseline 0.001 -24"><span class='ocrx_word' id='word_1_58' title='bbox 106 1000 117 1034; x_wconf 73' lang='grc' dir='ltr'>ε.</span> <span class='ocrx_word' id='word_1_59' title='bbox 172 992 309 1058; x_wconf 90' lang='lat' dir='ltr'>eumque</span> <span class='ocrx_word' id='word_1_60' title='bbox 332 971 378 1034; x_wconf 92' lang='lat' dir='ltr'>ibi</span> <span class='ocrx_word' id='word_1_61' title='bbox 401 975 507 1033; x_wconf 87' lang='lat' dir='ltr'>mator</span> <span class='ocrx_word' id='word_1_62' title='bbox 529 969 630 1044; x_wconf 79' lang='lat' dir='ltr'>venit,</span> <span class='ocrx_word' id='word_1_63' title='bbox 653 968 827 1032; x_wconf 88' lang='lat' dir='ltr'>liberatum</span> <span class='ocrx_word' id='word_1_64' title='bbox 852 970 1006 1033; x_wconf 82' lang='lat' dir='ltr'>clamavit</span> <span class='ocrx_word' id='word_1_65' title='bbox 1022 970 1062 1034; x_wconf 88' lang='lat' dir='ltr'>ab</span> <span class='ocrx_word' id='word_1_66' title='bbox 1079 970 1134 1034; x_wconf 86' lang='lat' dir='ltr'>illo</span> <span class='ocrx_word' id='word_1_67' title='bbox 1151 970 1268 1033; x_wconf 90' lang='lat' dir='ltr'>filium:</span> <span class='ocrx_word' id='word_1_68' title='bbox 1294 991 1517 1056; x_wconf 88' lang='lat' dir='ltr'>quaecumque</span> <span class='ocrx_word' id='word_1_69' title='bbox 1534 992 1627 1052; x_wconf 88' lang='lat' dir='ltr'>uxor,</span> <span class='ocrx_word' id='word_1_70' title='bbox 1652 973 1822 1037; x_wconf 89' lang='lat' dir='ltr'>maritum:</span> 
     </span>
     <span class='ocr_line' id='line_1_7' title="bbox 169 1071 1824 1161; baseline 0 -20"><span class='ocrx_word' id='word_1_71' title='bbox 169 1094 393 1161; x_wconf 88' lang='lat' dir='ltr'>quaecumque</span> <span class='ocrx_word' id='word_1_72' title='bbox 416 1092 517 1149; x_wconf 85' lang='lat' dir='ltr'>soror,</span> <span class='ocrx_word' id='word_1_73' title='bbox 547 1071 695 1135; x_wconf 89' lang='lat' dir='ltr'>fratrem:</span> <span class='ocrx_word' id='word_1_74' title='bbox 726 1072 781 1156; x_wconf 92' lang='lat' dir='ltr'>qui</span> <span class='ocrx_word' id='word_1_75' title='bbox 806 1071 950 1147; x_wconf 85' lang='lat' dir='ltr'>caelebs,</span> <span class='ocrx_word' id='word_1_76' title='bbox 975 1093 1011 1135; x_wconf 87' lang='lat' dir='ltr'>se</span> <span class='ocrx_word' id='word_1_77' title='bbox 1034 1072 1152 1156; x_wconf 91' lang='lat' dir='ltr'>ipsum.</span> <span class='ocrx_word' id='word_1_78' title='bbox 1197 1078 1363 1158; x_wconf 88' lang='lat' dir='ltr'>postremo</span> <span class='ocrx_word' id='word_1_79' title='bbox 1393 1075 1425 1136; x_wconf 92' lang='lat' dir='ltr'>in</span> <span class='ocrx_word' id='word_1_80' title='bbox 1454 1075 1510 1138; x_wconf 88' lang='lat' dir='ltr'>illa</span> <span class='ocrx_word' id='word_1_81' title='bbox 1537 1081 1629 1139; x_wconf 85' lang='lat' dir='ltr'>tanta</span> <span class='ocrx_word' id='word_1_82' title='bbox 1656 1076 1824 1141; x_wconf 89' lang='lat' dir='ltr'>hominum</span> 
     </span>
     <span class='ocr_line' id='line_1_8' title="bbox 168 1174 1824 1264; baseline -0.001 -20"><span class='ocrx_word' id='word_1_83' title='bbox 168 1177 373 1244; x_wconf 89' lang='lat' dir='ltr'>multitudine</span> <span class='ocrx_word' id='word_1_84' title='bbox 398 1182 431 1240; x_wconf 90' lang='lat' dir='ltr'>et</span> <span class='ocrx_word' id='word_1_85' title='bbox 453 1181 627 1254; x_wconf 90' lang='lat' dir='ltr'>conventu,</span> <span class='ocrx_word' id='word_1_86' title='bbox 650 1179 686 1238; x_wconf 93' lang='lat' dir='ltr'>ut</span> <span class='ocrx_word' id='word_1_87' title='bbox 708 1174 869 1239; x_wconf 83' lang='lat' dir='ltr'>audenter</span> <span class='ocrx_word' id='word_1_88' title='bbox 890 1175 1006 1252; x_wconf 84' lang='lat' dir='ltr'>dicam,</span> <span class='ocrx_word' id='word_1_89' title='bbox 1031 1176 1131 1240; x_wconf 91' lang='lat' dir='ltr'>totius</span> <span class='ocrx_word' id='word_1_90' title='bbox 1153 1176 1240 1241; x_wconf 91' lang='lat' dir='ltr'>orbis</span> <span class='ocrx_word' id='word_1_91' title='bbox 1265 1198 1361 1241; x_wconf 92' lang='lat' dir='ltr'>nemo</span> <span class='ocrx_word' id='word_1_92' title='bbox 1384 1178 1446 1243; x_wconf 88' lang='lat' dir='ltr'>fuit</span> <span class='ocrx_word' id='word_1_93' title='bbox 1469 1178 1524 1264; x_wconf 91' lang='lat' dir='ltr'>qui</span> <span class='ocrx_word' id='word_1_94' title='bbox 1546 1179 1713 1244; x_wconf 86' lang='lat' dir='ltr'>benefieiis</span> <span class='ocrx_word' id='word_1_95' title='bbox 1736 1181 1824 1245; x_wconf 92' lang='lat' dir='ltr'>illius</span> 
     </span>
     <span class='ocr_line' id='line_1_9' title="bbox 167 1279 546 1369; baseline -0.013 -22"><span class='ocrx_word' id='word_1_96' title='bbox 167 1282 289 1369; x_wconf 90' lang='lat' dir='ltr'>aliquid</span> <span class='ocrx_word' id='word_1_97' title='bbox 311 1302 377 1344; x_wconf 91' lang='lat' dir='ltr'>non</span> <span class='ocrx_word' id='word_1_98' title='bbox 399 1279 546 1344; x_wconf 88' lang='lat' dir='ltr'>deberet.</span> 
     </span>
    </p>

    <p class='ocr_par' dir='ltr' id='par_1_6' title="bbox 167 1382 1955 1997">
     <span class='ocr_line' id='line_1_10' title="bbox 272 1382 1894 1469; baseline 0.002 -19"><span class='ocrx_word' id='word_1_99' title='bbox 272 1385 338 1450; x_wconf 85' lang='lat' dir='ltr'>Sed</span> <span class='ocrx_word' id='word_1_100' title='bbox 362 1405 483 1469; x_wconf 89' lang='lat' dir='ltr'>quaeso</span> <span class='ocrx_word' id='word_1_101' title='bbox 506 1384 571 1447; x_wconf 89' lang='lat' dir='ltr'>iarn</span> <span class='ocrx_word' id='word_1_102' title='bbox 594 1389 815 1467; x_wconf 85' lang='lat' dir='ltr'>temperemus</span> <span class='ocrx_word' id='word_1_103' title='bbox 838 1402 859 1445; x_wconf 85' lang='lat' dir='ltr'>a</span> <span class='ocrx_word' id='word_1_104' title='bbox 880 1382 1033 1460; x_wconf 89' lang='lat' dir='ltr'>luctibus,</span> <span class='ocrx_word' id='word_1_105' title='bbox 1063 1390 1260 1447; x_wconf 87' lang='lat' dir='ltr'>contractam</span> <span class='ocrx_word' id='word_1_106' title='bbox 1285 1385 1418 1448; x_wconf 89' lang='lat' dir='ltr'>tristitia</span> <span class='ocrx_word' id='word_1_107' title='bbox 1440 1386 1643 1450; x_wconf 82' lang='lat' dir='ltr'>resolvamus</span> <span class='ocrx_word' id='word_1_108' title='bbox 1665 1387 1818 1453; x_wconf 80' lang='lat' dir='ltr'>frontem.</span> <span class='ocrx_word' id='word_1_109' title='bbox 1834 1391 1894 1453; x_wconf 86' lang='grc'>198</span> 
     </span>
     <span class='ocr_line' id='line_1_11' title="bbox 170 1486 1818 1574; baseline 0 -20"><span class='ocrx_word' id='word_1_110' title='bbox 170 1490 303 1555; x_wconf 88' lang='lat' dir='ltr'>excelsa</span> <span class='ocrx_word' id='word_1_111' title='bbox 333 1509 406 1552; x_wconf 88' lang='lat' dir='ltr'>curn</span> <span class='ocrx_word' id='word_1_112' title='bbox 435 1487 496 1551; x_wconf 91' lang='lat' dir='ltr'>deo</span> <span class='ocrx_word' id='word_1_113' title='bbox 524 1486 681 1572; x_wconf 83' lang='lat' dir='ltr'>possidet,</span> <span class='ocrx_word' id='word_1_114' title='bbox 715 1486 756 1549; x_wconf 93' lang='lat' dir='ltr'>ob</span> <span class='ocrx_word' id='word_1_115' title='bbox 785 1487 875 1549; x_wconf 91' lang='lat' dir='ltr'>ouius</span> <span class='ocrx_word' id='word_1_116' title='bbox 904 1488 1026 1551; x_wconf 92' lang='lat' dir='ltr'>obitum</span> <span class='ocrx_word' id='word_1_117' title='bbox 1063 1509 1247 1560; x_wconf 81' lang='lat' dir='ltr'>moeremus</span> <span class='ocrx_word' id='word_1_118' title='bbox 1277 1488 1308 1551; x_wconf 96' lang='lat' dir='ltr'>in</span> <span class='ocrx_word' id='word_1_119' title='bbox 1336 1490 1443 1554; x_wconf 88' lang='lat' dir='ltr'>terris.</span> <span class='ocrx_word' id='word_1_120' title='bbox 1488 1489 1545 1553; x_wconf 90' lang='lat' dir='ltr'>sed</span> <span class='ocrx_word' id='word_1_121' title='bbox 1573 1489 1657 1574; x_wconf 51' lang='lat' dir='ltr'>¹quid</span> <span class='ocrx_word' id='word_1_122' title='bbox 1690 1491 1818 1568; x_wconf 82' lang='lat' dir='ltr'>faciam,</span> 
     </span>
     <span class='ocr_line' id='line_1_12' title="bbox 169 1575 1817 1679; baseline 0 -21"><span class='ocrx_word' id='word_1_123' title='bbox 169 1575 252 1679; x_wconf 79' lang='lat' dir='ltr'>quod</span> <span class='ocrx_word' id='word_1_124' title='bbox 276 1591 502 1656; x_wconf 82' lang='lat' dir='ltr'>remediatoris</span> <span class='ocrx_word' id='word_1_125' title='bbox 525 1590 625 1654; x_wconf 87' lang='lat' dir='ltr'>vestri</span> <span class='ocrx_word' id='word_1_126' title='bbox 648 1589 810 1673; x_wconf 90' lang='lat' dir='ltr'>singultus</span> <span class='ocrx_word' id='word_1_127' title='bbox 834 1590 936 1654; x_wconf 87' lang='lat' dir='ltr'>verba</span> <span class='ocrx_word' id='word_1_128' title='bbox 958 1590 1140 1670; x_wconf 74' lang='lat' dir='ltr'>dissimum,</span> <span class='ocrx_word' id='word_1_129' title='bbox 1170 1591 1322 1656; x_wconf 89' lang='lat' dir='ltr'>lacrimae</span> <span class='ocrx_word' id='word_1_130' title='bbox 1347 1614 1404 1656; x_wconf 90' lang='lat' dir='ltr'>ora</span> <span class='ocrx_word' id='word_1_131' title='bbox 1426 1592 1636 1677; x_wconf 85' lang='lat' dir='ltr'>pertundunt,</span> <span class='ocrx_word' id='word_1_132' title='bbox 1659 1595 1817 1678; x_wconf 91' lang='lat' dir='ltr'>mugitum</span> 
     </span>
     <span class='ocr_line' id='line_1_13' title="bbox 168 1693 1818 1780; baseline 0 -18"><span class='ocrx_word' id='word_1_133' title='bbox 168 1703 298 1762; x_wconf 88' lang='lat' dir='ltr'>resonat</span> <span class='ocrx_word' id='word_1_134' title='bbox 321 1717 417 1761; x_wconf 91' lang='lat' dir='ltr'>omne</span> <span class='ocrx_word' id='word_1_135' title='bbox 441 1693 527 1780; x_wconf 92' lang='lat' dir='ltr'>quod</span> <span class='ocrx_word' id='word_1_136' title='bbox 551 1694 685 1777; x_wconf 82' lang='lat' dir='ltr'>loquor?</span> <span class='ocrx_word' id='word_1_137' title='bbox 720 1699 753 1757; x_wconf 90' lang='lat' dir='ltr'>et</span> <span class='ocrx_word' id='word_1_138' title='bbox 778 1693 935 1778; x_wconf 87' lang='lat' dir='ltr'>intellego</span> <span class='ocrx_word' id='word_1_139' title='bbox 959 1695 1043 1780; x_wconf 93' lang='lat' dir='ltr'>quod</span> <span class='ocrx_word' id='word_1_140' title='bbox 1067 1715 1242 1779; x_wconf 84' lang='lat' dir='ltr'>numquam</span> <span class='ocrx_word' id='word_1_141' title='bbox 1267 1696 1306 1760; x_wconf 88' lang='lat' dir='ltr'>ad</span> <span class='ocrx_word' id='word_1_142' title='bbox 1330 1697 1463 1761; x_wconf 87' lang='lat' dir='ltr'>flentem</span> <span class='ocrx_word' id='word_1_143' title='bbox 1491 1697 1572 1761; x_wconf 88' lang='lat' dir='ltr'>flens</span> <span class='ocrx_word' id='word_1_144' title='bbox 1601 1697 1685 1762; x_wconf 91' lang='lat' dir='ltr'>bone</span> <span class='ocrx_word' id='word_1_145' title='bbox 1709 1699 1818 1762; x_wconf 82' lang='lat' dir='ltr'>veniat</span> 
     </span>
     <span class='ocr_line' id='line_1_14' title="bbox 168 1797 1814 1883; baseline 0 -17"><span class='ocrx_word' id='word_1_146' title='bbox 168 1803 359 1867; x_wconf 88' lang='lat' dir='ltr'>consolator.</span> <span class='ocrx_word' id='word_1_147' title='bbox 409 1800 490 1863; x_wconf 90' lang='lat' dir='ltr'>haec</span> <span class='ocrx_word' id='word_1_148' title='bbox 519 1805 632 1862; x_wconf 88' lang='lat' dir='ltr'>sancto</span> <span class='ocrx_word' id='word_1_149' title='bbox 658 1797 742 1881; x_wconf 90' lang='lat' dir='ltr'>patri</span> <span class='ocrx_word' id='word_1_150' title='bbox 777 1804 809 1859; x_wconf 92' lang='lat' dir='ltr'>et</span> <span class='ocrx_word' id='word_1_151' title='bbox 841 1797 966 1861; x_wconf 90' lang='lat' dir='ltr'>doctori</span> <span class='ocrx_word' id='word_1_152' title='bbox 999 1798 1196 1883; x_wconf 87' lang='lat' dir='ltr'>peritissimo</span> <span class='ocrx_word' id='word_1_153' title='bbox 1230 1799 1367 1864; x_wconf 90' lang='lat' dir='ltr'>idoneus</span> <span class='ocrx_word' id='word_1_154' title='bbox 1398 1800 1532 1876; x_wconf 81' lang='lat' dir='ltr'>affectu,</span> <span class='ocrx_word' id='word_1_155' title='bbox 1569 1821 1631 1863; x_wconf 90' lang='lat' dir='ltr'>non</span> <span class='ocrx_word' id='word_1_156' title='bbox 1668 1802 1814 1878; x_wconf 87' lang='lat' dir='ltr'>scientia,</span> 
     </span>
     <span class='ocr_line' id='line_1_15' title="bbox 167 1900 1955 1997; baseline 0.001 -27"><span class='ocrx_word' id='word_1_157' title='bbox 167 1905 313 1992; x_wconf 88' lang='lat' dir='ltr'>inpendi,</span> <span class='ocrx_word' id='word_1_158' title='bbox 345 1912 381 1968; x_wconf 94' lang='lat' dir='ltr'>ut</span> <span class='ocrx_word' id='word_1_159' title='bbox 409 1903 533 1988; x_wconf 90' lang='lat' dir='ltr'>aliquos</span> <span class='ocrx_word' id='word_1_160' title='bbox 561 1900 602 1964; x_wconf 89' lang='lat' dir='ltr'>de</span> <span class='ocrx_word' id='word_1_161' title='bbox 636 1902 884 1966; x_wconf 82' lang='lat' dir='ltr'>conversatione</span> <span class='ocrx_word' id='word_1_162' title='bbox 916 1902 1003 1966; x_wconf 88' lang='lat' dir='ltr'>illius</span> <span class='ocrx_word' id='word_1_163' title='bbox 1035 1903 1186 1967; x_wconf 89' lang='lat' dir='ltr'>flosculos</span> <span class='ocrx_word' id='word_1_164' title='bbox 1220 1905 1417 1988; x_wconf 89' lang='lat' dir='ltr'>relegerem,</span> <span class='ocrx_word' id='word_1_165' title='bbox 1447 1911 1484 1967; x_wconf 91' lang='lat' dir='ltr'>ut</span> <span class='ocrx_word' id='word_1_166' title='bbox 1510 1911 1561 1968; x_wconf 89' lang='lat' dir='ltr'>cst</span> <span class='ocrx_word' id='word_1_167' title='bbox 1591 1905 1723 1988; x_wconf 93' lang='lat' dir='ltr'>longum</span> <span class='ocrx_word' id='word_1_168' title='bbox 1753 1907 1816 1970; x_wconf 90' lang='lat' dir='ltr'>iter</span> <span class='ocrx_word' id='word_1_169' title='bbox 1835 1902 1955 1997; x_wconf 46' lang='lat' dir='ltr'>{affigit}</span> 
     </span>
    </p>

    <p class='ocr_par' dir='ltr' id='par_1_7' title="bbox 103 2004 1893 2508">
     <span class='ocr_line' id='line_1_16' title="bbox 103 2004 1893 2095; baseline -0.001 -25"><span class='ocrx_word' id='word_1_170' title='bbox 103 2037 114 2070; x_wconf 70' lang='lat' dir='ltr'>a</span> <span class='ocrx_word' id='word_1_171' title='bbox 169 2010 343 2094; x_wconf 88' lang='lat' dir='ltr'>agentibus</span> <span class='ocrx_word' id='word_1_172' title='bbox 371 2009 405 2071; x_wconf 91' lang='lat' dir='ltr'>in</span> <span class='ocrx_word' id='word_1_173' title='bbox 433 2027 495 2070; x_wconf 77' lang='lat' dir='ltr'>usu</span> <span class='ocrx_word' id='word_1_174' title='bbox 522 2005 679 2091; x_wconf 89' lang='lat' dir='ltr'>positum,</span> <span class='ocrx_word' id='word_1_175' title='bbox 710 2004 852 2089; x_wconf 90' lang='lat' dir='ltr'>quinon</span> <span class='ocrx_word' id='word_1_176' title='bbox 878 2026 990 2069; x_wconf 91' lang='lat' dir='ltr'>omnes</span> <span class='ocrx_word' id='word_1_177' title='bbox 1015 2006 1127 2069; x_wconf 89' lang='lat' dir='ltr'>obvios</span> <span class='ocrx_word' id='word_1_178' title='bbox 1152 2008 1369 2074; x_wconf 88' lang='lat' dir='ltr'>consalutant.</span> <span class='ocrx_word' id='word_1_179' title='bbox 1414 2014 1447 2070; x_wconf 91' lang='lat' dir='ltr'>tu</span> <span class='ocrx_word' id='word_1_180' title='bbox 1472 2007 1568 2085; x_wconf 90' lang='lat' dir='ltr'>mihi,</span> <span class='ocrx_word' id='word_1_181' title='bbox 1601 2009 1710 2073; x_wconf 88' lang='lat' dir='ltr'>anima</span> <span class='ocrx_word' id='word_1_182' title='bbox 1731 2009 1893 2095; x_wconf 71' lang='lat' dir='ltr'>apudlbll</span> 
     </span>
     <span class='ocr_line' id='line_1_17' title="bbox 167 2109 1819 2198; baseline 0 -20"><span class='ocrx_word' id='word_1_183' title='bbox 167 2113 408 2198; x_wconf 90' lang='lat' dir='ltr'>redemptorem</span> <span class='ocrx_word' id='word_1_184' title='bbox 434 2115 579 2173; x_wconf 89' lang='lat' dir='ltr'>nostrum</span> <span class='ocrx_word' id='word_1_185' title='bbox 603 2113 818 2193; x_wconf 81' lang='lat' dir='ltr'>praepotens,</span> <span class='ocrx_word' id='word_1_186' title='bbox 847 2109 970 2188; x_wconf 91' lang='lat' dir='ltr'>tribue,</span> <span class='ocrx_word' id='word_1_187' title='bbox 994 2115 1029 2172; x_wconf 90' lang='lat' dir='ltr'>ut</span> <span class='ocrx_word' id='word_1_188' title='bbox 1052 2130 1130 2172; x_wconf 89' lang='lat' dir='ltr'>cura</span> <span class='ocrx_word' id='word_1_189' title='bbox 1153 2131 1276 2175; x_wconf 88' lang='lat' dir='ltr'>vacuus</span> <span class='ocrx_word' id='word_1_190' title='bbox 1300 2119 1333 2174; x_wconf 85' lang='lat' dir='ltr'>et</span> <span class='ocrx_word' id='word_1_191' title='bbox 1355 2118 1487 2196; x_wconf 89' lang='lat' dir='ltr'>pectore</span> <span class='ocrx_word' id='word_1_192' title='bbox 1511 2112 1594 2176; x_wconf 91' lang='lat' dir='ltr'>liber</span> <span class='ocrx_word' id='word_1_193' title='bbox 1616 2112 1736 2178; x_wconf 91' lang='lat' dir='ltr'>munda</span> <span class='ocrx_word' id='word_1_194' title='bbox 1759 2114 1819 2178; x_wconf 93' lang='lat' dir='ltr'>tibi</span> 
     </span>
     <span class='ocr_line' id='line_1_18' title="bbox 167 2212 1817 2300; baseline 0 -20"><span class='ocrx_word' id='word_1_195' title='bbox 167 2218 249 2281; x_wconf 91' lang='lat' dir='ltr'>sieut</span> <span class='ocrx_word' id='word_1_196' title='bbox 279 2216 441 2280; x_wconf 89' lang='lat' dir='ltr'>debentur</span> <span class='ocrx_word' id='word_1_197' title='bbox 470 2214 648 2298; x_wconf 92' lang='lat' dir='ltr'>praeconia</span> <span class='ocrx_word' id='word_1_198' title='bbox 678 2213 818 2276; x_wconf 87' lang='lat' dir='ltr'>mundus</span> <span class='ocrx_word' id='word_1_199' title='bbox 849 2214 1029 2278; x_wconf 84' lang='lat' dir='ltr'>exsolvam.</span> <span class='ocrx_word' id='word_1_200' title='bbox 1079 2212 1120 2276; x_wconf 92' lang='lat' dir='ltr'>de</span> <span class='ocrx_word' id='word_1_201' title='bbox 1151 2220 1261 2276; x_wconf 86' lang='lat' dir='ltr'>cetero</span> <span class='ocrx_word' id='word_1_202' title='bbox 1291 2213 1466 2277; x_wconf 86' lang='lat' dir='ltr'>habentem</span> <span class='ocrx_word' id='word_1_203' title='bbox 1495 2215 1528 2277; x_wconf 94' lang='lat' dir='ltr'>in</span> <span class='ocrx_word' id='word_1_204' title='bbox 1557 2221 1590 2278; x_wconf 89' lang='lat' dir='ltr'>te</span> <span class='ocrx_word' id='word_1_205' title='bbox 1619 2223 1692 2300; x_wconf 89' lang='lat' dir='ltr'>post</span> <span class='ocrx_word' id='word_1_206' title='bbox 1721 2216 1817 2282; x_wconf 92' lang='lat' dir='ltr'>deum</span> 
     </span>
     <span class='ocr_line' id='line_1_19' title="bbox 167 2315 1818 2402; baseline 0 -18"><span class='ocrx_word' id='word_1_207' title='bbox 167 2320 317 2384; x_wconf 87' lang='lat' dir='ltr'>fiduciam</span> <span class='ocrx_word' id='word_1_208' title='bbox 347 2340 409 2383; x_wconf 90' lang='lat' dir='ltr'>uon</span> <span class='ocrx_word' id='word_1_209' title='bbox 441 2318 605 2401; x_wconf 88' lang='lat' dir='ltr'>relinquas</span> <span class='ocrx_word' id='word_1_210' title='bbox 634 2324 682 2386; x_wconf 78' lang='lat' dir='ltr'>et,</span> <span class='ocrx_word' id='word_1_211' title='bbox 712 2337 809 2400; x_wconf 91' lang='lat' dir='ltr'>quem</span> <span class='ocrx_word' id='word_1_212' title='bbox 842 2317 1008 2400; x_wconf 87' lang='lat' dir='ltr'>religionis</span> <span class='ocrx_word' id='word_1_213' title='bbox 1031 2317 1134 2380; x_wconf 92' lang='lat' dir='ltr'>titulis</span> <span class='ocrx_word' id='word_1_214' title='bbox 1161 2315 1342 2401; x_wconf 85' lang='lat' dir='ltr'>insignisti,</span> <span class='ocrx_word' id='word_1_215' title='bbox 1372 2319 1597 2402; x_wconf 90' lang='lat' dir='ltr'>religiosorum</span> <span class='ocrx_word' id='word_1_216' title='bbox 1621 2320 1653 2382; x_wconf 94' lang='lat' dir='ltr'>in</span> <span class='ocrx_word' id='word_1_217' title='bbox 1677 2318 1818 2384; x_wconf 89' lang='lat' dir='ltr'>divinam</span> 
     </span>
     <span class='ocr_line' id='line_1_20' title="bbox 165 2420 801 2508; baseline -0.006 -22"><span class='ocrx_word' id='word_1_218' title='bbox 165 2422 450 2508; x_wconf 85' lang='lat' dir='ltr'>repromissionem</span> <span class='ocrx_word' id='word_1_219' title='bbox 475 2420 574 2484; x_wconf 89' lang='lat' dir='ltr'>redde</span> <span class='ocrx_word' id='word_1_220' title='bbox 597 2420 801 2505; x_wconf 82' lang='lat' dir='ltr'>participem.</span> 
     </span>
    </p>
   </div>
   <div class='ocr_carea' id='block_1_3' title="bbox 803 2775 1182 2864">
    <p class='ocr_par' dir='ltr' id='par_1_8' title="bbox 803 2775 1182 2864">
     <span class='ocr_line' id='line_1_21' title="bbox 803 2775 1182 2864; baseline 0.011 -22"><span class='ocrx_word' id='word_1_221' title='bbox 803 2775 958 2842; x_wconf 83' lang='lat' dir='ltr'>LXXXI</span> <span class='ocrx_word' id='word_1_222' title='bbox 981 2777 1098 2862; x_wconf 75' lang='lat' dir='ltr'>(causo.</span> <span class='ocrx_word' id='word_1_223' title='bbox 1118 2777 1182 2864; x_wconf 82' lang='lat'>10).</span> 
     </span>
    </p>
   </div>
   <div class='ocr_carea' id='block_1_4' title="bbox 759 2971 1223 3047">
    <p class='ocr_par' dir='ltr' id='par_1_9' title="bbox 759 2971 1223 3047">
     <span class='ocr_line' id='line_1_22' title="bbox 759 2971 1223 3047; baseline 0.006 -3"><span class='ocrx_word' id='word_1_224' title='bbox 759 2971 1042 3046; x_wconf 82' lang='lat' dir='ltr'>BENEDICTIO</span> <span class='ocrx_word' id='word_1_225' title='bbox 1071 2973 1223 3047; x_wconf 75' lang='lat' dir='ltr'>cuum.</span> 
     </span>
    </p>
   </div>
   <div class='ocr_carea' id='block_1_5' title="bbox 270 3125 1845 3238">
    <p class='ocr_par' dir='ltr' id='par_1_10' title="bbox 270 3125 1845 3238">
     <span class='ocr_line' id='line_1_23' title="bbox 270 3125 1845 3238; baseline 0.003 -21"><span class='ocrx_word' id='word_1_226' title='bbox 270 3125 431 3237; x_wconf 86' lang='lat' dir='ltr'>Dignum</span> <span class='ocrx_word' id='word_1_227' title='bbox 448 3157 481 3216; x_wconf 90' lang='lat' dir='ltr'>et</span> <span class='ocrx_word' id='word_1_228' title='bbox 496 3152 618 3214; x_wconf 89' lang='lat' dir='ltr'>iustum</span> <span class='ocrx_word' id='word_1_229' title='bbox 634 3155 694 3226; x_wconf 89' lang='lat' dir='ltr'>est,</span> <span class='ocrx_word' id='word_1_230' title='bbox 718 3170 795 3212; x_wconf 87' lang='lat' dir='ltr'>vere</span> <span class='ocrx_word' id='word_1_231' title='bbox 821 3148 955 3234; x_wconf 92' lang='lat' dir='ltr'>dignum</span> <span class='ocrx_word' id='word_1_232' title='bbox 979 3157 1013 3214; x_wconf 93' lang='lat' dir='ltr'>et</span> <span class='ocrx_word' id='word_1_233' title='bbox 1035 3151 1157 3214; x_wconf 88' lang='lat' dir='ltr'>iustum</span> <span class='ocrx_word' id='word_1_234' title='bbox 1180 3157 1241 3229; x_wconf 86' lang='lat' dir='ltr'>est,</span> <span class='ocrx_word' id='word_1_235' title='bbox 1264 3157 1301 3214; x_wconf 92' lang='lat' dir='ltr'>ut</span> <span class='ocrx_word' id='word_1_236' title='bbox 1323 3152 1470 3238; x_wconf 90' lang='lat' dir='ltr'>principe</span> <span class='ocrx_word' id='word_1_237' title='bbox 1493 3153 1566 3217; x_wconf 90' lang='lat' dir='ltr'>loeo</span> <span class='ocrx_word' id='word_1_238' title='bbox 1590 3154 1677 3219; x_wconf 87' lang='lat' dir='ltr'>fores</span> <span class='ocrx_word' id='word_1_239' title='bbox 1699 3155 1845 3224; x_wconf 85' lang='lat' dir='ltr'>beatael</span> 
     </span>
    </p>
   </div>
   <div class='ocr_carea' id='block_1_6' title="bbox 87 3254 1851 4584">
    <p class='ocr_par' dir='ltr' id='par_1_11' title="bbox 162 3254 1818 3550">
     <span class='ocr_line' id='line_1_24' title="bbox 162 3254 1817 3341; baseline 0.002 -20"><span class='ocrx_word' id='word_1_240' title='bbox 162 3258 268 3322; x_wconf 85' lang='lat' dir='ltr'>noctis</span> <span class='ocrx_word' id='word_1_241' title='bbox 290 3256 438 3321; x_wconf 90' lang='lat' dir='ltr'>adhibito</span> <span class='ocrx_word' id='word_1_242' title='bbox 467 3255 632 3341; x_wconf 86' lang='lat' dir='ltr'>praesenti</span> <span class='ocrx_word' id='word_1_243' title='bbox 660 3254 842 3317; x_wconf 88' lang='lat' dir='ltr'>ministerio</span> <span class='ocrx_word' id='word_1_244' title='bbox 873 3254 972 3338; x_wconf 89' lang='lat' dir='ltr'>digna</span> <span class='ocrx_word' id='word_1_245' title='bbox 1001 3256 1094 3338; x_wconf 91' lang='lat' dir='ltr'>quasi</span> <span class='ocrx_word' id='word_1_246' title='bbox 1123 3254 1214 3318; x_wconf 90' lang='lat' dir='ltr'>clave</span> <span class='ocrx_word' id='word_1_247' title='bbox 1247 3261 1446 3332; x_wconf 89' lang='lat' dir='ltr'>reserentur,</span> <span class='ocrx_word' id='word_1_248' title='bbox 1475 3264 1511 3320; x_wconf 90' lang='lat' dir='ltr'>ut</span> <span class='ocrx_word' id='word_1_249' title='bbox 1539 3257 1658 3321; x_wconf 89' lang='lat' dir='ltr'>nobilis</span> <span class='ocrx_word' id='word_1_250' title='bbox 1686 3261 1817 3324; x_wconf 90' lang='lat' dir='ltr'>nuntius</span> 
     </span>
     <span class='ocr_line' id='line_1_25' title="bbox 163 3357 1818 3447; baseline 0.001 -23"><span class='ocrx_word' id='word_1_251' title='bbox 163 3363 249 3425; x_wconf 82' lang='lat' dir='ltr'>vitae</span> <span class='ocrx_word' id='word_1_252' title='bbox 267 3367 410 3424; x_wconf 87' lang='lat' dir='ltr'>testetur</span> <span class='ocrx_word' id='word_1_253' title='bbox 421 3358 608 3432; x_wconf 82' lang='lat' dir='ltr'>adventum,</span> <span class='ocrx_word' id='word_1_254' title='bbox 632 3363 667 3420; x_wconf 94' lang='lat' dir='ltr'>ut</span> <span class='ocrx_word' id='word_1_255' title='bbox 682 3357 851 3444; x_wconf 89' lang='lat' dir='ltr'>praeconis</span> <span class='ocrx_word' id='word_1_256' title='bbox 868 3359 982 3422; x_wconf 91' lang='lat' dir='ltr'>merito</span> <span class='ocrx_word' id='word_1_257' title='bbox 1001 3367 1154 3422; x_wconf 87' lang='lat' dir='ltr'>secutura</span> <span class='ocrx_word' id='word_1_258' title='bbox 1171 3357 1403 3444; x_wconf 84' lang='lat' dir='ltr'>ponderentur,</span> <span class='ocrx_word' id='word_1_259' title='bbox 1425 3361 1527 3424; x_wconf 89' lang='lat' dir='ltr'>sacris</span> <span class='ocrx_word' id='word_1_260' title='bbox 1543 3360 1641 3425; x_wconf 87' lang='lat' dir='ltr'>fidem</span> <span class='ocrx_word' id='word_1_261' title='bbox 1657 3364 1818 3447; x_wconf 85' lang='lat' dir='ltr'>mysteriis</span> 
     </span>
     <span class='ocr_line' id='line_1_26' title="bbox 162 3459 1818 3550; baseline 0.002 -24"><span class='ocrx_word' id='word_1_262' title='bbox 162 3463 368 3528; x_wconf 87' lang='lat' dir='ltr'>venerandus</span> <span class='ocrx_word' id='word_1_263' title='bbox 390 3483 583 3550; x_wconf 89' lang='lat' dir='ltr'>praecessor</span> <span class='ocrx_word' id='word_1_264' title='bbox 607 3459 844 3526; x_wconf 88' lang='lat' dir='ltr'>adcommodet.</span> <span class='ocrx_word' id='word_1_265' title='bbox 880 3462 1001 3525; x_wconf 90' lang='lat' dir='ltr'>iustum</span> <span class='ocrx_word' id='word_1_266' title='bbox 1017 3468 1119 3525; x_wconf 90' lang='lat' dir='ltr'>estut</span> <span class='ocrx_word' id='word_1_267' title='bbox 1135 3463 1378 3548; x_wconf 88' lang='lat' dir='ltr'>proximitatem</span> <span class='ocrx_word' id='word_1_268' title='bbox 1395 3463 1547 3528; x_wconf 91' lang='lat' dir='ltr'>salutaris</span> <span class='ocrx_word' id='word_1_269' title='bbox 1565 3485 1670 3549; x_wconf 86' lang='lat' dir='ltr'>aquae</span> <span class='ocrx_word' id='word_1_270' title='bbox 1687 3465 1818 3530; x_wconf 89' lang='lat' dir='ltr'>flamma</span> 
     </span>
    </p>

    <p class='ocr_par' dir='ltr' id='par_1_12' title="bbox 87 3564 1851 4065">
     <span class='ocr_line' id='line_1_27' title="bbox 87 3564 1820 3654; baseline -0.001 -20"><span class='ocrx_word' id='word_1_271' title='bbox 87 3603 98 3634; x_wconf 74' lang='lat'>2¹</span> <span class='ocrx_word' id='word_1_272' title='bbox 165 3569 362 3646; x_wconf 70' lang='lat' dir='ltr'>manifestet,</span> <span class='ocrx_word' id='word_1_273' title='bbox 386 3568 621 3632; x_wconf 89' lang='lat' dir='ltr'>elementomm</span> <span class='ocrx_word' id='word_1_274' title='bbox 645 3565 801 3628; x_wconf 83' lang='lat' dir='ltr'>dirersita</span> <span class='ocrx_word' id='word_1_275' title='bbox 842 3564 874 3627; x_wconf 92' lang='lat' dir='ltr'>in</span> <span class='ocrx_word' id='word_1_276' title='bbox 898 3565 1074 3649; x_wconf 89' lang='lat' dir='ltr'>peregrina</span> <span class='ocrx_word' id='word_1_277' title='bbox 1097 3585 1177 3651; x_wconf 87' lang='lat' dir='ltr'>paee</span> <span class='ocrx_word' id='word_1_278' title='bbox 1202 3566 1384 3644; x_wconf 87' lang='lat' dir='ltr'>conveniat,</span> <span class='ocrx_word' id='word_1_279' title='bbox 1415 3566 1587 3650; x_wconf 85' lang='lat' dir='ltr'>lymtarum</span> <span class='ocrx_word' id='word_1_280' title='bbox 1611 3567 1644 3630; x_wconf 90' lang='lat' dir='ltr'>in</span> <span class='ocrx_word' id='word_1_281' title='bbox 1667 3575 1820 3654; x_wconf 90' lang='lat' dir='ltr'>promptu</span> 
     </span>
     <span class='ocr_line' id='line_1_28' title="bbox 163 3667 1819 3757; baseline 0.001 -23"><span class='ocrx_word' id='word_1_282' title='bbox 163 3693 236 3736; x_wconf 90' lang='lat' dir='ltr'>esse</span> <span class='ocrx_word' id='word_1_283' title='bbox 253 3671 397 3736; x_wconf 90' lang='lat' dir='ltr'>remedia</span> <span class='ocrx_word' id='word_1_284' title='bbox 414 3691 508 3736; x_wconf 87' lang='lat' dir='ltr'>sacer</span> <span class='ocrx_word' id='word_1_285' title='bbox 522 3670 607 3754; x_wconf 89' lang='lat' dir='ltr'>ignis</span> <span class='ocrx_word' id='word_1_286' title='bbox 625 3669 786 3742; x_wconf 83' lang='lat' dir='ltr'>ostendat,</span> <span class='ocrx_word' id='word_1_287' title='bbox 811 3675 1009 3752; x_wconf 80' lang='lat' dir='ltr'>agnoscatur</span> <span class='ocrx_word' id='word_1_288' title='bbox 1032 3689 1096 3732; x_wconf 93' lang='lat' dir='ltr'>non</span> <span class='ocrx_word' id='word_1_289' title='bbox 1121 3689 1195 3732; x_wconf 84' lang='lat' dir='ltr'>esse</span> <span class='ocrx_word' id='word_1_290' title='bbox 1219 3675 1354 3732; x_wconf 89' lang='lat' dir='ltr'>naturae</span> <span class='ocrx_word' id='word_1_291' title='bbox 1379 3667 1436 3732; x_wconf 92' lang='lat' dir='ltr'>sed</span> <span class='ocrx_word' id='word_1_292' title='bbox 1460 3668 1707 3755; x_wconf 89' lang='lat' dir='ltr'>redemptionis,</span> <span class='ocrx_word' id='word_1_293' title='bbox 1732 3672 1819 3757; x_wconf 93' lang='lat' dir='ltr'>quod</span> 
     </span>
     <span class='ocr_line' id='line_1_29' title="bbox 163 3770 1851 3856; baseline 0 -18"><span class='ocrx_word' id='word_1_294' title='bbox 163 3776 339 3840; x_wconf 89' lang='lat' dir='ltr'>concordat</span> <span class='ocrx_word' id='word_1_295' title='bbox 368 3773 456 3838; x_wconf 90' lang='lat' dir='ltr'>unda</span> <span class='ocrx_word' id='word_1_296' title='bbox 485 3795 558 3838; x_wconf 90' lang='lat' dir='ltr'>cum</span> <span class='ocrx_word' id='word_1_297' title='bbox 589 3774 722 3836; x_wconf 75' lang='lat' dir='ltr'>lumine,</span> <span class='ocrx_word' id='word_1_298' title='bbox 766 3772 910 3836; x_wconf 89' lang='lat' dir='ltr'>laetetur</span> <span class='ocrx_word' id='word_1_299' title='bbox 938 3772 969 3834; x_wconf 91' lang='lat' dir='ltr'>in</span> <span class='ocrx_word' id='word_1_300' title='bbox 999 3770 1153 3856; x_wconf 89' lang='lat' dir='ltr'>operibus</span> <span class='ocrx_word' id='word_1_301' title='bbox 1178 3772 1244 3834; x_wconf 88' lang='lat' dir='ltr'>suis</span> <span class='ocrx_word' id='word_1_302' title='bbox 1267 3771 1443 3836; x_wconf 88' lang='lat' dir='ltr'>fabricator</span> <span class='ocrx_word' id='word_1_303' title='bbox 1465 3772 1520 3836; x_wconf 93' lang='lat' dir='ltr'>ille</span> <span class='ocrx_word' id='word_1_304' title='bbox 1545 3773 1713 3848; x_wconf 87' lang='lat' dir='ltr'>caelestis,</span> <span class='ocrx_word' id='word_1_305' title='bbox 1745 3787 1851 3846; x_wconf 81' lang='lat' dir='ltr'>eum2</span> 
     </span>
     <span class='ocr_line' id='line_1_30' title="bbox 162 3874 1821 3963; baseline 0.002 -23"><span class='ocrx_word' id='word_1_306' title='bbox 162 3876 329 3941; x_wconf 90' lang='lat' dir='ltr'>benedicit</span> <span class='ocrx_word' id='word_1_307' title='bbox 360 3878 431 3963; x_wconf 92' lang='lat' dir='ltr'>ipse</span> <span class='ocrx_word' id='word_1_308' title='bbox 464 3876 548 3962; x_wconf 91' lang='lat' dir='ltr'>quod</span> <span class='ocrx_word' id='word_1_309' title='bbox 577 3876 708 3954; x_wconf 89' lang='lat' dir='ltr'>tribuit,</span> <span class='ocrx_word' id='word_1_310' title='bbox 741 3897 813 3940; x_wconf 91' lang='lat' dir='ltr'>oum</span> <span class='ocrx_word' id='word_1_311' title='bbox 846 3875 942 3956; x_wconf 89' lang='lat' dir='ltr'>illud,</span> <span class='ocrx_word' id='word_1_312' title='bbox 974 3874 1060 3959; x_wconf 92' lang='lat' dir='ltr'>quod</span> <span class='ocrx_word' id='word_1_313' title='bbox 1090 3877 1207 3939; x_wconf 88' lang='lat' dir='ltr'>secreti</span> <span class='ocrx_word' id='word_1_314' title='bbox 1238 3877 1287 3939; x_wconf 88' lang='lat' dir='ltr'>sui</span> <span class='ocrx_word' id='word_1_315' title='bbox 1316 3876 1468 3961; x_wconf 88' lang='lat' dir='ltr'>producit</span> <span class='ocrx_word' id='word_1_316' title='bbox 1497 3878 1640 3962; x_wconf 86' lang='lat' dir='ltr'>origine,</span> <span class='ocrx_word' id='word_1_317' title='bbox 1672 3879 1821 3963; x_wconf 89' lang='lat' dir='ltr'>nobilitat</span> 
     </span>
     <span class='ocr_line' id='line_1_31' title="bbox 161 3979 1822 4065; baseline 0.002 -22"><span class='ocrx_word' id='word_1_318' title='bbox 161 3988 376 4047; x_wconf 86' lang='lat' dir='ltr'>sacramento.</span> <span class='ocrx_word' id='word_1_319' title='bbox 429 3981 601 4065; x_wconf 90' lang='lat' dir='ltr'>intellegat</span> <span class='ocrx_word' id='word_1_320' title='bbox 638 3980 769 4064; x_wconf 88' lang='lat' dir='ltr'>linguae</span> <span class='ocrx_word' id='word_1_321' title='bbox 807 3986 938 4044; x_wconf 88' lang='lat' dir='ltr'>nostrae</span> <span class='ocrx_word' id='word_1_322' title='bbox 974 3979 1153 4042; x_wconf 88' lang='lat' dir='ltr'>ministerio</span> <span class='ocrx_word' id='word_1_323' title='bbox 1189 3980 1358 4064; x_wconf 90' lang='lat' dir='ltr'>pecualem</span> <span class='ocrx_word' id='word_1_324' title='bbox 1396 4000 1492 4064; x_wconf 92' lang='lat' dir='ltr'>quam</span> <span class='ocrx_word' id='word_1_325' title='bbox 1529 3981 1624 4045; x_wconf 92' lang='lat' dir='ltr'>nobis</span> <span class='ocrx_word' id='word_1_326' title='bbox 1659 3984 1822 4046; x_wconf 89' lang='lat' dir='ltr'>concessit</span> 
     </span>
    </p>

    <p class='ocr_par' dir='ltr' id='par_1_13' title="bbox 87 4082 1850 4584">
     <span class='ocr_line' id='line_1_32' title="bbox 87 4082 1820 4170; baseline 0.001 -22"><span class='ocrx_word' id='word_1_327' title='bbox 87 4113 91 4124; x_wconf 93' lang='lat'><strong>·</strong></span> <span class='ocrx_word' id='word_1_328' title='bbox 164 4084 362 4150; x_wconf 89' lang='lat' dir='ltr'>distantiam.</span> <span class='ocrx_word' id='word_1_329' title='bbox 408 4086 611 4170; x_wconf 87' lang='lat' dir='ltr'>mancipetur</span> <span class='ocrx_word' id='word_1_330' title='bbox 641 4083 793 4147; x_wconf 87' lang='lat' dir='ltr'>laudibus</span> <span class='ocrx_word' id='word_1_331' title='bbox 825 4085 910 4158; x_wconf 88' lang='lat' dir='ltr'>eius,</span> <span class='ocrx_word' id='word_1_332' title='bbox 944 4082 1095 4168; x_wconf 91' lang='lat' dir='ltr'>quicquid</span> <span class='ocrx_word' id='word_1_333' title='bbox 1119 4105 1137 4146; x_wconf 92' lang='lat' dir='ltr'>a</span> <span class='ocrx_word' id='word_1_334' title='bbox 1161 4083 1278 4147; x_wconf 85' lang='lat' dir='ltr'>ceteris</span> <span class='ocrx_word' id='word_1_335' title='bbox 1302 4084 1495 4147; x_wconf 87' lang='lat' dir='ltr'>animalibus</span> <span class='ocrx_word' id='word_1_336' title='bbox 1518 4084 1611 4148; x_wconf 90' lang='lat' dir='ltr'>iussit</span> <span class='ocrx_word' id='word_1_337' title='bbox 1633 4086 1665 4148; x_wconf 93' lang='lat' dir='ltr'>in</span> <span class='ocrx_word' id='word_1_338' title='bbox 1689 4086 1820 4151; x_wconf 88' lang='lat' dir='ltr'>bomine</span> 
     </span>
     <span class='ocr_line' id='line_1_33' title="bbox 162 4185 1821 4276; baseline 0 -24"><span class='ocrx_word' id='word_1_339' title='bbox 162 4211 235 4252; x_wconf 89' lang='lat' dir='ltr'>esse</span> <span class='ocrx_word' id='word_1_340' title='bbox 265 4189 503 4276; x_wconf 86' lang='lat' dir='ltr'>praestantius,</span> <span class='ocrx_word' id='word_1_341' title='bbox 534 4189 609 4273; x_wconf 90' lang='lat' dir='ltr'>quia</span> <span class='ocrx_word' id='word_1_342' title='bbox 638 4187 751 4273; x_wconf 92' lang='lat' dir='ltr'>optimi</span> <span class='ocrx_word' id='word_1_343' title='bbox 782 4186 957 4250; x_wconf 87' lang='lat' dir='ltr'>conditoris</span> <span class='ocrx_word' id='word_1_344' title='bbox 988 4193 1103 4270; x_wconf 90' lang='lat' dir='ltr'>aperta</span> <span class='ocrx_word' id='word_1_345' title='bbox 1132 4192 1208 4249; x_wconf 90' lang='lat' dir='ltr'>sunt</span> <span class='ocrx_word' id='word_1_346' title='bbox 1236 4185 1396 4250; x_wconf 87' lang='lat' dir='ltr'>beneficia</span> <span class='ocrx_word' id='word_1_347' title='bbox 1426 4194 1460 4250; x_wconf 90' lang='lat' dir='ltr'>ct</span> <span class='ocrx_word' id='word_1_348' title='bbox 1487 4188 1536 4251; x_wconf 88' lang='lat' dir='ltr'>ira</span> <span class='ocrx_word' id='word_1_349' title='bbox 1560 4209 1579 4250; x_wconf 88' lang='lat' dir='ltr'>a</span> <span class='ocrx_word' id='word_1_350' title='bbox 1602 4189 1725 4273; x_wconf 89' lang='lat' dir='ltr'>pietate</span> <span class='ocrx_word' id='word_1_351' title='bbox 1756 4209 1821 4253; x_wconf 90' lang='lat' dir='ltr'>non</span> 
     </span>
     <span class='ocr_line' id='line_1_34' title="bbox 162 4289 1850 4379; baseline 0.001 -24"><span class='ocrx_word' id='word_1_352' title='bbox 162 4290 340 4378; x_wconf 87' lang='lat' dir='ltr'>discrepat,</span> <span class='ocrx_word' id='word_1_353' title='bbox 372 4291 501 4379; x_wconf 90' lang='lat' dir='ltr'>quando</span> <span class='ocrx_word' id='word_1_354' title='bbox 530 4299 563 4356; x_wconf 91' lang='lat' dir='ltr'>et</span> <span class='ocrx_word' id='word_1_355' title='bbox 587 4297 656 4354; x_wconf 87' lang='lat' dir='ltr'>arte</span> <span class='ocrx_word' id='word_1_356' title='bbox 680 4312 739 4354; x_wconf 90' lang='lat' dir='ltr'>nos</span> <span class='ocrx_word' id='word_1_357' title='bbox 763 4289 967 4377; x_wconf 89' lang='lat' dir='ltr'>supplicandi</span> <span class='ocrx_word' id='word_1_358' title='bbox 990 4290 1099 4354; x_wconf 91' lang='lat' dir='ltr'>docuit</span> <span class='ocrx_word' id='word_1_359' title='bbox 1121 4296 1155 4354; x_wconf 90' lang='lat' dir='ltr'>et</span> <span class='ocrx_word' id='word_1_360' title='bbox 1177 4291 1243 4352; x_wconf 90' lang='lat' dir='ltr'>suis</span> <span class='ocrx_word' id='word_1_361' title='bbox 1267 4291 1456 4354; x_wconf 91' lang='lat' dir='ltr'>muneribus</span> <span class='ocrx_word' id='word_1_362' title='bbox 1479 4291 1547 4354; x_wconf 87' lang='lat' dir='ltr'>vult</span> <span class='ocrx_word' id='word_1_363' title='bbox 1570 4291 1702 4376; x_wconf 88' lang='lat' dir='ltr'>placari.</span> <span class='ocrx_word' id='word_1_364' title='bbox 1747 4294 1850 4378; x_wconf 86' lang='lat' dir='ltr'>ipse3</span> 
     </span>
     <span class='ocr_line' id='line_1_35' title="bbox 163 4388 1818 4479; baseline 0.001 -21"><span class='ocrx_word' id='word_1_365' title='bbox 163 4397 248 4458; x_wconf 91' lang='lat' dir='ltr'>enim</span> <span class='ocrx_word' id='word_1_366' title='bbox 273 4395 437 4459; x_wconf 90' lang='lat' dir='ltr'>bominem</span> <span class='ocrx_word' id='word_1_367' title='bbox 460 4394 521 4458; x_wconf 87' lang='lat' dir='ltr'>sibi</span> <span class='ocrx_word' id='word_1_368' title='bbox 538 4394 651 4478; x_wconf 90' lang='lat' dir='ltr'>templi</span> <span class='ocrx_word' id='word_1_369' title='bbox 668 4395 740 4457; x_wconf 88' lang='lat' dir='ltr'>viee</span> <span class='ocrx_word' id='word_1_370' title='bbox 757 4392 896 4458; x_wconf 87' lang='lat' dir='ltr'>daedala</span> <span class='ocrx_word' id='word_1_371' title='bbox 913 4388 1098 4478; x_wconf 89' lang='lat' dir='ltr'>provisione</span> <span class='ocrx_word' id='word_1_372' title='bbox 1115 4392 1278 4472; x_wconf 86' lang='lat' dir='ltr'>formavit,</span> <span class='ocrx_word' id='word_1_373' title='bbox 1302 4394 1373 4479; x_wconf 88' lang='lat' dir='ltr'>ipse</span> <span class='ocrx_word' id='word_1_374' title='bbox 1390 4395 1574 4478; x_wconf 89' lang='lat' dir='ltr'>penetralia</span> <span class='ocrx_word' id='word_1_375' title='bbox 1590 4394 1697 4458; x_wconf 91' lang='lat' dir='ltr'>cordis</span> <span class='ocrx_word' id='word_1_376' title='bbox 1713 4397 1818 4460; x_wconf 88' lang='lat' dir='ltr'>nostri</span> 
     </span>
     <span class='ocr_line' id='line_1_36' title="bbox 163 4495 1819 4584; baseline 0.001 -23"><span class='ocrx_word' id='word_1_377' title='bbox 163 4505 275 4563; x_wconf 90' lang='lat' dir='ltr'>sancto</span> <span class='ocrx_word' id='word_1_378' title='bbox 300 4498 475 4564; x_wconf 84' lang='lat' dir='ltr'>eruderato</span> <span class='ocrx_word' id='word_1_379' title='bbox 497 4496 611 4584; x_wconf 89' lang='lat' dir='ltr'>pandit</span> <span class='ocrx_word' id='word_1_380' title='bbox 634 4497 779 4576; x_wconf 88' lang='lat' dir='ltr'>introitu,</span> <span class='ocrx_word' id='word_1_381' title='bbox 804 4497 865 4560; x_wconf 91' lang='lat' dir='ltr'>nisi</span> <span class='ocrx_word' id='word_1_382' title='bbox 883 4518 944 4582; x_wconf 90' lang='lat' dir='ltr'>per</span> <span class='ocrx_word' id='word_1_383' title='bbox 959 4497 1159 4583; x_wconf 89' lang='lat' dir='ltr'>propositum</span> <span class='ocrx_word' id='word_1_384' title='bbox 1176 4497 1336 4560; x_wconf 87' lang='lat' dir='ltr'>libertatis</span> <span class='ocrx_word' id='word_1_385' title='bbox 1352 4495 1448 4560; x_wconf 87' lang='lat' dir='ltr'>foedo</span> <span class='ocrx_word' id='word_1_386' title='bbox 1465 4498 1676 4562; x_wconf 90' lang='lat' dir='ltr'>obstruantur</span> <span class='ocrx_word' id='word_1_387' title='bbox 1691 4499 1819 4563; x_wconf 88' lang='lat' dir='ltr'>interna</span> 
     </span>
    </p>
   </div>
   <div class='ocr_carea' id='block_1_7' title="bbox 160 4857 1820 5186">
    <p class='ocr_par' dir='ltr' id='par_1_14' title="bbox 160 4857 1820 5186">
     <span class='ocr_line' id='line_1_37' title="bbox 264 4857 1820 4932; baseline -0.003 -18"><span class='ocrx_word' id='word_1_388' title='bbox 264 4861 282 4914; x_wconf 83' lang='lat'><strong>2</strong></span> <span class='ocrx_word' id='word_1_389' title='bbox 299 4865 436 4932; x_wconf 88' lang='lat' dir='ltr'>percipisse</span> <span class='ocrx_word' id='word_1_390' title='bbox 451 4863 477 4914; x_wconf 90' lang='lat' dir='ltr'><em>B</em></span> <span class='ocrx_word' id='word_1_391' title='bbox 616 4860 633 4913; x_wconf 89' lang='lat'><strong>3</strong></span> <span class='ocrx_word' id='word_1_392' title='bbox 650 4863 806 4914; x_wconf 84' lang='lat' dir='ltr'>thensaurus</span> <span class='ocrx_word' id='word_1_393' title='bbox 824 4859 849 4910; x_wconf 99' lang='grc' dir='ltr'><em>Β</em></span> <span class='ocrx_word' id='word_1_394' title='bbox 985 4857 1003 4909; x_wconf 86' lang='grc'>4</span> <span class='ocrx_word' id='word_1_395' title='bbox 1025 4876 1123 4911; x_wconf 85' lang='lat' dir='ltr'>annosa</span> <span class='ocrx_word' id='word_1_396' title='bbox 1140 4858 1199 4922; x_wconf 77' lang='lat' dir='ltr'>Be,</span> <span class='ocrx_word' id='word_1_397' title='bbox 1226 4873 1308 4910; x_wconf 86' lang='lat' dir='ltr'>annos</span> <span class='ocrx_word' id='word_1_398' title='bbox 1330 4875 1361 4910; x_wconf 84' lang='lat' dir='ltr'>ac</span> <span class='ocrx_word' id='word_1_399' title='bbox 1379 4858 1454 4909; x_wconf 80' lang='lat' dir='ltr'>VLT</span> <span class='ocrx_word' id='word_1_400' title='bbox 1586 4857 1603 4909; x_wconf 90' lang='grc'><strong>6</strong></span> <span class='ocrx_word' id='word_1_401' title='bbox 1621 4860 1705 4926; x_wconf 87' lang='lat' dir='ltr'>celeps</span> <span class='ocrx_word' id='word_1_402' title='bbox 1723 4860 1820 4911; x_wconf 80' lang='lat' dir='ltr'>codices</span> 
     </span>
     <span class='ocr_line' id='line_1_38' title="bbox 162 4944 1818 5011; baseline -0.001 -12"><span class='ocrx_word' id='word_1_403' title='bbox 162 4947 176 4999; x_wconf 79' lang='lat' dir='ltr'>l</span> <span class='ocrx_word' id='word_1_404' title='bbox 195 4950 385 5002; x_wconf 85' lang='lat' dir='ltr'>multitudinem</span> <span class='ocrx_word' id='word_1_405' title='bbox 397 4950 423 5001; x_wconf 87' lang='lat' dir='ltr'><em>B</em></span> <span class='ocrx_word' id='word_1_406' title='bbox 555 4947 572 5000; x_wconf 88' lang='grc'><strong>9</strong></span> <span class='ocrx_word' id='word_1_407' title='bbox 590 4957 750 5000; x_wconf 85' lang='lat' dir='ltr'>contractum</span> <span class='ocrx_word' id='word_1_408' title='bbox 766 4946 811 4996; x_wconf 66' lang='lat' dir='ltr'>Vl,</span> <span class='ocrx_word' id='word_1_409' title='bbox 940 4944 971 4995; x_wconf 87' lang='lat'>11</span> <span class='ocrx_word' id='word_1_410' title='bbox 991 4946 1122 4996; x_wconf 77' lang='lat' dir='ltr'>dissiliunt</span> <span class='ocrx_word' id='word_1_411' title='bbox 1133 4945 1190 4994; x_wconf 89' lang='lat' dir='ltr'>BV</span> <span class='ocrx_word' id='word_1_412' title='bbox 1272 4961 1318 4996; x_wconf 89' lang='lat' dir='ltr'>ora</span> <span class='ocrx_word' id='word_1_413' title='bbox 1335 4961 1380 5011; x_wconf 88' lang='lat' dir='ltr'>per</span> <span class='ocrx_word' id='word_1_414' title='bbox 1397 4962 1430 5011; x_wconf 87' lang='lat' dir='ltr'>gc</span> <span class='ocrx_word' id='word_1_415' title='bbox 1450 4945 1517 5010; x_wconf 86' lang='lat' dir='ltr'>quod</span> <span class='ocrx_word' id='word_1_416' title='bbox 1536 4961 1676 5010; x_wconf 86' lang='lat' dir='ltr'>numquam</span> <span class='ocrx_word' id='word_1_417' title='bbox 1689 4945 1714 4996; x_wconf 93' lang='lat' dir='ltr'><em>B</em></span> <span class='ocrx_word' id='word_1_418' title='bbox 1720 4945 1738 5010; x_wconf 85' lang='lat'>¹,</span> <span class='ocrx_word' id='word_1_419' title='bbox 1760 4948 1818 4998; x_wconf 84' lang='lat' dir='ltr'>lun-</span> 
     </span>
     <span class='ocr_line' id='line_1_39' title="bbox 160 5029 1819 5102; baseline -0.001 -17"><span class='ocrx_word' id='word_1_420' title='bbox 160 5035 225 5086; x_wconf 89' lang='lat' dir='ltr'>dunt</span> <span class='ocrx_word' id='word_1_421' title='bbox 243 5075 329 5088; x_wconf 94' lang='grc'><em>.....</em></span> <span class='ocrx_word' id='word_1_422' title='bbox 349 5037 436 5089; x_wconf 89' lang='lat' dir='ltr'>intelle</span> <span class='ocrx_word' id='word_1_423' title='bbox 454 5037 538 5102; x_wconf 74' lang='lat' dir='ltr'>mppl.</span> <span class='ocrx_word' id='word_1_424' title='bbox 556 5036 585 5085; x_wconf 84' lang='lat' dir='ltr'>in</span> <span class='ocrx_word' id='word_1_425' title='bbox 602 5051 651 5100; x_wconf 74' lang='lat' dir='ltr'>naq,</span> <span class='ocrx_word' id='word_1_426' title='bbox 670 5036 717 5101; x_wconf 85' lang='lat' dir='ltr'>ins.</span> <span class='ocrx_word' id='word_1_427' title='bbox 731 5031 773 5084; x_wconf 74' lang='grc' dir='ltr'>Β2</span> <span class='ocrx_word' id='word_1_428' title='bbox 887 5029 920 5081; x_wconf 84' lang='grc'>12</span> <span class='ocrx_word' id='word_1_429' title='bbox 937 5031 1029 5096; x_wconf 89' lang='lat' dir='ltr'>loquor</span> <span class='ocrx_word' id='word_1_430' title='bbox 1041 5031 1074 5094; x_wconf 89' lang='lat' dir='ltr'>B,</span> <span class='ocrx_word' id='word_1_431' title='bbox 1093 5033 1198 5098; x_wconf 90' lang='lat' dir='ltr'>eloquor</span> <span class='ocrx_word' id='word_1_432' title='bbox 1210 5033 1285 5083; x_wconf 78' lang='lat' dir='ltr'>ceteri</span> <span class='ocrx_word' id='word_1_433' title='bbox 1398 5029 1430 5081; x_wconf 82' lang='lat'>13</span> <span class='ocrx_word' id='word_1_434' title='bbox 1448 5039 1549 5082; x_wconf 84' lang='lat' dir='ltr'>sanctos</span> <span class='ocrx_word' id='word_1_435' title='bbox 1566 5031 1609 5081; x_wconf 73' lang='lat' dir='ltr'>Vn</span> <span class='ocrx_word' id='word_1_436' title='bbox 1726 5031 1758 5083; x_wconf 76' lang='lat' dir='ltr'>lb</span> <span class='ocrx_word' id='word_1_437' title='bbox 1776 5035 1819 5084; x_wconf 81' lang='lat' dir='ltr'>ob</span> 
     </span>
     <span class='ocr_line' id='line_1_40' title="bbox 160 5114 1819 5186; baseline 0 -16"><span class='ocrx_word' id='word_1_438' title='bbox 160 5121 220 5172; x_wconf 91' lang='lat' dir='ltr'>uius</span> <span class='ocrx_word' id='word_1_439' title='bbox 231 5120 257 5171; x_wconf 87' lang='lat' dir='ltr'><em>B</em></span> <span class='ocrx_word' id='word_1_440' title='bbox 316 5123 480 5174; x_wconf 81' lang='lat' dir='ltr'>consalutent</span> <span class='ocrx_word' id='word_1_441' title='bbox 492 5121 570 5173; x_wconf 74' lang='lat' dir='ltr'>sim.</span> <span class='ocrx_word' id='word_1_442' title='bbox 672 5118 704 5170; x_wconf 80' lang='lat'>16</span> <span class='ocrx_word' id='word_1_443' title='bbox 722 5115 847 5184; x_wconf 83' lang='lat' dir='ltr'>nostrum]</span> <span class='ocrx_word' id='word_1_444' title='bbox 860 5116 886 5168; x_wconf 82' lang='lat' dir='ltr'>ri.</span> <span class='ocrx_word' id='word_1_445' title='bbox 898 5114 1014 5166; x_wconf 68' lang='lat' dir='ltr'>131⁷le</span> <span class='ocrx_word' id='word_1_446' title='bbox 1115 5115 1148 5167; x_wconf 79' lang='lat'>18</span> <span class='ocrx_word' id='word_1_447' title='bbox 1159 5118 1233 5168; x_wconf 81' lang='lat' dir='ltr'>tituli</span> <span class='ocrx_word' id='word_1_448' title='bbox 1246 5117 1279 5180; x_wconf 90' lang='lat' dir='ltr'>B,</span> <span class='ocrx_word' id='word_1_449' title='bbox 1297 5117 1371 5168; x_wconf 90' lang='lat' dir='ltr'>titulo</span> <span class='ocrx_word' id='word_1_450' title='bbox 1385 5115 1472 5168; x_wconf 69' lang='lat' dir='ltr'>rS&#39;cdott</span> <span class='ocrx_word' id='word_1_451' title='bbox 1484 5125 1507 5166; x_wconf 78' lang='lat' dir='ltr'>et</span> <span class='ocrx_word' id='word_1_452' title='bbox 1519 5116 1588 5167; x_wconf 84' lang='lat' dir='ltr'>Ball.</span> <span class='ocrx_word' id='word_1_453' title='bbox 1690 5115 1722 5168; x_wconf 78' lang='lat'>19</span> <span class='ocrx_word' id='word_1_454' title='bbox 1736 5136 1819 5186; x_wconf 88' lang='lat' dir='ltr'>repro·</span> 
     </span>
    </p>
   </div>
   <div class='ocr_carea' id='block_1_8' title="bbox 161 5206 734 5276">
    <p class='ocr_par' dir='ltr' id='par_1_15' title="bbox 161 5206 734 5276">
     <span class='ocr_line' id='line_1_41' title="bbox 161 5206 734 5276; baseline 0 -21"><span class='ocrx_word' id='word_1_455' title='bbox 161 5206 294 5258; x_wconf 82' lang='lat' dir='ltr'>minionem</span> <span class='ocrx_word' id='word_1_456' title='bbox 313 5207 338 5256; x_wconf 87' lang='lat' dir='ltr'><strong><em>V</em></strong></span> <span class='ocrx_word' id='word_1_457' title='bbox 403 5208 553 5276; x_wconf 86' lang='lat' dir='ltr'>participem</span> <span class='ocrx_word' id='word_1_458' title='bbox 567 5247 572 5258; x_wconf 94' lang='lat'>.</span> <span class='ocrx_word' id='word_1_459' title='bbox 585 5208 644 5258; x_wconf 85' lang='lat' dir='ltr'>fruit</span> <span class='ocrx_word' id='word_1_460' title='bbox 656 5206 734 5256; x_wconf 82' lang='lat' dir='ltr'>BVL</span> 
     </span>
    </p>
   </div>
   <div class='ocr_carea' id='block_1_9' title="bbox 160 5305 1886 5720">
    <p class='ocr_par' dir='ltr' id='par_1_16' title="bbox 160 5305 1886 5720">
     <span class='ocr_line' id='line_1_42' title="bbox 265 5305 1821 5376; baseline -0.002 -15"><span class='ocrx_word' id='word_1_461' title='bbox 265 5308 394 5376; x_wconf 84' lang='lat' dir='ltr'>[LXXXI]</span> <span class='ocrx_word' id='word_1_462' title='bbox 432 5311 508 5362; x_wconf 82' lang='lat' dir='ltr'>Decet</span> <span class='ocrx_word' id='word_1_463' title='bbox 529 5311 576 5361; x_wconf 82' lang='lat' dir='ltr'>doc</span> <span class='ocrx_word' id='word_1_464' title='bbox 598 5311 747 5376; x_wconf 75' lang='lat' dir='ltr'>oprweulum</span> <span class='ocrx_word' id='word_1_465' title='bbox 773 5326 827 5359; x_wconf 82' lang='lat' dir='ltr'>aaa</span> <span class='ocrx_word' id='word_1_466' title='bbox 850 5325 906 5358; x_wconf 83' lang='lat' dir='ltr'>cam</span> <span class='ocrx_word' id='word_1_467' title='bbox 935 5306 1022 5358; x_wconf 76' lang='lat' dir='ltr'>ceteris</span> <span class='ocrx_word' id='word_1_468' title='bbox 1045 5323 1109 5371; x_wconf 70' lang='lat' dir='ltr'>paene</span> <span class='ocrx_word' id='word_1_469' title='bbox 1136 5315 1274 5370; x_wconf 81' lang='lat' dir='ltr'>sequantur</span> <span class='ocrx_word' id='word_1_470' title='bbox 1298 5323 1376 5372; x_wconf 78' lang='lat' dir='ltr'>usque</span> <span class='ocrx_word' id='word_1_471' title='bbox 1401 5307 1437 5354; x_wconf 83' lang='lat' dir='ltr'>ad</span> <span class='ocrx_word' id='word_1_472' title='bbox 1455 5305 1563 5356; x_wconf 79' lang='lat' dir='ltr'>LXXX</span> <span class='ocrx_word' id='word_1_473' title='bbox 1567 5305 1642 5356; x_wconf 86' lang='lat' dir='ltr'><em>VIII</em></span> <span class='ocrx_word' id='word_1_474' title='bbox 1662 5307 1689 5356; x_wconf 83' lang='lat' dir='ltr'>ia</span> <span class='ocrx_word' id='word_1_475' title='bbox 1712 5307 1821 5358; x_wconf 78' lang='lat' dir='ltr'>editione</span> 
     </span>
     <span class='ocr_line' id='line_1_43' title="bbox 160 5388 1820 5462; baseline -0.001 -17"><span class='ocrx_word' id='word_1_476' title='bbox 160 5394 304 5446; x_wconf 79' lang='lat' dir='ltr'>Basileeaei</span> <span class='ocrx_word' id='word_1_477' title='bbox 321 5405 344 5446; x_wconf 78' lang='lat' dir='ltr'>et</span> <span class='ocrx_word' id='word_1_478' title='bbox 362 5397 459 5448; x_wconf 73' lang='lat' dir='ltr'>Schola*</span> <span class='ocrx_word' id='word_1_479' title='bbox 562 5394 597 5446; x_wconf 86' lang='grc'>20</span> <span class='ocrx_word' id='word_1_480' title='bbox 613 5397 704 5462; x_wconf 87' lang='lat' dir='ltr'>incipit</span> <span class='ocrx_word' id='word_1_481' title='bbox 722 5395 864 5446; x_wconf 89' lang='lat' dir='ltr'>benedictio</span> <span class='ocrx_word' id='word_1_482' title='bbox 883 5393 949 5445; x_wconf 90' lang='lat' dir='ltr'>cerei</span> <span class='ocrx_word' id='word_1_483' title='bbox 961 5393 987 5442; x_wconf 88' lang='grc' dir='ltr'><em>Β</em></span> <span class='ocrx_word' id='word_1_484' title='bbox 994 5392 1038 5442; x_wconf 81' lang='lat' dir='ltr'>VL</span> <span class='ocrx_word' id='word_1_485' title='bbox 1144 5390 1177 5442; x_wconf 82' lang='lat'>21</span> <span class='ocrx_word' id='word_1_486' title='bbox 1197 5389 1234 5456; x_wconf 91' lang='lat' dir='ltr'>ut]</span> <span class='ocrx_word' id='word_1_487' title='bbox 1253 5399 1279 5442; x_wconf 88' lang='lat' dir='ltr'>ct</span> <span class='ocrx_word' id='word_1_488' title='bbox 1295 5391 1336 5440; x_wconf 74' lang='lat' dir='ltr'>V⁰</span> <span class='ocrx_word' id='word_1_489' title='bbox 1439 5388 1474 5442; x_wconf 89' lang='grc'>22</span> <span class='ocrx_word' id='word_1_490' title='bbox 1491 5390 1604 5456; x_wconf 71' lang='lat' dir='ltr'>quasin</span> <span class='ocrx_word' id='word_1_491' title='bbox 1674 5401 1820 5444; x_wconf 85' lang='lat' dir='ltr'>reserentur</span> 
     </span>
     <span class='ocr_line' id='line_1_44' title="bbox 160 5474 1886 5548; baseline -0.001 -16"><span class='ocrx_word' id='word_1_492' title='bbox 160 5483 247 5542; x_wconf 76' lang='lat' dir='ltr'>lentur</span> <span class='ocrx_word' id='word_1_493' title='bbox 264 5483 293 5533; x_wconf 83' lang='lat' dir='ltr'>ia</span> <span class='ocrx_word' id='word_1_494' title='bbox 310 5484 358 5548; x_wconf 76' lang='lat' dir='ltr'>lu.)</span> <span class='ocrx_word' id='word_1_495' title='bbox 375 5483 401 5532; x_wconf 94' lang='grc' dir='ltr'><em>Β</em></span> <span class='ocrx_word' id='word_1_496' title='bbox 534 5481 567 5533; x_wconf 86' lang='grc'>24</span> <span class='ocrx_word' id='word_1_497' title='bbox 585 5484 755 5534; x_wconf 84' lang='lat' dir='ltr'>adcommodit</span> <span class='ocrx_word' id='word_1_498' title='bbox 772 5481 810 5542; x_wconf 89' lang='lat' dir='ltr'>B,</span> <span class='ocrx_word' id='word_1_499' title='bbox 833 5480 1006 5532; x_wconf 86' lang='lat' dir='ltr'>accommodet</span> <span class='ocrx_word' id='word_1_500' title='bbox 1023 5478 1048 5527; x_wconf 77' lang='lat' dir='ltr'>l&#39;</span> <span class='ocrx_word' id='word_1_501' title='bbox 1173 5476 1208 5527; x_wconf 75' lang='grc'>25</span> <span class='ocrx_word' id='word_1_502' title='bbox 1225 5478 1365 5528; x_wconf 85' lang='lat' dir='ltr'>manifestit</span> <span class='ocrx_word' id='word_1_503' title='bbox 1382 5474 1423 5527; x_wconf 78' lang='grc' dir='ltr'>Β1</span> <span class='ocrx_word' id='word_1_504' title='bbox 1514 5487 1614 5545; x_wconf 89' lang='lat' dir='ltr'>promtu</span> <span class='ocrx_word' id='word_1_505' title='bbox 1630 5477 1658 5541; x_wconf 81' lang='lat' dir='ltr'>l&#39;,</span> <span class='ocrx_word' id='word_1_506' title='bbox 1683 5479 1821 5546; x_wconf 84' lang='lat' dir='ltr'>prumtoR</span> <span class='ocrx_word' id='word_1_507' title='bbox 1883 5523 1886 5530; x_wconf 88' lang='lat'>.</span> 
     </span>
     <span class='ocr_line' id='line_1_45' title="bbox 160 5561 1821 5637; baseline -0.001 -19"><span class='ocrx_word' id='word_1_508' title='bbox 160 5565 193 5618; x_wconf 74' lang='grc' dir='ltr'>2ῖ</span> <span class='ocrx_word' id='word_1_509' title='bbox 211 5587 267 5619; x_wconf 91' lang='lat' dir='ltr'>com</span> <span class='ocrx_word' id='word_1_510' title='bbox 287 5569 401 5620; x_wconf 86' lang='lat' dir='ltr'>luminae</span> <span class='ocrx_word' id='word_1_511' title='bbox 414 5569 455 5619; x_wconf 65' lang='lat'>15¹</span> <span class='ocrx_word' id='word_1_512' title='bbox 560 5568 594 5620; x_wconf 84' lang='grc'>28</span> <span class='ocrx_word' id='word_1_513' title='bbox 613 5571 738 5637; x_wconf 89' lang='lat' dir='ltr'>pruduoct</span> <span class='ocrx_word' id='word_1_514' title='bbox 751 5568 775 5618; x_wconf 87' lang='grc' dir='ltr'><em>Β</em></span> <span class='ocrx_word' id='word_1_515' title='bbox 880 5566 913 5616; x_wconf 77' lang='lat' dir='ltr'>‘ra</span> <span class='ocrx_word' id='word_1_516' title='bbox 932 5566 1059 5633; x_wconf 82' lang='lat' dir='ltr'>poenalem</span> <span class='ocrx_word' id='word_1_517' title='bbox 1073 5565 1106 5622; x_wconf 87' lang='grc' dir='ltr'>Β,</span> <span class='ocrx_word' id='word_1_518' title='bbox 1129 5565 1267 5631; x_wconf 87' lang='lat' dir='ltr'>specialem</span> <span class='ocrx_word' id='word_1_519' title='bbox 1286 5564 1361 5613; x_wconf 76' lang='lat' dir='ltr'>reteri</span> <span class='ocrx_word' id='word_1_520' title='bbox 1465 5561 1500 5613; x_wconf 83' lang='lat'>30</span> <span class='ocrx_word' id='word_1_521' title='bbox 1517 5564 1733 5631; x_wconf 70' lang='lat' dir='ltr'>nrarreipiturffl,</span> <span class='ocrx_word' id='word_1_522' title='bbox 1751 5583 1821 5618; x_wconf 90' lang='lat' dir='ltr'>man·</span> 
     </span>
     <span class='ocr_line' id='line_1_46' title="bbox 160 5647 1434 5720; baseline -0.003 -18"><span class='ocrx_word' id='word_1_523' title='bbox 160 5656 260 5720; x_wconf 85' lang='lat' dir='ltr'>cipatur</span> <span class='ocrx_word' id='word_1_524' title='bbox 273 5655 318 5704; x_wconf 71' lang='lat'>13²</span> <span class='ocrx_word' id='word_1_525' title='bbox 422 5655 457 5705; x_wconf 76' lang='lat'>3⁶2</span> <span class='ocrx_word' id='word_1_526' title='bbox 474 5665 528 5706; x_wconf 88' lang='lat' dir='ltr'>arte</span> <span class='ocrx_word' id='word_1_527' title='bbox 542 5656 574 5718; x_wconf 84' lang='lat' dir='ltr'>B,</span> <span class='ocrx_word' id='word_1_528' title='bbox 590 5665 670 5706; x_wconf 88' lang='lat' dir='ltr'>urtcm</span> <span class='ocrx_word' id='word_1_529' title='bbox 689 5656 764 5704; x_wconf 79' lang='lat' dir='ltr'>aeteri</span> <span class='ocrx_word' id='word_1_530' title='bbox 834 5652 890 5720; x_wconf 76' lang='lat' dir='ltr'>rios]</span> <span class='ocrx_word' id='word_1_531' title='bbox 909 5671 959 5703; x_wconf 82' lang='lat' dir='ltr'>uua</span> <span class='ocrx_word' id='word_1_532' title='bbox 972 5653 1015 5702; x_wconf 71' lang='lat'>11⁰</span> <span class='ocrx_word' id='word_1_533' title='bbox 1119 5649 1153 5701; x_wconf 87' lang='grc'>33</span> <span class='ocrx_word' id='word_1_534' title='bbox 1171 5651 1339 5717; x_wconf 86' lang='lat' dir='ltr'>penetrabilia</span> <span class='ocrx_word' id='word_1_535' title='bbox 1357 5647 1434 5698; x_wconf 75' lang='lat' dir='ltr'>V¹L1</span> 
     </span>
    </p>
   </div>
   <div class='ocr_carea' id='block_1_10' title="bbox 0 0 2274 6436">
    <p class='ocr_par' dir='ltr' id='par_1_17' title="bbox 0 0 2274 6436">
     <span class='ocr_line' id='line_1_47' title="bbox 0 0 2274 6436; baseline 0 3"><span class='ocrx_word' id='word_1_536' title='bbox 0 0 2274 6436; x_wconf 95' lang='lat' dir='ltr'> </span> 
     </span>
    </p>
   </div>
  </div>
 </body>
</html>
