4538 6436
442 410 501 470 101
1110 399 1417 470 1111100010).
1514 455 1515 460 .

438 578 591 664 captivos,
615 583 649 640 tu
673 577 742 640 sine
766 576 871 660 pretio
895 574 995 639 redde
1024 574 1226 658 genitalibus
1257 573 1371 659 glebis.
1417 575 1496 639 mihi
1527 573 1659 655 credite,
1692 595 1788 638 nemo
1818 573 1951 638 uberius
1974 575 2008 638 in
2031 575 2091 638 bac

438 703 546 760 eausa,
571 701 666 744 nemo
690 679 794 744 maius
816 679 958 764 accipiet
988 697 1084 760 quam
1113 679 1169 762 qui
1197 677 1275 742 nihil
1305 679 1479 763 acceperit.
1525 677 1752 742 defrudabitur
1779 677 1960 762 praemium
1991 679 2091 764 partis

437 785 524 850 illius
547 791 645 869 atque
670 783 710 847 ad
741 789 797 846 tua
826 781 1009 868 conpendia
1040 782 1164 846 lucrum
1192 783 1311 846 transit
1338 782 1483 862 alterius,
1513 781 1539 844 si
1572 801 1652 865 quos
1681 787 1715 844 et
1742 779 1885 845 vendere
1914 781 2091 866 gloriosum

438 895 488 954 est
509 887 633 952 donare
657 886 820 971 disponas.
866 906 924 971 pro
948 890 1105 970 quantum
1127 883 1288 970 dispendii
1318 885 1358 950 de
1389 885 1625 971 pollicitatione
1655 884 1767 948 divina
1796 884 1949 949 offerenti
1977 904 2090 948 aurum

438 994 470 1057 in
493 991 556 1056 hoc
579 991 721 1076 negotio,
746 991 771 1053 si
796 989 990 1068 remittatur,
1013 987 1129 1072 infligit
1152 989 1204 1054 vel
1229 995 1384 1073 quantam
1407 986 1609 1075 pauperiem,
1642 987 1669 1051 ei
1693 987 1900 1073 suscipiatur,
1924 986 2089 1073 adportat!
2155 1009 2166 1042 1

367 1097 423 1157 151
438 1095 556 1160 divites
588 1094 753 1159 exercitus
783 1100 858 1156 tuos
890 1093 989 1156 faciet
1018 1098 1204 1178 contempta
1234 1093 1385 1179 pecunia,
1416 1091 1578 1177 adquisita
1610 1091 1790 1157 mendicos.
1835 1091 1911 1156 audi
1933 1091 2090 1157 Italorum

437 1199 622 1284 supplicum
642 1218 743 1286 Ι10000
766 1204 800 1260 01
822 1195 862 1260 de
887 1203 918 1260 te
942 1196 1221 1281 praesumentium
1244 1216 1362 1281 preces
1391 1216 1526 1260 serenus
1554 1193 1700 1262 admitte.
1746 1195 1821 1259 audi
1843 1194 1973 1260 Italiam
1997 1216 2090 1260 num·
2104 1212 2176 1261 141
2249 1269 2251 1276 ,

437 1322 533 1386 quam
556 1321 576 1364 a
599 1306 631 1366 te
655 1298 792 1363 divisam
817 1305 850 1364 et
874 1299 1010 1362 multum
1033 1297 1074 1362 dc
1098 1297 1197 1362 animi
1219 1299 1267 1362 tui
1296 1299 1472 1363 clementia
1503 1297 1731 1377 confidentem,
1763 1318 1848 1382 quae
1872 1298 1901 1362 si
1923 1319 1988 1362 una
2010 1320 2091 1363 uoce

380 1435 382 1440 ·
436 1409 598 1480 uteretur,
631 1403 713 1467 haec
742 1401 882 1466 diceret:
921 1401 1072 1485 quotiens
1100 1421 1159 1486 pro
1187 1423 1255 1480 me,
1290 1400 1317 1464 si
1344 1401 1576 1476 reminisceris,
1611 1401 1769 1466 ferratum
1798 1407 1913 1486 pectus
1943 1401 2091 1466 hostibus

436 1507 604 1571 obtulisti?
638 1507 791 1591 quotiens
814 1506 966 1592 pugnasti
988 1505 1135 1582 consilio,
1160 1526 1201 1568 nc
1224 1504 1311 1568 bolla
1327 1503 1543 1590 subriperent,
1566 1527 1607 1569 ue
1624 1505 1740 1589 aliquis
1754 1525 1899 1568 meorum
1918 1502 2091 1569 duceretur
2144 1527 2168 1563 ro

367 1612 424 1676 158
438 1611 469 1673 in
494 1631 698 1695 quacumque
722 1609 810 1673 orbis
835 1616 927 1695 parte
951 1609 1124 1696 captivus?
1149 1629 1231 1693 quos
1255 1629 1340 1672 nuno
1363 1607 1500 1688 detines,
1525 1617 1560 1672 tu
1584 1609 1722 1672 nutristi.
1759 1606 1870 1672 dolose
1890 1607 1969 1670 mihi
1990 1609 2092 1672 virtus

436 1719 493 1776 tua
508 1713 703 1777 beneficium
724 1713 897 1798 praestitit,
921 1713 946 1775 si
970 1733 1050 1797 quos
1070 1713 1111 1776 ab
1129 1713 1295 1776 extraneis
1313 1718 1436 1776 tutatus
1456 1718 1506 1775 est
1523 1716 1632 1776 custos
1649 1711 1779 1775 invasit.
1812 1711 1884 1795 quic
1901 1718 2092 1775 catenarum

436 1817 576 1880 nexibus
608 1814 772 1901 inpeditus
803 1815 905 1880 durae
940 1817 1019 1879 sorti
1055 1837 1120 1880 non
1157 1816 1326 1880 uberiores
1363 1816 1516 1880 lacrimas
1547 1815 1735 1894 exhiberet,
1770 1836 1843 1879 eum
1878 1836 1913 1879 se
1943 1814 1984 1878 ad
2015 1835 2091 1878 eon-

436 1919 597 1985 dicionem
634 1919 792 1984 liberator
829 1918 1023 2004 inpelleret?
1059 1920 1131 2004 quis
1165 1941 1200 1984 ee
1236 1919 1449 1998 subduceret,
1485 1941 1556 2006 eum
1592 1941 1756 1984 armorum
1788 1925 1918 1983 tuorum
1948 1917 2091 2004 crepitus

436 2023 619 2102 audiretur,
659 2024 691 2087 in
730 2043 793 2106 quo
831 2023 863 2086 in
902 2023 1150 2087 necessitatibus
1188 2024 1385 2088 tutissimum
1428 2023 1574 2088 habuere
1618 2023 1825 2109 perfugium?
1878 2021 1967 2086 elisis
2006 2022 2089 2086 collo
2155 2067 2159 2076 ·

366 2131 424 2190 159
437 2121 585 2192 manibus
628 2133 778 2191 matrona
820 2127 967 2191 sublimis
1014 2148 1086 2191 cum
1130 2129 1315 2193 traheretur
1357 2127 1397 2192 ad
1442 2129 1584 2204 vincula,
1632 2127 1781 2213 promisit
1825 2126 1886 2190 sibi
1930 2124 2091 2190 vindicem

437 2237 469 2295 te
492 2231 646 2295 futurum.
690 2231 782 2316 virgo
806 2231 848 2294 ab
872 2232 1063 2316 stupratoris
1087 2229 1214 2294 insidiis
1237 2229 1396 2317 pudorem
1419 2251 1513 2294 suum
1537 2229 1596 2293 tibi
1619 2229 1776 2294 credebat
1797 2229 1971 2314 displicere
1994 2251 2092 2314 posse

436 2334 463 2397 si
497 2332 658 2418 perderet.
710 2333 743 2396 in
779 2353 954 2411 summam,
994 2334 1079 2419 eapti
1117 2341 1209 2412 sunt,
1249 2353 1330 2416 quos
1366 2354 1461 2396 nemo
1496 2332 1659 2418 fugientes
1693 2333 1826 2397 invenit.
1876 2331 2091 2417 agricolarum

313 2433 374 2477 ‘¹¹⁰⁵
390 2446 408 2474 ⁰·
437 2436 622 2501 laboriosae
646 2437 764 2520 stirpes
788 2443 821 2499 et
843 2435 931 2499 duris
956 2437 1158 2500 exercitatae
1183 2436 1347 2521 ligonibus
1371 2436 1512 2517 suboles,
1540 2457 1621 2522 quos
1645 2459 1703 2523 per
1726 2442 1847 2501 terram
1871 2458 1963 2500 suam
1986 2437 2094 2522 pascit

297 2483 329 2526 Ill
343 2491 363 2536 6,
377 2487 421 2536 ³1.)

437 2541 632 2606 infabricata
660 2540 863 2624 simplicitas,
893 2561 966 2604 curn
997 2541 1075 2604 loris
1105 2540 1190 2604 colla
1221 2547 1430 2604 necterentur
1460 2547 1493 2606 et
1522 2542 1648 2626 palmas
1678 2541 1816 2605 vinciret
1842 2546 1914 2606 arta
1942 2540 2090 2620 conexio,
2143 2557 2168 2596 2⁰

365 2645 423 2705 160
436 2644 517 2708 nihil
549 2667 607 2730 pro
638 2642 830 2708 defensione
859 2664 918 2706 sua
945 2643 1033 2706 aliud
1063 2642 1294 2707 clamitabunt:
1329 2643 1448 2706 seimus
1479 2649 1512 2707 et
1539 2643 1708 2707 evidenter
1735 2643 1954 2727 agnoscimus,
1985 2663 2092 2706 nonne

435 2769 494 2811 vos
519 2748 600 2812 estis
624 2746 875 2831 Burgundiones
900 2747 1025 2810 nostri?
1058 2745 1178 2824 videte,
1203 2767 1244 2809 ne
1268 2751 1343 2810 ante
1367 2746 1456 2831 pium
1481 2768 1592 2831 regem
1622 2768 1706 2831 quae
1736 2747 1843 2812 facitis
1867 2748 2035 2812 excusetis
2059 2755 2093 2812 ct

435 2851 492 2914 illa
521 2849 719 2915 urbanorum
750 2849 986 2914 consuetudine
1017 2849 1152 2912 erimina
1183 2849 1403 2934 subprimatis.
1449 2851 1599 2934 quotiens
1629 2852 1721 2928 istac,
1751 2871 1832 2936 quas
1862 2851 1965 2936 ligare
1997 2872 2091 2937 prae-

435 2954 573 3034 sumitis,
602 2976 717 3019 manus
745 2953 874 3018 domino
906 2952 1066 3016 communi
1097 2951 1219 3016 tributa
1249 2954 1439 3016 solverunt?
1473 2954 1618 3017 novimus
1647 2955 1723 3038 quia
1750 2955 1805 3018 ille
1836 2954 1905 3018 fieri
1935 2955 2000 3018 ista
2027 2976 2092 3018 non

362 3063 417 3123 161
434 3058 538 3122 iussit.
584 3059 644 3121 hac
668 3058 864 3123 auctoritate
888 3057 999 3122 miseri
1023 3079 1081 3143 pro
1108 3055 1236 3120 solaciis
1259 3056 1446 3122 utebantur.
1492 3056 1611 3120 multos
1642 3063 1751 3122 tamen
1782 3059 1981 3142 integritatis
2015 3066 2092 3123 tuae
2145 3075 2169 3113 2³

435 3161 553 3226 fiducia
576 3163 653 3226 fecit
676 3161 829 3240 interimi,
855 3160 929 3224 dum
954 3161 1040 3245 capti
1065 3160 1239 3247 superbius
1262 3160 1513 3249 responderunt.
1553 3160 1653 3226 redde
1678 3183 1755 3246 ergo
1779 3162 1928 3226 residuos
1952 3163 2090 3246 patriae,
2105 3186 2126 3226 1-
2139 3176 2177 3216 ⁴⁰³

435 3265 535 3330 redde
566 3266 701 3350 origini,
737 3264 836 3329 redde
869 3265 994 3348 gloriae
1033 3271 1119 3328 tuae.
1166 3265 1318 3350 antiquus
1350 3265 1499 3329 dominus
1538 3265 1738 3350 provinciam
1773 3265 1889 3350 dilige,
1927 3287 2025 3351 quam
2059 3273 2093 3331 et

434 3370 608 3434 modernus
639 3369 857 3453 amplectitur.
903 3368 1031 3432 remitte
1064 3367 1210 3452 quamvis
1244 3367 1285 3432 ad
1321 3368 1462 3432 alienam
1494 3368 1674 3449 dicionem,
1709 3370 1763 3453 qui
1795 3391 1831 3433 se
1861 3377 1894 3432 et
1922 3370 1970 3434 ibi
1995 3370 2093 3455 positi

364 3475 509 3535 1621100
537 3494 611 3537 esse
639 3478 848 3556 cognoscant.
895 3493 1014 3560 parum
1043 3471 1129 3536 enirn
1157 3471 1284 3555 gratiae
1313 3470 1521 3556 inpendimus
1551 3471 1639 3534 illius
1669 3472 1816 3558 imperio,
1844 3473 1935 3536 euius
1965 3473 2091 3536 miseri-

435 3574 565 3640 cordiae
589 3575 633 3642 nil
657 3576 825 3640 debemus.
865 3595 969 3638 vacua
992 3573 1140 3638 sentibus
1164 3575 1254 3638 illam
1278 3596 1374 3660 quam
1397 3576 1482 3640 bene
1502 3576 1588 3639 nosti
1605 3574 1772 3660 Liguriam
1790 3583 1822 3640 et
1836 3577 1928 3662 reple
1945 3576 2091 3640 culturis.
2145 3592 2169 3630 ³⁰

434 3686 590 3763 quantum
614 3679 803 3744 muneribus
826 3679 892 3742 tuis
916 3677 1059 3741 obnoxia
1083 3678 1125 3742 sit
1150 3679 1331 3763 intelleget,
1365 3680 1391 3742 si
1414 3680 1532 3743 faeiem
1564 3701 1656 3743 suam
1686 3680 1861 3764 aliquando
1890 3681 2091 3765 cognoverit.

434 3782 650 3848 domesticum
674 3784 731 3847 tibi
763 3804 893 3869 semper
920 3790 970 3846 est
999 3781 1169 3866 indulgere
1202 3782 1415 3869 supplicibus,
1445 3783 1529 3846 sieut
1559 3783 1719 3869 superbos
1749 3783 1943 3870 obprimere.
1989 3785 2036 3848 sio
2060 3785 2093 3848 in

434 3893 572 3972 utroque
595 3886 803 3964 fortissimus,
827 3885 874 3949 ibi
899 3906 958 3971 per
980 3883 1135 3968 gladium,
1159 3885 1212 3949 hio
1234 3907 1293 3970 per
1310 3886 1560 3971 temperantiam
1578 3886 1759 3973 triumphos
1776 3886 1937 3971 adquires.
1974 3888 2093 3951 nostris

362 3991 422 4051 163
435 3996 684 4074 nostrorumque
711 4010 843 4052 movere
874 3986 1016 4053 fletibus.
1062 3987 1108 4051 sic
1137 3987 1171 4050 in
1204 3990 1413 4054 successione
1448 3991 1541 4074 regni
1572 3991 1665 4054 istius
1701 3990 1867 4074 legitimus
1898 3990 1959 4054 tibi
1994 3991 2092 4054 heres

435 4091 615 4173 adcrescat,
646 4098 679 4156 et
709 4113 768 4177 per
795 4112 887 4176 spem
916 4089 1048 4156 adultae
1077 4093 1251 4176 progenies
1282 4092 1322 4157 ad
1350 4093 1621 4178 Burgundionum
1652 4093 1875 4179 gubernacula
1904 4093 2090 4158 reviviscas.
2144 4131 2160 4144 ··

434 4201 466 4259 et
490 4195 567 4259 licet
591 4194 652 4258 hoc
676 4194 738 4259 deo
762 4194 895 4272 tribuas,
927 4193 1020 4257 adice
1044 4201 1078 4258 et
1099 4193 1190 4271 illud,
1223 4194 1309 4279 quod
1338 4217 1399 4260 nec
1428 4196 1615 4261 hominibus
1646 4198 1792 4262 externis
1820 4195 1906 4261 istud
1928 4195 2091 4281 inpendis.

432 4298 499 4362 iam
539 4299 597 4362 tibi
632 4298 749 4364 Italiae
772 4297 938 4362 'dominus
973 4297 1070 4361 etiam
1108 4297 1360 4362 necessitudinis
1401 4297 1570 4364 adfinitate
1610 4300 1827 4385 coniungitur.
1883 4299 1926 4363 sit
1959 4299 2006 4364 fili
2044 4301 2092 4364 tui

435 4401 633 4487 sponsalicio
669 4403 806 4486 largitas
851 4400 1014 4466 absolutio
1058 4401 1276 4485 captivorum,
1323 4401 1440 4466 offerat
1481 4409 1597 4489 pactae
1642 4425 1721 4469 suae
1769 4425 1885 4468 munus
1929 4403 2016 4489 quod
2060 4410 2092 4467 et

363 4507 422 4568 164
435 4504 586 4570 Christus
622 4502 781 4591 accipiat!
826 4505 909 4569 haee
945 4524 1019 4568 cum
1050 4503 1203 4588 dixisset,
1242 4508 1435 4571 commonito
1470 4515 1582 4573 saneto
1615 4509 1743 4594 collega
1774 4508 1909 4574 Victore
1938 4510 2091 4588 surrexit,

538 4867 729 4936 faociperitB
842 4867 919 4935 3011]
937 4868 1003 4920 atB
1071 4871 1177 4920 1101111101
1192 4871 1255 4936 fort.
1330 4871 1441 4921 uendere
1460 4869 1510 4935 Tc,
1531 4871 1727 4923 uindereBVL
1839 4870 1857 4922 5
1876 4873 1970 4939 infligit
1988 4871 2093 4936 Hor-tel,

434 4955 534 5021 infliget
552 4955 612 5006 libri
708 4951 1015 5019 tenerescentium
1032 4953 1056 5002 V
1156 4950 1391 5020 ipraesumentum
1406 4956 1459 5007 001
1472 4955 1550 5008 Sirra.
1649 4957 1847 5009 8coufiteutem
1860 4958 1885 5008 B
1984 4956 2091 5010 910111-

434 5041 545 5092 nisceres
558 5039 583 5090 B
688 5038 721 5090 10
738 5040 905 5106 subreperent
916 5039 986 5090 Bell.
1060 5056 1148 5091 eorum
1161 5039 1240 5092 Sirra.
1352 5039 1384 5092 11
1403 5041 1516 5110 nutristi]
1536 5037 1620 5108 n’riB,
1638 5045 1704 5096 nosti
1717 5044 1804 5096 sclam
1914 5043 1947 5095 12
1965 5044 2093 5096 custusB

437 5124 468 5177 13
485 5127 518 5178 ad
535 5127 603 5179 banc
621 5127 796 5179 condicionem
808 5129 875 5193 fort.
999 5123 1031 5177 15
1048 5124 1205 5194 perfugium]
1234 5129 1388 5194 praesidium
1407 5128 1485 5180 Siren.
1608 5128 1640 5182 19
1664 5131 1765 5183 soboles
1787 5130 1811 5180 V
1925 5129 1961 5182 20
1984 5131 2094 5182 uinciret

435 5222 494 5264 111110
520 5214 564 5264 lia.
587 5214 648 5264 adel.
671 5211 707 5263 Vl
845 5209 880 5262 22
903 5211 1091 5278 burgundionis
1107 5213 1133 5264 B
1235 5215 1323 5266 facites
1345 5217 1475 5267 exousites
1490 5215 1534 5266 Ba
1676 5214 1710 5268 23
1734 5219 1889 5269 urbanorum
1904 5217 1930 5267 B
2033 5218 2093 5268 sub-

434 5308 560 5367 prematos
572 5300 598 5350 B
603 5308 626 5364 ⁰,
643 5328 676 5336 —
688 5302 722 5352 tis
734 5300 760 5350 B
768 5301 780 5338 ⁶
787 5338 795 5364 ,
817 5299 987 5366 supprimam
1004 5297 1046 5348 V⁶
1124 5301 1211 5368 legare
1222 5301 1248 5351 B
1327 5304 1496 5370 praesumites
1506 5302 1601 5353 BssVss
1722 5300 1756 5354 26
1768 5304 1845 5355 redde
1863 5305 2002 5371 origini-
2016 5323 2092 5371 quarn

435 5387 521 5439 om.C
637 5383 672 5437 27
690 5387 768 5453 dilige
785 5386 892 5450 codices,
909 5386 994 5453 diligit
1012 5385 1090 5437 Siras.
1206 5385 1241 5439 30
1259 5388 1322 5438 nibil
1341 5388 1421 5440 Siren.
1542 5387 1575 5439 31
1595 5390 1706 5442 obnoxia
1724 5391 1758 5441 sit
1775 5392 1925 5443 muneribus
1942 5393 1995 5443 tuis
2014 5391 2093 5444 Sina.

434 5472 563 5538 intellegit
579 5471 779 5540 (intelligitBssl
798 5473 866 5536 libri,
882 5472 1016 5539 intelleget
1033 5470 1121 5524 Soloe
1250 5471 1285 5524 32
1303 5474 1487 5542 1100111011(ι
1576 5477 1719 5544 opprimere
1735 5474 1760 5525 V
1886 5474 1921 5528 33
1939 5479 2094 5530 fortissimus

435 5557 539 5620 1100101,
561 5559 712 5610 fortissimos
730 5558 790 5610 libri
920 5555 954 5608 34
972 5564 1117 5609 nostrorum
1141 5576 1302 5612 commouere
1320 5559 1400 5613 Siren.
1529 5560 1563 5613 31
1585 5559 1671 5628 etiam]
1694 5571 1721 5615 et
1739 5561 1818 5615 Sir-m.
1904 5565 2093 5617 necessitudine

439 5646 571 5698 affinitatis
584 5645 683 5698 Barea.
747 5645 792 5698 11111
809 5643 832 5691 V
923 5641 957 5694 33
975 5643 1137 5714 sponsalicio]
1156 5663 1250 5716 sponsa
1269 5647 1333 5700 lacis
1351 5648 1456 5711 corticea
1473 5665 1567 5718 sponsa
1584 5650 1659 5702 Latia
1670 5649 1737 5713 edit,
1755 5649 1852 5719 0900910
1870 5667 1916 5701 em.
1930 5649 2000 5702 Bell.
2013 5659 2036 5704 01
2054 5649 2094 5705 '1¹²
