4596 6450
696 395 831 450 ccxxlv
850 395 973 464 (EPIST.
992 399 1016 460 1),
1034 398 1071 462 8).
1091 395 1211 450 CCXXV
1230 397 1353 464 (EPIST.
1372 399 1396 461 5,
1414 400 1450 466 a).
1833 403 1893 465 1711

234 569 356 634 letibus
380 566 588 648 distenditur,
612 589 698 654 aqua
721 569 872 649 desecat,
897 591 960 656 ego
984 591 1127 656 quoque,
1153 572 1207 655 qui
1230 570 1403 636 Heliconis
1427 573 1550 636 fluenta
1573 592 1637 636 non
1661 572 1771 655 tetigi,
1794 579 1893 657 poeta

235 694 340 737 novus
369 671 562 736 admiscear.
608 672 829 756 acelpcergo
860 674 961 736 risum
988 681 1115 738 motura
1138 679 1292 760 poemata
1315 681 1347 738 et
1371 675 1589 740 Glovidenum
1614 683 1703 740 tuum
1729 681 1762 738 te
1786 676 1892 739 solum

236 777 409 861 agnovisse
440 781 612 839 contentus
643 775 816 860 apublico
845 777 951 859 rigore
978 799 1030 841 me
1062 776 1233 854 subtrahe,
1268 779 1356 864 quia,
1388 779 1414 842 si
1444 785 1495 843 est
1523 778 1610 864 quod
1636 779 1721 843 forte
1752 778 1892 864 placeat,

225 878 403 944 sententia
426 877 505 942 mihi
523 883 632 942 vestra
657 876 788 956 suflicit,
813 879 840 942 si
862 879 950 963 quod
972 895 1082 944 morsu
1106 879 1238 965 dignum
1263 883 1313 958 sit,
1337 888 1500 946 secretum
1523 890 1602 968 puto
1626 882 1712 967 quod
1735 881 1776 946 de
1799 883 1894 947 amici

171 1003 181 1039 ⁵
235 985 340 1070 culpis
364 983 546 1067 agnoveris.
585 980 679 1045 dabis
703 982 802 1046 etiam
820 984 959 1064 veniam,
983 984 1058 1068 quia
1082 986 1250 1048 oculorum
1274 1007 1408 1070 pressus
1433 1006 1554 1070 augore
1578 992 1732 1072 poemata
1754 986 1927 1051 fortasseb

235 1087 352 1152 clauda
384 1085 553 1172 conposui.
606 1105 670 1148 non
705 1086 792 1149 enim
827 1098 967 1173 possunt
998 1110 1072 1152 esse
1103 1110 1255 1153 versuum
1287 1089 1426 1154 solidata
1456 1091 1597 1174 vestigia
1627 1090 1759 1154 luminis
1788 1089 1895 1154 olficio

234 1191 402 1256 destituta.
448 1190 524 1274 lege
548 1209 626 1273 ergo
650 1210 753 1274 aquas
778 1190 912 1273 calidas,
937 1213 1018 1278 quas
1043 1192 1166 1258 invisis.

606 1362 747 1428 Tollitur
768 1363 889 1430 adelini
909 1365 1010 1450 tellus
1034 1365 1177 1431 subnixa
1199 1372 1337 1444 tumore,

651 1467 789 1534 Leniter
811 1471 899 1534 elato
922 1469 1005 1534 fulta
1029 1470 1213 1556 supercilio.

605 1570 792 1636 Vorticibus
816 1573 915 1636 nullis
939 1581 1037 1659 caput
1061 1572 1214 1638 admovet
1237 1573 1293 1636 illa
1317 1574 1493 1658 superbum

649 1673 719 1738 Nec
744 1676 858 1740 similis
882 1678 1004 1764 pressis
1029 1678 1168 1742 vallibus
1191 1679 1256 1740 ima
1280 1677 1372 1762 petit.

604 1777 751 1844 Fumifer
774 1779 826 1843 hio
850 1781 970 1866 patulis
994 1783 1132 1866 Aponus
1156 1780 1227 1844 fluit
1248 1778 1393 1865 undique
1417 1780 1519 1856 venis,

651 1881 810 1948 Pacificas
833 1884 944 1948 mixtis
968 1884 1055 1968 ignis
1078 1884 1212 1949 anhelat
1235 1884 1338 1968 aquis.

605 1984 704 2048 Vnda
726 1985 817 2050 locos
841 1994 960 2066 servat,
985 2008 1050 2052 non
1074 1986 1176 2051 sorbit
1198 1987 1329 2051 flamma
1352 1987 1528 2072 liquorem:

652 2089 766 2153 Inluso
792 2091 932 2176 crepitat
955 2092 1029 2155 lons
1053 2111 1147 2156 sacer
1168 2089 1244 2154 inde
1267 2111 1358 2173 rogo.

604 2192 723 2256 Ebrius
746 2192 799 2256 hic
823 2195 949 2258 cunctis
972 2193 1169 2258 medicinam
1192 2193 1340 2277 suggerit
1363 2192 1469 2258 ardor.

652 2296 800 2382 Corpora
822 2297 994 2362 desiccans
1017 2318 1090 2362 rore
1116 2297 1309 2384 vaporifero.

605 2399 669 2465 Hic
691 2421 773 2486 pyra
795 2401 991 2486 gurgitibus,
1015 2401 1164 2466 scintillis
1189 2403 1325 2465 fluctuat
1348 2421 1454 2464 umor:

652 2503 783 2568 Vivitur
804 2505 952 2569 alternae
976 2507 1089 2570 mortis
1112 2504 1265 2570 amicitia.

606 2681 657 2746 Ne
681 2688 806 2768 pereat,
830 2680 992 2768 Nymphis
1009 2680 1176 2745 Vulcanus
1200 2682 1358 2765 mergitur
1382 2681 1456 2750 illis.

605 2787 756 2850 Foedera
779 2793 915 2851 naturae
940 2787 1029 2872 rupit
1053 2783 1228 2849 concordia
1251 2806 1395 2871 pugnax.

875 3107 1026 3178 CCXXV
1049 3111 1158 3196 (nvrsr.
1177 3113 1207 3192 5,
1224 3113 1270 3194 9).

835 3307 1073 3381 ENNODIVS
1101 3306 1302 3381 FAVSTO.

362 3453 540 3550 secundet
563 3484 729 3549 desideria
751 3484 892 3549 honesta
916 3485 1081 3566 divinitas,
1105 3487 1186 3551 lelix
1211 3487 1392 3571 auspicium
1416 3485 1512 3550 bonis
1535 3507 1600 3550 non
1617 3493 1757 3572 negetur
1771 3485 1928 3564 studiis,1

239 3589 402 3673 ingenuae
434 3589 636 3653 intentiones
668 3611 896 3676 prosperomm
928 3592 1087 3656 fructibus
1121 3592 1367 3656 convalescant!
1413 3597 1561 3654 votorum
1586 3590 1735 3655 obsidem
1764 3591 1899 3656 tradidit

160 3725 184 3763 rs
238 3692 417 3773 honestati,
449 3694 502 3778 qui
535 3692 577 3756 ad
609 3693 765 3758 liberales
792 3694 938 3782 adspirat
968 3697 1095 3782 superis
1119 3695 1305 3760 laventibus
1328 3693 1528 3778 disciplinas.
1575 3694 1733 3759 bonarum
1757 3695 1896 3759 allectus

237 3798 355 3861 artium
378 3796 484 3862 dirum
508 3796 704 3882 dedignatur
727 3797 905 3882 ingenium.
944 3799 986 3863 ad
1002 3801 1211 3885 eloquentiae
1228 3803 1421 3863 ornamenta
1437 3818 1501 3861 non
1518 3796 1656 3861 tendunt
1672 3798 1733 3861 nisi
1750 3798 1894 3862 moribus

237 3903 390 3967 instituti.
436 3903 485 3966 his
508 3901 683 3965 Partenius
711 3910 823 3966 noster
853 3925 1030 3988 germanae
1058 3903 1142 3967 filius
1173 3903 1324 3966 incitatus
1356 3900 1495 3965 stimulis
1519 3899 1671 3980 Romam,
1701 3901 1735 3964 in
1759 3922 1823 3986 qua
1847 3907 1930 3976 est2

237 4006 354 4070 natalis
390 4005 544 4084 eruditio,
579 4005 713 4069 festinat
747 4007 905 4078 inviscrc;
942 4009 993 4072 cui
1028 4006 1263 4092 magnitudinis
1298 4012 1426 4070 vestrae
1465 4004 1621 4089 suffragia
1657 4025 1729 4068 sum
1763 4010 1902 4090 paterna

237 4109 413 4194 pollicitus.
464 4105 560 4172 datur
588 4108 722 4173 culmini
751 4116 861 4173 vestro
893 4131 952 4196 per
987 4111 1225 4196 supplicantem
1261 4110 1391 4193 genius,
1426 4106 1520 4186 dum,
1555 4105 1642 4192 quod
1674 4128 1753 4172 usus
1787 4108 1901 4192 exigit,

160 4242 187 4280 sc
239 4210 391 4299 precibus
423 4213 640 4298 inploramus,
676 4233 737 4277 ceu
767 4213 794 4276 si
825 4213 897 4299 quis
932 4213 1043 4278 credat
1073 4235 1107 4277 se
1140 4220 1246 4277 ortum
1283 4213 1377 4290 solis,
1414 4233 1544 4276 cursum
1579 4212 1720 4275 fluminis
1755 4211 1901 4275 oratione

239 4315 428 4400 promereri.
467 4335 532 4378 non
556 4321 607 4378 est
631 4313 830 4386 benificium.
853 4315 909 4379 ubi
936 4314 1016 4380 ordo
1040 4323 1205 4380 servatur:
1241 4317 1323 4379 mori
1347 4316 1548 4400 obsequitur,
1573 4312 1659 4399 quod
1683 4312 1808 4399 obligat
1830 4315 1902 4378 uni·

239 4438 361 4481 versos.
407 4439 468 4503 ego
496 4425 606 4482 tamen
638 4439 736 4505 supra
767 4439 916 4498 cursum,
954 4440 973 4482 a
1003 4438 1066 4503 quo
1096 4439 1302 4504 nequaquam
1336 4417 1521 4498 disceditis,
1555 4416 1683 4502 aliquid
1709 4423 1934 4504 accepturus3

240 4540 387 4585 occurro.
424 4520 529 4586 direxi
552 4542 737 4607 personam,
762 4523 794 4586 in
818 4543 883 4607 qua
906 4523 1096 4586 meritorum
1121 4543 1265 4586 meorum
1289 4527 1393 4585 status
1417 4519 1618 4585 aestimetur.
1658 4520 1740 4584 alios
1764 4521 1901 4585 forsitan

239 4624 479 4690 commendatio
510 4627 599 4689 iuvet
626 4625 788 4691 indebita:
823 4626 1014 4711 parentibus
1043 4625 1149 4688 minus
1180 4633 1245 4704 est,
1274 4623 1426 4710 quicquid
1450 4644 1606 4710 superare
1628 4643 1693 4687 non
1716 4643 1901 4709 possumus.

175 4761 185 4796 ·.
240 4727 371 4794 domine
401 4731 461 4808 mi,
496 4729 630 4793 servitia
661 4729 867 4794 salutationis
898 4734 1167 4813 repraesentans,
1200 4728 1391 4812 portitorem
1423 4727 1535 4813 paucis
1567 4727 1703 4810 eiusque
1734 4727 1919 4812 negotium

240 4835 397 4914 elocutus,
422 4840 524 4898 restat
547 4840 583 4896 ut
607 4853 785 4918 agnoscam
809 4832 884 4916 quid
910 4838 1076 4896 mereatur
1099 4851 1238 4919 persona
1261 4853 1360 4895 causa.
1384 4828 1586 4915 proximitas.

245 4993 506 5001 -nw--n-.
513 4995 617 5000 -----
622 4994 651 5000 ..-

343 5111 357 5162 1
380 5113 491 5165 desiccat
505 5131 581 5180 prop.
596 5113 699 5174 Har-tel,
717 5114 750 5178 cs.
765 5130 787 5160 o.
805 5115 834 5162 17
897 5110 1003 5162 slioonis
1025 5110 1123 5161 codices
1221 5107 1237 5158 3
1255 5127 1306 5176 ag·
1319 5105 1322 5174 1
1335 5109 1438 5160 iacuisse
1457 5108 1534 5171 (croc
1547 5107 1575 5172 n)
1589 5107 1614 5157 B
1717 5103 1734 5157 4
1752 5117 1850 5160 morsui
1861 5106 1902 5160 B¹

239 5197 256 5250 6
274 5201 357 5252 cauda
369 5199 394 5250 B
511 5197 636 5251 Vinuisis
653 5199 755 5264 scripsi,
778 5198 877 5248 inuisas
894 5197 955 5246 libri
1071 5195 1088 5246 8
1110 5196 1204 5247 adelini
1220 5196 1278 5246 ‹u’o
1397 5193 1429 5246 10
1450 5195 1566 5246 admouit
1578 5193 1603 5243 Β
1719 5191 1749 5243 11
1768 5193 1864 5246 similes
1878 5193 1903 5244 Β

241 5283 273 5336 12
291 5287 403 5353 fumiger
416 5287 495 5338 Simu.
609 5283 641 5335 14
659 5283 830 5347 iocosam,
848 5286 920 5336 locus
941 5283 1001 5332 libri
1074 5283 1185 5333 sorbatb
1298 5279 1331 5332 18
1346 5298 1410 5348 pyra
1422 5279 1511 5342 Siras,
1533 5277 1734 5346 posmssvvt,
1757 5297 1839 5346 poena
1855 5279 1904 5342 Vss,

238 5387 286 5436 par
299 5373 327 5434 0,
345 5389 412 5439 per·
429 5371 454 5422 P
973 5365 977 5390 ¹

343 5473 481 5543 [CCXXV]
519 5474 552 5526 23
570 5471 703 5540 diuinitas]
729 5475 887 5526 diuturnitas
905 5472 944 5522 Bb
1054 5469 1089 5521 ‘24
1107 5472 1262 5522 intentiones
1279 5470 1373 5534 W,
1394 5471 1543 5522 irrteutiouis
1557 5468 1583 5519 Β
1590 5468 1664 5519 VLT
1667 5468 1676 5505 ¹
1745 5470 1905 5521 inualeseant

238 5558 305 5628 (nvp.
324 5563 350 5613 in
369 5581 418 5613 scr.
436 5581 485 5614 ocu
503 5580 536 5612 m.
552 5561 574 5620 l)
593 5561 620 5624 V,
643 5561 855 5612 coninualcscant
872 5559 893 5608 L
1024 5555 1058 5605 25
1081 5557 1195 5608 liberalis
1208 5557 1233 5607 Β
1363 5550 1397 5604 Βῖ
1415 5556 1545 5622 germinae
1559 5555 1584 5605 B
1716 5553 1749 5606 28
1768 5557 1860 5608 natalis
1873 5555 1907 5619 B,

239 5649 363 5699 staturalis
381 5651 469 5709 cetera·
490 5651 524 5715 cf.
546 5647 729 5699 c'otxxxll
738 5652 754 5698 2
871 5642 905 5694 “29
923 5643 1009 5709 exigat
1022 5641 1048 5692 Β
1165 5641 1194 5693 31
1218 5639 1411 5694 berrsficiumV
1486 5641 1662 5692 uniuersusB
1774 5641 1809 5692 32
1827 5643 1905 5692 [lisce-

238 5734 578 5796 detis13‚dinciditisVLT
678 5731 712 5784 33
730 5734 797 5784 nlius
811 5733 836 5784 B
940 5726 974 5780 34
997 5727 1107 5779 iubetB
1210 5727 1245 5777 35
1262 5725 1307 5794 mi]
1327 5727 1389 5778 mihi
1402 5725 1427 5774 B
1434 5725 1477 5780 VJ.
1547 5729 1603 5778 eius
1621 5728 1648 5777 ia
1666 5728 1702 5778 lit.
1716 5727 1741 5776 B

1645 5817 1699 5872 23*
