<?xml version="1.0" encoding="UTF-8"?>
<!DOCTYPE html PUBLIC "-//W3C//DTD XHTML 1.0 Transitional//EN"
    "http://www.w3.org/TR/xhtml1/DTD/xhtml1-transitional.dtd">
<html xmlns="http://www.w3.org/1999/xhtml" xml:lang="en" lang="en">
 <head>
  <title>
</title>
<meta http-equiv="Content-Type" content="text/html;charset=utf-8" />
  <meta name='ocr-system' content='tesseract 3.04.00' />
  <meta name='ocr-capabilities' content='ocr_page ocr_carea ocr_par ocr_line ocrx_word'/>
</head>
<body>
  <div class='ocr_page' id='page_1' title='image "./monumentagerman06mittgoog_0336.png"; bbox 0 0 4566 6532; ppageno 0'>
   <div class='ocr_carea' id='block_1_1' title="bbox 841 393 1844 488">
    <p class='ocr_par' dir='ltr' id='par_1_1' title="bbox 841 393 1844 488">
     <span class='ocr_line' id='line_1_1' title="bbox 841 393 1844 488; baseline 0.014 -16"><span class='ocrx_word' id='word_1_1' title='bbox 841 418 995 474; x_wconf 84' lang='lat' dir='ltr'><strong>coonxnr</strong></span> <span class='ocrx_word' id='word_1_2' title='bbox 1015 421 1117 488; x_wconf 78' lang='lat' dir='ltr'><strong>(oros.</strong></span> <span class='ocrx_word' id='word_1_3' title='bbox 1136 423 1190 488; x_wconf 80' lang='lat' dir='ltr'><strong>aq.</strong></span> <span class='ocrx_word' id='word_1_4' title='bbox 1782 393 1844 486; x_wconf 75' lang='lat' dir='ltr'><strong>acb</strong></span> 
     </span>
    </p>
   </div>
   <div class='ocr_carea' id='block_1_2' title="bbox 129 586 1901 2643">
    <p class='ocr_par' dir='ltr' id='par_1_2' title="bbox 129 586 1900 2022">
     <span class='ocr_line' id='line_1_2' title="bbox 192 586 1843 678; baseline 0.005 -29"><span class='ocrx_word' id='word_1_5' title='bbox 192 586 397 652; x_wconf 72' lang='lat' dir='ltr'>humanitate</span> <span class='ocrx_word' id='word_1_6' title='bbox 421 587 617 673; x_wconf 76' lang='lat' dir='ltr'>degentibus</span> <span class='ocrx_word' id='word_1_7' title='bbox 641 590 748 653; x_wconf 87' lang='lat' dir='ltr'><strong>cibum</strong></span> <span class='ocrx_word' id='word_1_8' title='bbox 772 613 843 656; x_wconf 87' lang='lat' dir='ltr'><strong>esse</strong></span> <span class='ocrx_word' id='word_1_9' title='bbox 867 613 1083 674; x_wconf 88' lang='lat' dir='ltr'><strong>communem,</strong></span> <span class='ocrx_word' id='word_1_10' title='bbox 1107 601 1141 658; x_wconf 89' lang='lat' dir='ltr'><strong>et</strong></span> <span class='ocrx_word' id='word_1_11' title='bbox 1162 594 1205 658; x_wconf 91' lang='lat' dir='ltr'><strong>ab</strong></span> <span class='ocrx_word' id='word_1_12' title='bbox 1227 614 1292 657; x_wconf 93' lang='lat' dir='ltr'><strong>uno</strong></span> <span class='ocrx_word' id='word_1_13' title='bbox 1314 594 1439 678; x_wconf 87' lang='lat' dir='ltr'><strong>flagitat</strong></span> <span class='ocrx_word' id='word_1_14' title='bbox 1454 593 1539 678; x_wconf 92' lang='lat' dir='ltr'><strong>quod</strong></span> <span class='ocrx_word' id='word_1_15' title='bbox 1557 615 1620 658; x_wconf 94' lang='lat' dir='ltr'><strong>non</strong></span> <span class='ocrx_word' id='word_1_16' title='bbox 1635 595 1715 658; x_wconf 92' lang='lat' dir='ltr'><strong>licet</strong></span> <span class='ocrx_word' id='word_1_17' title='bbox 1731 614 1843 678; x_wconf 91' lang='lat' dir='ltr'><strong>quem-</strong></span> 
     </span>
     <span class='ocr_line' id='line_1_3' title="bbox 193 693 1899 782; baseline 0.004 -28"><span class='ocrx_word' id='word_1_18' title='bbox 193 710 289 774; x_wconf 88' lang='lat' dir='ltr'><strong>quam</strong></span> <span class='ocrx_word' id='word_1_19' title='bbox 321 711 457 776; x_wconf 88' lang='lat' dir='ltr'><strong>negare,</strong></span> <span class='ocrx_word' id='word_1_20' title='bbox 494 693 695 777; x_wconf 76' lang='lat' dir='ltr'><strong>generaliter</strong></span> <span class='ocrx_word' id='word_1_21' title='bbox 723 694 872 778; x_wconf 88' lang='lat' dir='ltr'><strong>allegans</strong></span> <span class='ocrx_word' id='word_1_22' title='bbox 902 695 1016 760; x_wconf 89' lang='lat' dir='ltr'><strong>deberi</strong></span> <span class='ocrx_word' id='word_1_23' title='bbox 1046 696 1207 760; x_wconf 90' lang='lat' dir='ltr'><strong>universis</strong></span> <span class='ocrx_word' id='word_1_24' title='bbox 1237 696 1392 781; x_wconf 91' lang='lat' dir='ltr'><strong>quidquid</strong></span> <span class='ocrx_word' id='word_1_25' title='bbox 1422 703 1511 761; x_wconf 88' lang='lat' dir='ltr'><strong>terra</strong></span> <span class='ocrx_word' id='word_1_26' title='bbox 1540 695 1742 782; x_wconf 72' lang='lat' dir='ltr'><strong>produxerit</strong></span> <span class='ocrx_word' id='word_1_27' title='bbox 1787 696 1844 761; x_wconf 89' lang='lat' dir='ltr'><strong>sed</strong></span> <span class='ocrx_word' id='word_1_28' title='bbox 1862 694 1899 755; x_wconf 82' lang='grc'><strong>18</strong></span> 
     </span>
     <span class='ocr_line' id='line_1_4' title="bbox 193 793 1845 883; baseline 0.003 -26"><span class='ocrx_word' id='word_1_29' title='bbox 193 793 323 879; x_wconf 87' lang='lat' dir='ltr'><strong>quando</strong></span> <span class='ocrx_word' id='word_1_30' title='bbox 346 795 378 858; x_wconf 89' lang='lat' dir='ltr'><strong>iu</strong></span> <span class='ocrx_word' id='word_1_31' title='bbox 402 815 608 860; x_wconf 88' lang='lat' dir='ltr'><strong>communem</strong></span> <span class='ocrx_word' id='word_1_32' title='bbox 631 817 726 862; x_wconf 87' lang='lat' dir='ltr'><strong>usum</strong></span> <span class='ocrx_word' id='word_1_33' title='bbox 748 817 845 882; x_wconf 90' lang='lat' dir='ltr'><strong>seges</strong></span> <span class='ocrx_word' id='word_1_34' title='bbox 868 798 1028 862; x_wconf 81' lang='lat' dir='ltr'><strong>triticeam</strong></span> <span class='ocrx_word' id='word_1_35' title='bbox 1052 798 1201 862; x_wconf 81' lang='lat' dir='ltr'><strong>subolem</strong></span> <span class='ocrx_word' id='word_1_36' title='bbox 1225 805 1258 861; x_wconf 92' lang='lat' dir='ltr'><strong>et</strong></span> <span class='ocrx_word' id='word_1_37' title='bbox 1279 799 1438 883; x_wconf 89' lang='lat' dir='ltr'><strong>liquorem</strong></span> <span class='ocrx_word' id='word_1_38' title='bbox 1454 799 1565 863; x_wconf 84' lang='lat' dir='ltr'><strong>vincta</strong></span> <span class='ocrx_word' id='word_1_39' title='bbox 1587 797 1769 863; x_wconf 83' lang='lat' dir='ltr'><strong>fundebant</strong></span> <span class='ocrx_word' id='word_1_40' title='bbox 1785 819 1845 862; x_wconf 90' lang='lat' dir='ltr'><strong>nec</strong></span> 
     </span>
     <span class='ocr_line' id='line_1_5' title="bbox 194 899 1862 986; baseline 0.001 -23"><span class='ocrx_word' id='word_1_41' title='bbox 194 899 312 963; x_wconf 81' lang='lat' dir='ltr'><strong>viritim</strong></span> <span class='ocrx_word' id='word_1_42' title='bbox 347 899 446 963; x_wconf 88' lang='lat' dir='ltr'><strong>tellus</strong></span> <span class='ocrx_word' id='word_1_43' title='bbox 474 907 546 964; x_wconf 91' lang='lat' dir='ltr'><strong>erat</strong></span> <span class='ocrx_word' id='word_1_44' title='bbox 576 900 751 965; x_wconf 89' lang='lat' dir='ltr'><strong>distributa</strong></span> <span class='ocrx_word' id='word_1_45' title='bbox 785 901 979 982; x_wconf 89' lang='lat' dir='ltr'><strong>cultoribus,</strong></span> <span class='ocrx_word' id='word_1_46' title='bbox 1014 901 1121 965; x_wconf 93' lang='lat' dir='ltr'><strong>nullus</strong></span> <span class='ocrx_word' id='word_1_47' title='bbox 1155 900 1241 965; x_wconf 90' lang='lat' dir='ltr'><strong>inter</strong></span> <span class='ocrx_word' id='word_1_48' title='bbox 1275 901 1386 966; x_wconf 91' lang='lat' dir='ltr'><strong>hostes</strong></span> <span class='ocrx_word' id='word_1_49' title='bbox 1421 902 1523 967; x_wconf 89' lang='lat' dir='ltr'><strong>filium</strong></span> <span class='ocrx_word' id='word_1_50' title='bbox 1553 903 1599 965; x_wconf 93' lang='lat' dir='ltr'><strong>sic</strong></span> <span class='ocrx_word' id='word_1_51' title='bbox 1632 903 1779 986; x_wconf 91' lang='lat' dir='ltr'><strong>reliquit,</strong></span> <span class='ocrx_word' id='word_1_52' title='bbox 1813 910 1862 966; x_wconf 58' lang='lat' dir='ltr'><strong>ntf</strong></span> 
     </span>
     <span class='ocr_line' id='line_1_6' title="bbox 129 1002 1848 1092; baseline 0.002 -26"><span class='ocrx_word' id='word_1_53' title='bbox 129 1045 133 1056; x_wconf 87' lang='lat'><em>·</em></span> <span class='ocrx_word' id='word_1_54' title='bbox 194 1002 384 1067; x_wconf 74' lang='lat' dir='ltr'><strong>crederetur</strong></span> <span class='ocrx_word' id='word_1_55' title='bbox 405 1003 547 1088; x_wconf 87' lang='lat' dir='ltr'><strong>gemitus</strong></span> <span class='ocrx_word' id='word_1_56' title='bbox 569 1003 765 1090; x_wconf 88' lang='lat' dir='ltr'><strong>praetulisse</strong></span> <span class='ocrx_word' id='word_1_57' title='bbox 788 1006 886 1069; x_wconf 82' lang='lat' dir='ltr'><strong>servi.</strong></span> <span class='ocrx_word' id='word_1_58' title='bbox 933 1006 1059 1090; x_wconf 90' lang='lat' dir='ltr'><strong>ignoro,</strong></span> <span class='ocrx_word' id='word_1_59' title='bbox 1092 1003 1227 1086; x_wconf 90' lang='lat' dir='ltr'><strong>iudices,</strong></span> <span class='ocrx_word' id='word_1_60' title='bbox 1255 1011 1430 1089; x_wconf 91' lang='lat' dir='ltr'><strong>postquam</strong></span> <span class='ocrx_word' id='word_1_61' title='bbox 1455 1005 1593 1092; x_wconf 91' lang='lat' dir='ltr'><strong>elegerit</strong></span> <span class='ocrx_word' id='word_1_62' title='bbox 1615 1004 1777 1086; x_wconf 90' lang='lat' dir='ltr'><strong>lacrimas,</strong></span> <span class='ocrx_word' id='word_1_63' title='bbox 1806 1005 1848 1070; x_wconf 90' lang='lat' dir='ltr'><strong>de</strong></span> 
     </span>
     <span class='ocr_line' id='line_1_7' title="bbox 193 1106 1849 1194; baseline 0.001 -23"><span class='ocrx_word' id='word_1_64' title='bbox 193 1107 372 1192; x_wconf 77' lang='lat' dir='ltr'><strong>superstite</strong></span> <span class='ocrx_word' id='word_1_65' title='bbox 400 1106 479 1191; x_wconf 92' lang='lat' dir='ltr'><strong>quid</strong></span> <span class='ocrx_word' id='word_1_66' title='bbox 507 1107 662 1192; x_wconf 90' lang='lat' dir='ltr'><strong>requirat.</strong></span> <span class='ocrx_word' id='word_1_67' title='bbox 707 1107 766 1172; x_wconf 90' lang='lat' dir='ltr'><strong>sed</strong></span> <span class='ocrx_word' id='word_1_68' title='bbox 795 1115 916 1174; x_wconf 91' lang='lat' dir='ltr'><strong>metum</strong></span> <span class='ocrx_word' id='word_1_69' title='bbox 947 1108 1043 1173; x_wconf 91' lang='lat' dir='ltr'><strong>nobis</strong></span> <span class='ocrx_word' id='word_1_70' title='bbox 1067 1109 1149 1194; x_wconf 87' lang='lat' dir='ltr'><strong>logis</strong></span> <span class='ocrx_word' id='word_1_71' title='bbox 1174 1108 1320 1172; x_wconf 89' lang='lat' dir='ltr'><strong>obiectat</strong></span> <span class='ocrx_word' id='word_1_72' title='bbox 1344 1115 1389 1189; x_wconf 88' lang='lat' dir='ltr'><strong>et,</strong></span> <span class='ocrx_word' id='word_1_73' title='bbox 1419 1108 1505 1194; x_wconf 92' lang='lat' dir='ltr'><strong>quod</strong></span> <span class='ocrx_word' id='word_1_74' title='bbox 1529 1110 1614 1174; x_wconf 91' lang='lat' dir='ltr'><strong>iuter</strong></span> <span class='ocrx_word' id='word_1_75' title='bbox 1636 1115 1792 1194; x_wconf 89' lang='lat' dir='ltr'><strong>parentes</strong></span> <span class='ocrx_word' id='word_1_76' title='bbox 1815 1115 1849 1174; x_wconf 89' lang='lat' dir='ltr'><strong>ot</strong></span> 
     </span>
     <span class='ocr_line' id='line_1_8' title="bbox 193 1209 1845 1298; baseline 0.001 -23"><span class='ocrx_word' id='word_1_77' title='bbox 193 1209 314 1276; x_wconf 86' lang='lat' dir='ltr'><strong>liberos</strong></span> <span class='ocrx_word' id='word_1_78' title='bbox 348 1211 505 1296; x_wconf 88' lang='lat' dir='ltr'><strong>scriptum</strong></span> <span class='ocrx_word' id='word_1_79' title='bbox 538 1216 605 1290; x_wconf 89' lang='lat' dir='ltr'><strong>cst,</strong></span> <span class='ocrx_word' id='word_1_80' title='bbox 642 1211 704 1275; x_wconf 89' lang='lat' dir='ltr'><strong>sibi</strong></span> <span class='ocrx_word' id='word_1_81' title='bbox 738 1209 852 1278; x_wconf 90' lang='lat' dir='ltr'><strong>deberi</strong></span> <span class='ocrx_word' id='word_1_82' title='bbox 880 1213 949 1276; x_wconf 85' lang='lat' dir='ltr'><strong>vult</strong></span> <span class='ocrx_word' id='word_1_83' title='bbox 983 1211 1038 1296; x_wconf 93' lang='lat' dir='ltr'><strong>qui</strong></span> <span class='ocrx_word' id='word_1_84' title='bbox 1068 1212 1148 1276; x_wconf 87' lang='lat' dir='ltr'><strong>nihil</strong></span> <span class='ocrx_word' id='word_1_85' title='bbox 1184 1212 1335 1276; x_wconf 84' lang='lat' dir='ltr'><strong>exhibuit</strong></span> <span class='ocrx_word' id='word_1_86' title='bbox 1366 1211 1407 1277; x_wconf 89' lang='lat' dir='ltr'><strong>de</strong></span> <span class='ocrx_word' id='word_1_87' title='bbox 1441 1219 1590 1298; x_wconf 88' lang='lat' dir='ltr'><strong>parente.</strong></span> <span class='ocrx_word' id='word_1_88' title='bbox 1642 1213 1845 1277; x_wconf 86' lang='lat' dir='ltr'><strong>voluntatem</strong></span> 
     </span>
     <span class='ocr_line' id='line_1_9' title="bbox 194 1313 1845 1402; baseline 0 -23"><span class='ocrx_word' id='word_1_89' title='bbox 194 1321 348 1393; x_wconf 90' lang='lat' dir='ltr'><strong>nostram,</strong></span> <span class='ocrx_word' id='word_1_90' title='bbox 377 1313 453 1378; x_wconf 87' lang='lat' dir='ltr'><strong>dum</strong></span> <span class='ocrx_word' id='word_1_91' title='bbox 482 1315 639 1399; x_wconf 84' lang='lat' dir='ltr'><strong>cogimur,</strong></span> <span class='ocrx_word' id='word_1_92' title='bbox 668 1316 797 1399; x_wconf 88' lang='lat' dir='ltr'><strong>quaerit</strong></span> <span class='ocrx_word' id='word_1_93' title='bbox 819 1322 852 1380; x_wconf 92' lang='lat' dir='ltr'><strong>et</strong></span> <span class='ocrx_word' id='word_1_94' title='bbox 875 1313 1040 1380; x_wconf 89' lang='lat' dir='ltr'><strong>desiderat</strong></span> <span class='ocrx_word' id='word_1_95' title='bbox 1064 1315 1125 1378; x_wconf 93' lang='lat' dir='ltr'><strong>hoc</strong></span> <span class='ocrx_word' id='word_1_96' title='bbox 1148 1335 1207 1378; x_wconf 88' lang='lat' dir='ltr'><strong>nos</strong></span> <span class='ocrx_word' id='word_1_97' title='bbox 1231 1314 1389 1379; x_wconf 88' lang='lat' dir='ltr'><strong>exhibere</strong></span> <span class='ocrx_word' id='word_1_98' title='bbox 1412 1317 1538 1400; x_wconf 88' lang='lat' dir='ltr'><strong>pietati,</strong></span> <span class='ocrx_word' id='word_1_99' title='bbox 1566 1316 1653 1401; x_wconf 91' lang='lat' dir='ltr'><strong>quod</strong></span> <span class='ocrx_word' id='word_1_100' title='bbox 1676 1316 1747 1402; x_wconf 90' lang='lat' dir='ltr'><strong>ipse</strong></span> <span class='ocrx_word' id='word_1_101' title='bbox 1770 1336 1845 1402; x_wconf 91' lang='lat' dir='ltr'><strong>pro-</strong></span> 
     </span>
     <span class='ocr_line' id='line_1_10' title="bbox 195 1417 1900 1504; baseline 0.001 -22"><span class='ocrx_word' id='word_1_102' title='bbox 195 1419 302 1482; x_wconf 78' lang='lat' dir='ltr'><strong>tessus</strong></span> <span class='ocrx_word' id='word_1_103' title='bbox 333 1424 383 1482; x_wconf 89' lang='lat' dir='ltr'><strong>est</strong></span> <span class='ocrx_word' id='word_1_104' title='bbox 405 1426 621 1483; x_wconf 77' lang='lat' dir='ltr'><strong>excusantem</strong></span> <span class='ocrx_word' id='word_1_105' title='bbox 654 1438 719 1482; x_wconf 93' lang='lat' dir='ltr'><strong>non</strong></span> <span class='ocrx_word' id='word_1_106' title='bbox 748 1439 846 1504; x_wconf 89' lang='lat' dir='ltr'><strong>posse</strong></span> <span class='ocrx_word' id='word_1_107' title='bbox 870 1439 993 1503; x_wconf 89' lang='lat' dir='ltr'><strong>negare</strong></span> <span class='ocrx_word' id='word_1_108' title='bbox 1016 1417 1193 1483; x_wconf 78' lang='lat' dir='ltr'><strong>formidini.</strong></span> <span class='ocrx_word' id='word_1_109' title='bbox 1238 1418 1392 1503; x_wconf 90' lang='lat' dir='ltr'><strong>numquid</strong></span> <span class='ocrx_word' id='word_1_110' title='bbox 1417 1420 1658 1484; x_wconf 84' lang='lat' dir='ltr'><strong>misericordiae</strong></span> <span class='ocrx_word' id='word_1_111' title='bbox 1681 1421 1772 1484; x_wconf 90' lang='lat' dir='ltr'><strong>locus</strong></span> <span class='ocrx_word' id='word_1_112' title='bbox 1795 1427 1846 1484; x_wconf 90' lang='lat' dir='ltr'><strong>est</strong></span> <span class='ocrx_word' id='word_1_113' title='bbox 1861 1417 1900 1478; x_wconf 85' lang='lat'><strong>19</strong></span> 
     </span>
     <span class='ocr_line' id='line_1_11' title="bbox 195 1519 1846 1608; baseline 0.001 -23"><span class='ocrx_word' id='word_1_114' title='bbox 195 1522 251 1586; x_wconf 91' lang='lat' dir='ltr'><strong>ubi</strong></span> <span class='ocrx_word' id='word_1_115' title='bbox 278 1522 380 1586; x_wconf 87' lang='lat' dir='ltr'><strong>instat</strong></span> <span class='ocrx_word' id='word_1_116' title='bbox 406 1521 598 1607; x_wconf 73' lang='lat' dir='ltr'><strong>imperium?</strong></span> <span class='ocrx_word' id='word_1_117' title='bbox 642 1519 729 1606; x_wconf 91' lang='lat' dir='ltr'><strong>quod</strong></span> <span class='ocrx_word' id='word_1_118' title='bbox 753 1541 816 1585; x_wconf 91' lang='lat' dir='ltr'><strong>non</strong></span> <span class='ocrx_word' id='word_1_119' title='bbox 839 1521 917 1586; x_wconf 88' lang='lat' dir='ltr'><strong>licet</strong></span> <span class='ocrx_word' id='word_1_120' title='bbox 939 1521 1104 1600; x_wconf 84' lang='lat' dir='ltr'><strong>subtrahi,</strong></span> <span class='ocrx_word' id='word_1_121' title='bbox 1131 1542 1197 1586; x_wconf 92' lang='lat' dir='ltr'><strong>non</strong></span> <span class='ocrx_word' id='word_1_122' title='bbox 1219 1541 1392 1608; x_wconf 89' lang='lat' dir='ltr'><strong>possumus</strong></span> <span class='ocrx_word' id='word_1_123' title='bbox 1414 1522 1525 1588; x_wconf 89' lang='lat' dir='ltr'><strong>dicere</strong></span> <span class='ocrx_word' id='word_1_124' title='bbox 1548 1523 1746 1588; x_wconf 85' lang='lat' dir='ltr'><strong>liberalitate</strong></span> <span class='ocrx_word' id='word_1_125' title='bbox 1770 1543 1846 1587; x_wconf 92' lang='lat' dir='ltr'><strong>con-</strong></span> 
     </span>
     <span class='ocr_line' id='line_1_12' title="bbox 194 1622 1848 1712; baseline 0.001 -23"><span class='ocrx_word' id='word_1_126' title='bbox 194 1625 283 1690; x_wconf 84' lang='lat' dir='ltr'><strong>ferri.</strong></span> <span class='ocrx_word' id='word_1_127' title='bbox 327 1622 502 1689; x_wconf 87' lang='lat' dir='ltr'><strong>clementia</strong></span> <span class='ocrx_word' id='word_1_128' title='bbox 524 1624 587 1688; x_wconf 88' lang='lat' dir='ltr'><strong>nisi</strong></span> <span class='ocrx_word' id='word_1_129' title='bbox 609 1625 754 1709; x_wconf 89' lang='lat' dir='ltr'><strong>ingenua</strong></span> <span class='ocrx_word' id='word_1_130' title='bbox 775 1646 840 1689; x_wconf 92' lang='lat' dir='ltr'><strong>non</strong></span> <span class='ocrx_word' id='word_1_131' title='bbox 862 1632 1014 1690; x_wconf 83' lang='lat' dir='ltr'><strong>vocatur:</strong></span> <span class='ocrx_word' id='word_1_132' title='bbox 1045 1625 1202 1711; x_wconf 90' lang='lat' dir='ltr'><strong>quidquid</strong></span> <span class='ocrx_word' id='word_1_133' title='bbox 1225 1647 1291 1690; x_wconf 92' lang='lat' dir='ltr'><strong>non</strong></span> <span class='ocrx_word' id='word_1_134' title='bbox 1314 1626 1393 1690; x_wconf 90' lang='lat' dir='ltr'><strong>dare</strong></span> <span class='ocrx_word' id='word_1_135' title='bbox 1416 1628 1598 1712; x_wconf 86' lang='lat' dir='ltr'><strong>praevales,</strong></span> <span class='ocrx_word' id='word_1_136' title='bbox 1622 1626 1848 1690; x_wconf 89' lang='lat' dir='ltr'><strong>intermunus</strong></span> 
     </span>
     <span class='ocr_line' id='line_1_13' title="bbox 195 1725 1848 1814; baseline 0 -20"><span class='ocrx_word' id='word_1_137' title='bbox 195 1733 354 1814; x_wconf 85' lang='lat' dir='ltr'><strong>conputa,</strong></span> <span class='ocrx_word' id='word_1_138' title='bbox 383 1728 412 1791; x_wconf 91' lang='lat' dir='ltr'><strong>si</strong></span> <span class='ocrx_word' id='word_1_139' title='bbox 439 1725 570 1794; x_wconf 87' lang='lat' dir='ltr'><strong>dedisti.</strong></span> <span class='ocrx_word' id='word_1_140' title='bbox 615 1734 649 1792; x_wconf 91' lang='lat' dir='ltr'><strong>at</strong></span> <span class='ocrx_word' id='word_1_141' title='bbox 675 1728 830 1812; x_wconf 88' lang='lat' dir='ltr'><strong>frequens</strong></span> <span class='ocrx_word' id='word_1_142' title='bbox 861 1727 954 1792; x_wconf 93' lang='lat' dir='ltr'><strong>nobis</strong></span> <span class='ocrx_word' id='word_1_143' title='bbox 982 1733 1120 1792; x_wconf 88' lang='lat' dir='ltr'><strong>naturae</strong></span> <span class='ocrx_word' id='word_1_144' title='bbox 1149 1727 1278 1792; x_wconf 89' lang='lat' dir='ltr'><strong>iteratio</strong></span> <span class='ocrx_word' id='word_1_145' title='bbox 1309 1735 1343 1794; x_wconf 92' lang='lat' dir='ltr'><strong>et</strong></span> <span class='ocrx_word' id='word_1_146' title='bbox 1370 1737 1518 1794; x_wconf 90' lang='lat' dir='ltr'><strong>sanctum</strong></span> <span class='ocrx_word' id='word_1_147' title='bbox 1546 1731 1705 1795; x_wconf 90' lang='lat' dir='ltr'><strong>creatoris</strong></span> <span class='ocrx_word' id='word_1_148' title='bbox 1729 1751 1848 1794; x_wconf 90' lang='lat' dir='ltr'><strong>nomen</strong></span> 
     </span>
     <span class='ocr_line' id='line_1_14' title="bbox 194 1830 1848 1918; baseline 0 -22"><span class='ocrx_word' id='word_1_149' title='bbox 194 1831 338 1896; x_wconf 89' lang='lat' dir='ltr'><strong>obsistit:</strong></span> <span class='ocrx_word' id='word_1_150' title='bbox 385 1831 480 1916; x_wconf 86' lang='lat' dir='ltr'><strong>quasi</strong></span> <span class='ocrx_word' id='word_1_151' title='bbox 513 1851 613 1896; x_wconf 86' lang='lat' dir='ltr'><strong>usura</strong></span> <span class='ocrx_word' id='word_1_152' title='bbox 647 1831 730 1895; x_wconf 88' lang='lat' dir='ltr'><strong>lucis</strong></span> <span class='ocrx_word' id='word_1_153' title='bbox 764 1830 848 1896; x_wconf 93' lang='lat' dir='ltr'><strong>dono</strong></span> <span class='ocrx_word' id='word_1_154' title='bbox 881 1837 975 1917; x_wconf 88' lang='lat' dir='ltr'><strong>parta</strong></span> <span class='ocrx_word' id='word_1_155' title='bbox 1008 1833 1198 1897; x_wconf 89' lang='lat' dir='ltr'><strong>caelestium</strong></span> <span class='ocrx_word' id='word_1_156' title='bbox 1233 1833 1320 1898; x_wconf 91' lang='lat' dir='ltr'><strong>inter</strong></span> <span class='ocrx_word' id='word_1_157' title='bbox 1352 1834 1424 1913; x_wconf 89' lang='lat' dir='ltr'><strong>illa,</strong></span> <span class='ocrx_word' id='word_1_158' title='bbox 1465 1854 1548 1918; x_wconf 89' lang='lat' dir='ltr'><strong>quae</strong></span> <span class='ocrx_word' id='word_1_159' title='bbox 1582 1833 1624 1898; x_wconf 91' lang='lat' dir='ltr'><strong>ab</strong></span> <span class='ocrx_word' id='word_1_160' title='bbox 1662 1832 1848 1898; x_wconf 88' lang='lat' dir='ltr'><strong>hominibus</strong></span> 
     </span>
     <span class='ocr_line' id='line_1_15' title="bbox 194 1934 1848 2022; baseline 0 -21"><span class='ocrx_word' id='word_1_161' title='bbox 194 1936 392 2016; x_wconf 85' lang='lat' dir='ltr'><strong>tribuuntur,</strong></span> <span class='ocrx_word' id='word_1_162' title='bbox 425 1935 533 2021; x_wconf 87' lang='lat' dir='ltr'><strong>possit</strong></span> <span class='ocrx_word' id='word_1_163' title='bbox 566 1934 719 2000; x_wconf 90' lang='lat' dir='ltr'><strong>adscribi.</strong></span> <span class='ocrx_word' id='word_1_164' title='bbox 766 1935 974 2020; x_wconf 89' lang='lat' dir='ltr'><strong>sacrilegium</strong></span> <span class='ocrx_word' id='word_1_165' title='bbox 1008 1943 1058 2000; x_wconf 89' lang='lat' dir='ltr'><strong>est</strong></span> <span class='ocrx_word' id='word_1_166' title='bbox 1093 1956 1283 2022; x_wconf 90' lang='lat' dir='ltr'><strong>superorum</strong></span> <span class='ocrx_word' id='word_1_167' title='bbox 1314 1935 1550 2022; x_wconf 89' lang='lat' dir='ltr'><strong>indulgentiam</strong></span> <span class='ocrx_word' id='word_1_168' title='bbox 1582 1957 1693 2002; x_wconf 89' lang='lat' dir='ltr'><strong>semen</strong></span> <span class='ocrx_word' id='word_1_169' title='bbox 1723 1935 1848 2001; x_wconf 83' lang='lat' dir='ltr'><strong>dixisse</strong></span> 
     </span>
    </p>

    <p class='ocr_par' dir='ltr' id='par_1_3' title="bbox 132 2037 1901 2643">
     <span class='ocr_line' id='line_1_16' title="bbox 132 2037 1901 2127; baseline 0.001 -24"><span class='ocrx_word' id='word_1_170' title='bbox 132 2079 137 2091; x_wconf 86' lang='lat'>·</span> <span class='ocrx_word' id='word_1_171' title='bbox 197 2039 393 2105; x_wconf 87' lang='lat' dir='ltr'><strong>mortalium.</strong></span> <span class='ocrx_word' id='word_1_172' title='bbox 438 2037 480 2103; x_wconf 89' lang='lat' dir='ltr'><strong>de</strong></span> <span class='ocrx_word' id='word_1_173' title='bbox 504 2039 574 2102; x_wconf 90' lang='lat' dir='ltr'><strong>sola</strong></span> <span class='ocrx_word' id='word_1_174' title='bbox 601 2037 701 2102; x_wconf 88' lang='lat' dir='ltr'><strong>habet</strong></span> <span class='ocrx_word' id='word_1_175' title='bbox 723 2037 857 2103; x_wconf 89' lang='lat' dir='ltr'><strong>libidine</strong></span> <span class='ocrx_word' id='word_1_176' title='bbox 881 2039 1102 2104; x_wconf 88' lang='lat' dir='ltr'><strong>testimonium</strong></span> <span class='ocrx_word' id='word_1_177' title='bbox 1125 2045 1220 2127; x_wconf 91' lang='lat' dir='ltr'><strong>pater</strong></span> <span class='ocrx_word' id='word_1_178' title='bbox 1243 2039 1396 2105; x_wconf 90' lang='lat' dir='ltr'><strong>crudelis.</strong></span> <span class='ocrx_word' id='word_1_179' title='bbox 1443 2041 1548 2126; x_wconf 89' lang='lat' dir='ltr'><strong>iungit</strong></span> <span class='ocrx_word' id='word_1_180' title='bbox 1570 2041 1670 2105; x_wconf 90' lang='lat' dir='ltr'><strong>etiam</strong></span> <span class='ocrx_word' id='word_1_181' title='bbox 1693 2039 1848 2104; x_wconf 88' lang='lat' dir='ltr'><strong>oneribus</strong></span> <span class='ocrx_word' id='word_1_182' title='bbox 1860 2043 1901 2104; x_wconf 82' lang='grc'><strong>20</strong></span> 
     </span>
     <span class='ocr_line' id='line_1_17' title="bbox 194 2142 1849 2230; baseline -0.001 -22"><span class='ocrx_word' id='word_1_183' title='bbox 194 2144 291 2224; x_wconf 90' lang='lat' dir='ltr'><strong>meis,</strong></span> <span class='ocrx_word' id='word_1_184' title='bbox 326 2142 403 2208; x_wconf 92' lang='lat' dir='ltr'><strong>dum</strong></span> <span class='ocrx_word' id='word_1_185' title='bbox 433 2143 576 2228; x_wconf 87' lang='lat' dir='ltr'><strong>reposcit</strong></span> <span class='ocrx_word' id='word_1_186' title='bbox 608 2143 731 2207; x_wconf 89' lang='lat' dir='ltr'><strong>solacia</strong></span> <span class='ocrx_word' id='word_1_187' title='bbox 759 2142 922 2222; x_wconf 88' lang='lat' dir='ltr'><strong>destituti,</strong></span> <span class='ocrx_word' id='word_1_188' title='bbox 958 2142 1070 2208; x_wconf 91' lang='lat' dir='ltr'><strong>dicens</strong></span> <span class='ocrx_word' id='word_1_189' title='bbox 1102 2144 1164 2208; x_wconf 88' lang='lat' dir='ltr'><strong>sibi</strong></span> <span class='ocrx_word' id='word_1_190' title='bbox 1197 2144 1362 2208; x_wconf 85' lang='lat' dir='ltr'><strong>civitatem</strong></span> <span class='ocrx_word' id='word_1_191' title='bbox 1394 2143 1543 2230; x_wconf 90' lang='lat' dir='ltr'><strong>potuisse</strong></span> <span class='ocrx_word' id='word_1_192' title='bbox 1574 2163 1782 2222; x_wconf 88' lang='lat' dir='ltr'><strong>succurrere,</strong></span> <span class='ocrx_word' id='word_1_193' title='bbox 1817 2143 1849 2206; x_wconf 92' lang='lat' dir='ltr'><strong>ni</strong></span> 
     </span>
     <span class='ocr_line' id='line_1_18' title="bbox 193 2244 1850 2334; baseline -0.002 -22"><span class='ocrx_word' id='word_1_194' title='bbox 193 2247 363 2313; x_wconf 88' lang='lat' dir='ltr'><strong>redissem.</strong></span> <span class='ocrx_word' id='word_1_195' title='bbox 408 2244 487 2332; x_wconf 92' lang='lat' dir='ltr'><strong>quid</strong></span> <span class='ocrx_word' id='word_1_196' title='bbox 508 2245 598 2310; x_wconf 88' lang='lat' dir='ltr'><strong>aliud</strong></span> <span class='ocrx_word' id='word_1_197' title='bbox 621 2246 772 2311; x_wconf 83' lang='lat' dir='ltr'><strong>voluntas</strong></span> <span class='ocrx_word' id='word_1_198' title='bbox 795 2247 861 2311; x_wconf 89' lang='lat' dir='ltr'><strong>ista</strong></span> <span class='ocrx_word' id='word_1_199' title='bbox 882 2246 1083 2327; x_wconf 78' lang='lat' dir='ltr'><strong>manifestat,</strong></span> <span class='ocrx_word' id='word_1_200' title='bbox 1112 2247 1175 2311; x_wconf 91' lang='lat' dir='ltr'><strong>nisi</strong></span> <span class='ocrx_word' id='word_1_201' title='bbox 1197 2253 1234 2310; x_wconf 92' lang='lat' dir='ltr'><strong>ut</strong></span> <span class='ocrx_word' id='word_1_202' title='bbox 1257 2267 1368 2312; x_wconf 88' lang='lat' dir='ltr'><strong>rursus</strong></span> <span class='ocrx_word' id='word_1_203' title='bbox 1393 2267 1445 2311; x_wconf 92' lang='lat' dir='ltr'><strong>me</strong></span> <span class='ocrx_word' id='word_1_204' title='bbox 1468 2247 1576 2334; x_wconf 89' lang='lat' dir='ltr'><strong>pirata</strong></span> <span class='ocrx_word' id='word_1_205' title='bbox 1599 2247 1776 2332; x_wconf 76' lang='lat' dir='ltr'><strong>suscipiat?</strong></span> <span class='ocrx_word' id='word_1_206' title='bbox 1822 2245 1850 2310; x_wconf 91' lang='lat' dir='ltr'><strong>si</strong></span> 
     </span>
     <span class='ocr_line' id='line_1_19' title="bbox 195 2349 1848 2437; baseline -0.001 -23"><span class='ocrx_word' id='word_1_207' title='bbox 195 2350 304 2436; x_wconf 83' lang='lat' dir='ltr'><strong>gravis</strong></span> <span class='ocrx_word' id='word_1_208' title='bbox 332 2357 386 2416; x_wconf 86' lang='lat' dir='ltr'><strong>est</strong></span> <span class='ocrx_word' id='word_1_209' title='bbox 414 2350 560 2436; x_wconf 87' lang='lat' dir='ltr'><strong>inempta</strong></span> <span class='ocrx_word' id='word_1_210' title='bbox 587 2350 668 2414; x_wconf 91' lang='lat' dir='ltr'><strong>visio</strong></span> <span class='ocrx_word' id='word_1_211' title='bbox 696 2350 799 2437; x_wconf 89' lang='lat' dir='ltr'><strong>prolis</strong></span> <span class='ocrx_word' id='word_1_212' title='bbox 826 2356 918 2430; x_wconf 89' lang='lat' dir='ltr'><strong>tuae,</strong></span> <span class='ocrx_word' id='word_1_213' title='bbox 951 2356 1041 2416; x_wconf 88' lang='lat' dir='ltr'><strong>certe</strong></span> <span class='ocrx_word' id='word_1_214' title='bbox 1066 2351 1118 2416; x_wconf 79' lang='lat' dir='ltr'><strong>rel</strong></span> <span class='ocrx_word' id='word_1_215' title='bbox 1146 2349 1233 2435; x_wconf 91' lang='lat' dir='ltr'><strong>quod</strong></span> <span class='ocrx_word' id='word_1_216' title='bbox 1258 2350 1345 2415; x_wconf 88' lang='lat' dir='ltr'><strong>soles</strong></span> <span class='ocrx_word' id='word_1_217' title='bbox 1370 2371 1490 2436; x_wconf 90' lang='lat' dir='ltr'><strong>magno</strong></span> <span class='ocrx_word' id='word_1_218' title='bbox 1513 2371 1709 2436; x_wconf 89' lang='lat' dir='ltr'><strong>conparare,</strong></span> <span class='ocrx_word' id='word_1_219' title='bbox 1740 2369 1848 2414; x_wconf 91' lang='lat' dir='ltr'><strong>meum</strong></span> 
     </span>
     <span class='ocr_line' id='line_1_20' title="bbox 196 2451 1848 2540; baseline -0.002 -22"><span class='ocrx_word' id='word_1_220' title='bbox 196 2454 327 2520; x_wconf 87' lang='lat' dir='ltr'><strong>bustum</strong></span> <span class='ocrx_word' id='word_1_221' title='bbox 351 2454 421 2518; x_wconf 90' lang='lat' dir='ltr'><strong>sine</strong></span> <span class='ocrx_word' id='word_1_222' title='bbox 444 2453 551 2540; x_wconf 91' lang='lat' dir='ltr'><strong>pretio</strong></span> <span class='ocrx_word' id='word_1_223' title='bbox 575 2451 774 2540; x_wconf 88' lang='lat' dir='ltr'><strong>possidebis:</strong></span> <span class='ocrx_word' id='word_1_224' title='bbox 799 2458 891 2518; x_wconf 89' lang='lat' dir='ltr'><strong>aetas</strong></span> <span class='ocrx_word' id='word_1_225' title='bbox 914 2452 1045 2538; x_wconf 91' lang='lat' dir='ltr'><strong>quidem</strong></span> <span class='ocrx_word' id='word_1_226' title='bbox 1068 2452 1242 2539; x_wconf 91' lang='lat' dir='ltr'><strong>pollicetur</strong></span> <span class='ocrx_word' id='word_1_227' title='bbox 1258 2452 1368 2531; x_wconf 82' lang='lat' dir='ltr'><strong>vitam,</strong></span> <span class='ocrx_word' id='word_1_228' title='bbox 1392 2453 1450 2519; x_wconf 92' lang='lat' dir='ltr'><strong>sed</strong></span> <span class='ocrx_word' id='word_1_229' title='bbox 1466 2459 1705 2519; x_wconf 89' lang='lat' dir='ltr'><strong>tormentorum</strong></span> <span class='ocrx_word' id='word_1_230' title='bbox 1721 2453 1848 2538; x_wconf 92' lang='lat' dir='ltr'><strong>magni-</strong></span> 
     </span>
     <span class='ocr_line' id='line_1_21' title="bbox 196 2556 1364 2643; baseline -0.003 -19"><span class='ocrx_word' id='word_1_231' title='bbox 196 2558 284 2636; x_wconf 91' lang='lat' dir='ltr'><strong>tudo,</strong></span> <span class='ocrx_word' id='word_1_232' title='bbox 308 2577 406 2642; x_wconf 90' lang='lat' dir='ltr'><strong>quam</strong></span> <span class='ocrx_word' id='word_1_233' title='bbox 429 2557 630 2624; x_wconf 86' lang='lat' dir='ltr'><strong>acerbiorem</strong></span> <span class='ocrx_word' id='word_1_234' title='bbox 654 2563 687 2622; x_wconf 90' lang='lat' dir='ltr'><strong>te</strong></span> <span class='ocrx_word' id='word_1_235' title='bbox 710 2557 859 2642; x_wconf 89' lang='lat' dir='ltr'><strong>digresso</strong></span> <span class='ocrx_word' id='word_1_236' title='bbox 882 2556 1013 2643; x_wconf 89' lang='lat' dir='ltr'><strong>pertuli,</strong></span> <span class='ocrx_word' id='word_1_237' title='bbox 1036 2557 1197 2642; x_wconf 91' lang='lat' dir='ltr'><strong>promittit</strong></span> <span class='ocrx_word' id='word_1_238' title='bbox 1218 2558 1364 2622; x_wconf 89' lang='lat' dir='ltr'><strong>exitium.</strong></span> 
     </span>
    </p>
   </div>
   <div class='ocr_carea' id='block_1_3' title="bbox 908 2743 1137 2810">
    <p class='ocr_par' dir='ltr' id='par_1_4' title="bbox 908 2743 1137 2810">
     <span class='ocr_line' id='line_1_22' title="bbox 908 2743 1137 2810; baseline -0.004 0"><span class='ocrx_word' id='word_1_239' title='bbox 908 2743 1137 2810; x_wconf 80' lang='lat' dir='ltr'><strong>EXEMPLA.</strong></span> 
     </span>
    </p>
   </div>
   <div class='ocr_carea' id='block_1_4' title="bbox 119 2881 1909 4938">
    <p class='ocr_par' dir='ltr' id='par_1_5' title="bbox 119 2881 1909 4938">
     <span class='ocr_line' id='line_1_23' title="bbox 304 2881 1901 2970; baseline -0.004 -21"><span class='ocrx_word' id='word_1_240' title='bbox 304 2883 433 2949; x_wconf 92' lang='lat' dir='ltr'><strong>Deinde</strong></span> <span class='ocrx_word' id='word_1_241' title='bbox 455 2885 621 2970; x_wconf 89' lang='lat' dir='ltr'><strong>protulisti</strong></span> <span class='ocrx_word' id='word_1_242' title='bbox 644 2885 797 2970; x_wconf 87' lang='lat' dir='ltr'><strong>exempla</strong></span> <span class='ocrx_word' id='word_1_243' title='bbox 819 2889 956 2969; x_wconf 88' lang='lat' dir='ltr'><strong>paterno</strong></span> <span class='ocrx_word' id='word_1_244' title='bbox 981 2881 1079 2968; x_wconf 91' lang='lat' dir='ltr'><strong>digna</strong></span> <span class='ocrx_word' id='word_1_245' title='bbox 1101 2885 1282 2970; x_wconf 87' lang='lat' dir='ltr'><strong>proposito:</strong></span> <span class='ocrx_word' id='word_1_246' title='bbox 1307 2883 1366 2947; x_wconf 88' lang='lat' dir='ltr'><strong>sed</strong></span> <span class='ocrx_word' id='word_1_247' title='bbox 1389 2884 1659 2969; x_wconf 86' lang='lat' dir='ltr'><strong>interpretatione</strong></span> <span class='ocrx_word' id='word_1_248' title='bbox 1676 2883 1850 2962; x_wconf 90' lang='lat' dir='ltr'><strong>viluerunt,</strong></span> <span class='ocrx_word' id='word_1_249' title='bbox 1863 2882 1901 2942; x_wconf 80' lang='lat'><strong>21</strong></span> 
     </span>
     <span class='ocr_line' id='line_1_24' title="bbox 197 2986 1849 3075; baseline -0.002 -22"><span class='ocrx_word' id='word_1_250' title='bbox 197 2989 290 3075; x_wconf 90' lang='lat' dir='ltr'><strong>quasi</strong></span> <span class='ocrx_word' id='word_1_251' title='bbox 320 2993 412 3053; x_wconf 90' lang='lat' dir='ltr'><strong>aetas</strong></span> <span class='ocrx_word' id='word_1_252' title='bbox 442 3009 525 3053; x_wconf 86' lang='lat' dir='ltr'><strong>caua</strong></span> <span class='ocrx_word' id='word_1_253' title='bbox 552 2986 724 3054; x_wconf 88' lang='lat' dir='ltr'><strong>desideriis</strong></span> <span class='ocrx_word' id='word_1_254' title='bbox 752 2989 817 3053; x_wconf 88' lang='lat' dir='ltr'><strong>tuis</strong></span> <span class='ocrx_word' id='word_1_255' title='bbox 845 2987 982 3052; x_wconf 81' lang='lat' dir='ltr'><strong>somnam</strong></span> <span class='ocrx_word' id='word_1_256' title='bbox 1011 2995 1044 3051; x_wconf 91' lang='lat' dir='ltr'><strong>et</strong></span> <span class='ocrx_word' id='word_1_257' title='bbox 1073 3006 1138 3052; x_wconf 91' lang='lat' dir='ltr'><strong>non</strong></span> <span class='ocrx_word' id='word_1_258' title='bbox 1167 2988 1384 3053; x_wconf 86' lang='lat' dir='ltr'><strong>imitationem</strong></span> <span class='ocrx_word' id='word_1_259' title='bbox 1416 2988 1537 3052; x_wconf 86' lang='lat' dir='ltr'><strong>sanctis</strong></span> <span class='ocrx_word' id='word_1_260' title='bbox 1568 2987 1771 3073; x_wconf 86' lang='lat' dir='ltr'><strong>praestiterit</strong></span> <span class='ocrx_word' id='word_1_261' title='bbox 1799 2986 1849 3049; x_wconf 92' lang='lat' dir='ltr'><strong>in-</strong></span> 
     </span>
     <span class='ocr_line' id='line_1_25' title="bbox 197 3089 1851 3178; baseline -0.004 -21"><span class='ocrx_word' id='word_1_262' title='bbox 197 3092 330 3157; x_wconf 88' lang='lat' dir='ltr'><strong>stitutis.</strong></span> <span class='ocrx_word' id='word_1_263' title='bbox 387 3091 465 3176; x_wconf 90' lang='lat' dir='ltr'><strong>quid</strong></span> <span class='ocrx_word' id='word_1_264' title='bbox 506 3093 616 3178; x_wconf 88' lang='lat' dir='ltr'><strong>magni</strong></span> <span class='ocrx_word' id='word_1_265' title='bbox 648 3091 784 3157; x_wconf 81' lang='lat' dir='ltr'><strong>Aeneae</strong></span> <span class='ocrx_word' id='word_1_266' title='bbox 823 3091 927 3156; x_wconf 88' lang='lat' dir='ltr'><strong>umeri</strong></span> <span class='ocrx_word' id='word_1_267' title='bbox 962 3089 1115 3176; x_wconf 90' lang='lat' dir='ltr'><strong>ponderis</strong></span> <span class='ocrx_word' id='word_1_268' title='bbox 1151 3090 1193 3156; x_wconf 92' lang='lat' dir='ltr'><strong>de</strong></span> <span class='ocrx_word' id='word_1_269' title='bbox 1230 3090 1387 3155; x_wconf 90' lang='lat' dir='ltr'><strong>creatoris</strong></span> <span class='ocrx_word' id='word_1_270' title='bbox 1425 3091 1515 3155; x_wconf 87' lang='lat' dir='ltr'><strong>fasce</strong></span> <span class='ocrx_word' id='word_1_271' title='bbox 1550 3095 1741 3155; x_wconf 83' lang='lat' dir='ltr'><strong>senserunt?</strong></span> <span class='ocrx_word' id='word_1_272' title='bbox 1795 3096 1851 3152; x_wconf 89' lang='lat' dir='ltr'><strong>aut</strong></span> 
     </span>
     <span class='ocr_line' id='line_1_26' title="bbox 197 3179 1850 3282; baseline -0.002 -23"><span class='ocrx_word' id='word_1_273' title='bbox 197 3195 317 3281; x_wconf 88' lang='lat' dir='ltr'><strong>pressit</strong></span> <span class='ocrx_word' id='word_1_274' title='bbox 344 3179 448 3260; x_wconf 89' lang='lat' dir='ltr'><strong>lilium</strong></span> <span class='ocrx_word' id='word_1_275' title='bbox 476 3215 626 3281; x_wconf 90' lang='lat' dir='ltr'><strong>corpore,</strong></span> <span class='ocrx_word' id='word_1_276' title='bbox 657 3195 749 3260; x_wconf 90' lang='lat' dir='ltr'><strong>cuius</strong></span> <span class='ocrx_word' id='word_1_277' title='bbox 773 3195 844 3282; x_wconf 89' lang='lat' dir='ltr'><strong>ipse</strong></span> <span class='ocrx_word' id='word_1_278' title='bbox 868 3194 930 3258; x_wconf 86' lang='lat' dir='ltr'><strong>fuit</strong></span> <span class='ocrx_word' id='word_1_279' title='bbox 952 3215 1050 3281; x_wconf 90' lang='lat' dir='ltr'><strong>saepe</strong></span> <span class='ocrx_word' id='word_1_280' title='bbox 1074 3194 1204 3259; x_wconf 89' lang='lat' dir='ltr'><strong>baiulus</strong></span> <span class='ocrx_word' id='word_1_281' title='bbox 1228 3195 1378 3258; x_wconf 82' lang='lat' dir='ltr'><strong>actione?</strong></span> <span class='ocrx_word' id='word_1_282' title='bbox 1423 3195 1473 3258; x_wconf 85' lang='lat' dir='ltr'><strong>vis</strong></span> <span class='ocrx_word' id='word_1_283' title='bbox 1497 3194 1580 3259; x_wconf 90' lang='lat' dir='ltr'><strong>scire</strong></span> <span class='ocrx_word' id='word_1_284' title='bbox 1604 3193 1680 3278; x_wconf 91' lang='lat' dir='ltr'><strong>quia</strong></span> <span class='ocrx_word' id='word_1_285' title='bbox 1704 3193 1787 3278; x_wconf 91' lang='lat' dir='ltr'><strong>eripi</strong></span> <span class='ocrx_word' id='word_1_286' title='bbox 1809 3192 1850 3256; x_wconf 88' lang='lat' dir='ltr'><strong>dc</strong></span> 
     </span>
     <span class='ocr_line' id='line_1_27' title="bbox 195 3295 1905 3384; baseline -0.004 -22"><span class='ocrx_word' id='word_1_287' title='bbox 195 3298 343 3363; x_wconf 90' lang='lat' dir='ltr'><strong>hostibus</strong></span> <span class='ocrx_word' id='word_1_288' title='bbox 374 3299 513 3384; x_wconf 80' lang='lat' dir='ltr'><strong>meruit?</strong></span> <span class='ocrx_word' id='word_1_289' title='bbox 557 3305 634 3364; x_wconf 91' lang='lat' dir='ltr'><strong>ante</strong></span> <span class='ocrx_word' id='word_1_290' title='bbox 666 3300 779 3364; x_wconf 89' lang='lat' dir='ltr'><strong>oculos</strong></span> <span class='ocrx_word' id='word_1_291' title='bbox 809 3299 950 3362; x_wconf 90' lang='lat' dir='ltr'><strong>locatum</strong></span> <span class='ocrx_word' id='word_1_292' title='bbox 981 3304 1044 3378; x_wconf 90' lang='lat' dir='ltr'><strong>est,</strong></span> <span class='ocrx_word' id='word_1_293' title='bbox 1078 3297 1165 3382; x_wconf 93' lang='lat' dir='ltr'><strong>quod</strong></span> <span class='ocrx_word' id='word_1_294' title='bbox 1196 3298 1314 3378; x_wconf 93' lang='lat' dir='ltr'><strong>noluit,</strong></span> <span class='ocrx_word' id='word_1_295' title='bbox 1347 3318 1388 3362; x_wconf 89' lang='lat' dir='ltr'><strong>ne</strong></span> <span class='ocrx_word' id='word_1_296' title='bbox 1420 3301 1587 3383; x_wconf 86' lang='lat' dir='ltr'><strong>gravaret,</strong></span> <span class='ocrx_word' id='word_1_297' title='bbox 1622 3295 1760 3361; x_wconf 86' lang='lat' dir='ltr'><strong>credens</strong></span> <span class='ocrx_word' id='word_1_298' title='bbox 1787 3295 1905 3360; x_wconf 79' lang='lat' dir='ltr'><strong>sibi22</strong></span> 
     </span>
     <span class='ocr_line' id='line_1_28' title="bbox 196 3401 1852 3488; baseline -0.002 -22"><span class='ocrx_word' id='word_1_299' title='bbox 196 3403 401 3488; x_wconf 89' lang='lat' dir='ltr'><strong>sepulturam</strong></span> <span class='ocrx_word' id='word_1_300' title='bbox 423 3401 667 3488; x_wconf 86' lang='lat' dir='ltr'><strong>procumbentis</strong></span> <span class='ocrx_word' id='word_1_301' title='bbox 690 3401 731 3466; x_wconf 93' lang='lat' dir='ltr'><strong>Ili</strong></span> <span class='ocrx_word' id='word_1_302' title='bbox 754 3401 849 3466; x_wconf 87' lang='lat' dir='ltr'><strong>ruina</strong></span> <span class='ocrx_word' id='word_1_303' title='bbox 870 3401 1042 3487; x_wconf 87' lang='lat' dir='ltr'><strong>praestari,</strong></span> <span class='ocrx_word' id='word_1_304' title='bbox 1067 3407 1100 3466; x_wconf 91' lang='lat' dir='ltr'><strong>et</strong></span> <span class='ocrx_word' id='word_1_305' title='bbox 1122 3423 1163 3466; x_wconf 90' lang='lat' dir='ltr'><strong>ne</strong></span> <span class='ocrx_word' id='word_1_306' title='bbox 1187 3401 1421 3488; x_wconf 87' lang='lat' dir='ltr'><strong>procedentem</strong></span> <span class='ocrx_word' id='word_1_307' title='bbox 1445 3408 1558 3467; x_wconf 91' lang='lat' dir='ltr'><strong>uatum</strong></span> <span class='ocrx_word' id='word_1_308' title='bbox 1581 3402 1649 3466; x_wconf 86' lang='lat' dir='ltr'><strong>vita</strong></span> <span class='ocrx_word' id='word_1_309' title='bbox 1671 3401 1852 3485; x_wconf 84' lang='lat' dir='ltr'><strong>digniorem</strong></span> 
     </span>
     <span class='ocr_line' id='line_1_29' title="bbox 197 3503 1853 3591; baseline -0.001 -22"><span class='ocrx_word' id='word_1_310' title='bbox 197 3505 315 3572; x_wconf 88' lang='lat' dir='ltr'><strong>senilia</strong></span> <span class='ocrx_word' id='word_1_311' title='bbox 343 3505 490 3571; x_wconf 88' lang='lat' dir='ltr'><strong>membra</strong></span> <span class='ocrx_word' id='word_1_312' title='bbox 520 3507 715 3586; x_wconf 86' lang='lat' dir='ltr'><strong>retinerent,</strong></span> <span class='ocrx_word' id='word_1_313' title='bbox 747 3525 899 3570; x_wconf 90' lang='lat' dir='ltr'><strong>occasum</strong></span> <span class='ocrx_word' id='word_1_314' title='bbox 929 3505 1070 3570; x_wconf 78' lang='lat' dir='ltr'><strong>civitatis</strong></span> <span class='ocrx_word' id='word_1_315' title='bbox 1100 3504 1185 3570; x_wconf 83' lang='lat' dir='ltr'><strong>dixit</strong></span> <span class='ocrx_word' id='word_1_316' title='bbox 1214 3506 1293 3570; x_wconf 90' lang='lat' dir='ltr'><strong>satis</strong></span> <span class='ocrx_word' id='word_1_317' title='bbox 1317 3526 1391 3570; x_wconf 88' lang='lat' dir='ltr'><strong>esse</strong></span> <span class='ocrx_word' id='word_1_318' title='bbox 1414 3526 1472 3591; x_wconf 93' lang='lat' dir='ltr'><strong>pro</strong></span> <span class='ocrx_word' id='word_1_319' title='bbox 1496 3505 1632 3569; x_wconf 90' lang='lat' dir='ltr'><strong>tumulo.</strong></span> <span class='ocrx_word' id='word_1_320' title='bbox 1678 3503 1734 3568; x_wconf 91' lang='lat' dir='ltr'><strong>ille</strong></span> <span class='ocrx_word' id='word_1_321' title='bbox 1758 3523 1853 3589; x_wconf 90' lang='lat' dir='ltr'><strong>prae·</strong></span> 
     </span>
     <span class='ocr_line' id='line_1_30' title="bbox 197 3605 1854 3695; baseline -0.002 -20"><span class='ocrx_word' id='word_1_322' title='bbox 197 3609 337 3675; x_wconf 92' lang='lat' dir='ltr'><strong>donibus</strong></span> <span class='ocrx_word' id='word_1_323' title='bbox 365 3607 526 3675; x_wconf 86' lang='lat' dir='ltr'><strong>evadente</strong></span> <span class='ocrx_word' id='word_1_324' title='bbox 555 3609 622 3674; x_wconf 84' lang='lat' dir='ltr'><strong>filio</strong></span> <span class='ocrx_word' id='word_1_325' title='bbox 650 3629 821 3675; x_wconf 89' lang='lat' dir='ltr'><strong>remanere</strong></span> <span class='ocrx_word' id='word_1_326' title='bbox 844 3607 963 3672; x_wconf 81' lang='lat' dir='ltr'><strong>voluit:</strong></span> <span class='ocrx_word' id='word_1_327' title='bbox 997 3609 1149 3674; x_wconf 88' lang='lat' dir='ltr'><strong>remeasti</strong></span> <span class='ocrx_word' id='word_1_328' title='bbox 1175 3609 1215 3674; x_wconf 89' lang='lat' dir='ltr'><strong>ad</strong></span> <span class='ocrx_word' id='word_1_329' title='bbox 1239 3609 1379 3695; x_wconf 88' lang='lat' dir='ltr'><strong>patriam</strong></span> <span class='ocrx_word' id='word_1_330' title='bbox 1401 3616 1437 3673; x_wconf 90' lang='lat' dir='ltr'><strong>tu</strong></span> <span class='ocrx_word' id='word_1_331' title='bbox 1461 3609 1585 3673; x_wconf 90' lang='lat' dir='ltr'><strong>relicto.</strong></span> <span class='ocrx_word' id='word_1_332' title='bbox 1631 3605 1708 3694; x_wconf 92' lang='lat' dir='ltr'><strong>quid</strong></span> <span class='ocrx_word' id='word_1_333' title='bbox 1732 3605 1854 3672; x_wconf 88' lang='lat' dir='ltr'><strong>nobilia</strong></span> 
     </span>
     <span class='ocr_line' id='line_1_31' title="bbox 200 3709 1851 3799; baseline -0.003 -21"><span class='ocrx_word' id='word_1_334' title='bbox 200 3713 362 3799; x_wconf 84' lang='lat' dir='ltr'><strong>Scipionis</strong></span> <span class='ocrx_word' id='word_1_335' title='bbox 384 3732 444 3798; x_wconf 88' lang='lat' dir='ltr'><strong>pro</strong></span> <span class='ocrx_word' id='word_1_336' title='bbox 468 3712 616 3798; x_wconf 88' lang='lat' dir='ltr'><strong>genitore</strong></span> <span class='ocrx_word' id='word_1_337' title='bbox 640 3731 699 3775; x_wconf 91' lang='lat' dir='ltr'><strong>suo</strong></span> <span class='ocrx_word' id='word_1_338' title='bbox 723 3711 810 3777; x_wconf 85' lang='lat' dir='ltr'><strong>lacta</strong></span> <span class='ocrx_word' id='word_1_339' title='bbox 833 3719 1087 3777; x_wconf 87' lang='lat' dir='ltr'><strong>commemoras?</strong></span> <span class='ocrx_word' id='word_1_340' title='bbox 1123 3713 1177 3778; x_wconf 91' lang='lat' dir='ltr'><strong>ille</strong></span> <span class='ocrx_word' id='word_1_341' title='bbox 1201 3734 1260 3799; x_wconf 95' lang='lat' dir='ltr'><strong>pro</strong></span> <span class='ocrx_word' id='word_1_342' title='bbox 1284 3717 1417 3776; x_wconf 90' lang='lat' dir='ltr'><strong>auctore</strong></span> <span class='ocrx_word' id='word_1_343' title='bbox 1443 3711 1556 3777; x_wconf 89' lang='lat' dir='ltr'><strong>sedulo</strong></span> <span class='ocrx_word' id='word_1_344' title='bbox 1573 3711 1650 3776; x_wconf 92' lang='lat' dir='ltr'><strong>dum</strong></span> <span class='ocrx_word' id='word_1_345' title='bbox 1672 3731 1707 3775; x_wconf 87' lang='lat' dir='ltr'><strong>se</strong></span> <span class='ocrx_word' id='word_1_346' title='bbox 1724 3709 1851 3797; x_wconf 88' lang='lat' dir='ltr'><strong>optulit,</strong></span> 
     </span>
     <span class='ocr_line' id='line_1_32' title="bbox 198 3814 1906 3903; baseline -0.003 -22"><span class='ocrx_word' id='word_1_347' title='bbox 198 3823 303 3882; x_wconf 88' lang='lat' dir='ltr'><strong>totum</strong></span> <span class='ocrx_word' id='word_1_348' title='bbox 325 3814 426 3896; x_wconf 89' lang='lat' dir='ltr'><strong>dedit,</strong></span> <span class='ocrx_word' id='word_1_349' title='bbox 451 3814 597 3880; x_wconf 92' lang='lat' dir='ltr'><strong>sednon</strong></span> <span class='ocrx_word' id='word_1_350' title='bbox 620 3815 824 3901; x_wconf 88' lang='lat' dir='ltr'><strong>consumpsit</strong></span> <span class='ocrx_word' id='word_1_351' title='bbox 846 3816 1000 3882; x_wconf 86' lang='lat' dir='ltr'><strong>universa</strong></span> <span class='ocrx_word' id='word_1_352' title='bbox 1023 3839 1107 3903; x_wconf 88' lang='lat' dir='ltr'><strong>quae</strong></span> <span class='ocrx_word' id='word_1_353' title='bbox 1131 3817 1254 3884; x_wconf 91' lang='lat' dir='ltr'><strong>debuit.</strong></span> <span class='ocrx_word' id='word_1_354' title='bbox 1292 3839 1423 3903; x_wconf 89' lang='lat' dir='ltr'><strong>semper</strong></span> <span class='ocrx_word' id='word_1_355' title='bbox 1445 3823 1596 3882; x_wconf 89' lang='lat' dir='ltr'><strong>votorum</strong></span> <span class='ocrx_word' id='word_1_356' title='bbox 1619 3817 1777 3881; x_wconf 92' lang='lat' dir='ltr'><strong>bonorum</strong></span> <span class='ocrx_word' id='word_1_357' title='bbox 1802 3815 1906 3879; x_wconf 76' lang='lat' dir='ltr'><strong>est23</strong></span> 
     </span>
     <span class='ocr_line' id='line_1_33' title="bbox 119 3917 1852 4008; baseline -0.002 -23"><span class='ocrx_word' id='word_1_358' title='bbox 119 3933 122 3942; x_wconf 86' lang='grc'>·</span> <span class='ocrx_word' id='word_1_359' title='bbox 199 3940 299 3985; x_wconf 88' lang='lat' dir='ltr'><strong>causa</strong></span> <span class='ocrx_word' id='word_1_360' title='bbox 338 3918 515 3984; x_wconf 87' lang='lat' dir='ltr'><strong>consimilis</strong></span> <span class='ocrx_word' id='word_1_361' title='bbox 553 3939 615 3984; x_wconf 90' lang='lat' dir='ltr'><strong>noc</strong></span> <span class='ocrx_word' id='word_1_362' title='bbox 650 3918 792 3984; x_wconf 85' lang='lat' dir='ltr'><strong>discreta</strong></span> <span class='ocrx_word' id='word_1_363' title='bbox 826 3925 902 3984; x_wconf 90' lang='lat' dir='ltr'><strong>sunt</strong></span> <span class='ocrx_word' id='word_1_364' title='bbox 935 3918 1043 3986; x_wconf 90' lang='lat' dir='ltr'><strong>studia</strong></span> <span class='ocrx_word' id='word_1_365' title='bbox 1075 3920 1299 4008; x_wconf 86' lang='lat' dir='ltr'><strong>benignitatis.</strong></span> <span class='ocrx_word' id='word_1_366' title='bbox 1354 3921 1557 4007; x_wconf 88' lang='lat' dir='ltr'><strong>pronuntiat,</strong></span> <span class='ocrx_word' id='word_1_367' title='bbox 1598 3919 1675 4007; x_wconf 94' lang='lat' dir='ltr'><strong>quid</strong></span> <span class='ocrx_word' id='word_1_368' title='bbox 1710 3918 1751 3984; x_wconf 89' lang='lat' dir='ltr'><strong>de</strong></span> <span class='ocrx_word' id='word_1_369' title='bbox 1785 3917 1852 3982; x_wconf 88' lang='lat' dir='ltr'><strong>filio</strong></span> 
     </span>
     <span class='ocr_line' id='line_1_34' title="bbox 199 4021 1854 4109; baseline -0.002 -21"><span class='ocrx_word' id='word_1_370' title='bbox 199 4028 374 4101; x_wconf 88' lang='lat' dir='ltr'><strong>mereatur,</strong></span> <span class='ocrx_word' id='word_1_371' title='bbox 397 4024 452 4109; x_wconf 91' lang='lat' dir='ltr'><strong>qui</strong></span> <span class='ocrx_word' id='word_1_372' title='bbox 475 4043 550 4088; x_wconf 88' lang='lat' dir='ltr'><strong>eum</strong></span> <span class='ocrx_word' id='word_1_373' title='bbox 573 4022 614 4087; x_wconf 92' lang='lat' dir='ltr'><strong>ad</strong></span> <span class='ocrx_word' id='word_1_374' title='bbox 638 4022 747 4087; x_wconf 84' lang='lat' dir='ltr'><strong>officia</strong></span> <span class='ocrx_word' id='word_1_375' title='bbox 770 4027 908 4087; x_wconf 88' lang='lat' dir='ltr'><strong>naturae</strong></span> <span class='ocrx_word' id='word_1_376' title='bbox 931 4022 995 4087; x_wconf 91' lang='lat' dir='ltr'><strong>nisi</strong></span> <span class='ocrx_word' id='word_1_377' title='bbox 1018 4031 1167 4088; x_wconf 84' lang='lat' dir='ltr'><strong>coactum</strong></span> <span class='ocrx_word' id='word_1_378' title='bbox 1190 4024 1344 4089; x_wconf 90' lang='lat' dir='ltr'><strong>aestimat</strong></span> <span class='ocrx_word' id='word_1_379' title='bbox 1367 4045 1431 4088; x_wconf 93' lang='lat' dir='ltr'><strong>non</strong></span> <span class='ocrx_word' id='word_1_380' title='bbox 1453 4023 1576 4088; x_wconf 81' lang='lat' dir='ltr'><strong>venire.</strong></span> <span class='ocrx_word' id='word_1_381' title='bbox 1621 4021 1762 4100; x_wconf 85' lang='lat' dir='ltr'><strong>vincula,</strong></span> <span class='ocrx_word' id='word_1_382' title='bbox 1789 4021 1854 4085; x_wconf 93' lang='lat' dir='ltr'><strong>nisi</strong></span> 
     </span>
     <span class='ocr_line' id='line_1_35' title="bbox 199 4125 1853 4212; baseline -0.002 -21"><span class='ocrx_word' id='word_1_383' title='bbox 199 4148 347 4212; x_wconf 89' lang='lat' dir='ltr'><strong>paream,</strong></span> <span class='ocrx_word' id='word_1_384' title='bbox 380 4127 436 4190; x_wconf 86' lang='lat' dir='ltr'><strong>lex</strong></span> <span class='ocrx_word' id='word_1_385' title='bbox 466 4127 616 4192; x_wconf 88' lang='lat' dir='ltr'><strong>minatur.</strong></span> <span class='ocrx_word' id='word_1_386' title='bbox 664 4125 741 4212; x_wconf 91' lang='lat' dir='ltr'><strong>quid</strong></span> <span class='ocrx_word' id='word_1_387' title='bbox 771 4126 891 4191; x_wconf 78' lang='lat' dir='ltr'><strong>refert?</strong></span> <span class='ocrx_word' id='word_1_388' title='bbox 931 4125 973 4190; x_wconf 93' lang='lat' dir='ltr'><strong>ad</strong></span> <span class='ocrx_word' id='word_1_389' title='bbox 1006 4125 1089 4190; x_wconf 89' lang='lat' dir='ltr'><strong>hanc</strong></span> <span class='ocrx_word' id='word_1_390' title='bbox 1123 4147 1175 4192; x_wconf 90' lang='lat' dir='ltr'><strong>mc</strong></span> <span class='ocrx_word' id='word_1_391' title='bbox 1211 4126 1481 4192; x_wconf 86' lang='lat' dir='ltr'><strong>consuetudinem</strong></span> <span class='ocrx_word' id='word_1_392' title='bbox 1514 4125 1746 4212; x_wconf 85' lang='lat' dir='ltr'><strong>suppliciorum</strong></span> <span class='ocrx_word' id='word_1_393' title='bbox 1773 4145 1794 4188; x_wconf 90' lang='lat' dir='ltr'><strong>a</strong></span> <span class='ocrx_word' id='word_1_394' title='bbox 1820 4130 1853 4188; x_wconf 86' lang='lat' dir='ltr'><strong>te</strong></span> 
     </span>
     <span class='ocr_line' id='line_1_36' title="bbox 201 4229 1852 4318; baseline -0.002 -24"><span class='ocrx_word' id='word_1_395' title='bbox 201 4236 374 4318; x_wconf 89' lang='lat' dir='ltr'><strong>procurata</strong></span> <span class='ocrx_word' id='word_1_396' title='bbox 407 4231 560 4296; x_wconf 78' lang='lat' dir='ltr'><strong>formavit</strong></span> <span class='ocrx_word' id='word_1_397' title='bbox 591 4229 803 4310; x_wconf 84' lang='lat' dir='ltr'><strong>diuturnitas,</strong></span> <span class='ocrx_word' id='word_1_398' title='bbox 840 4231 990 4315; x_wconf 88' lang='lat' dir='ltr'><strong>quamvis</strong></span> <span class='ocrx_word' id='word_1_399' title='bbox 1020 4231 1117 4315; x_wconf 89' lang='lat' dir='ltr'><strong>longa</strong></span> <span class='ocrx_word' id='word_1_400' title='bbox 1150 4251 1329 4316; x_wconf 89' lang='lat' dir='ltr'><strong>poenarum</strong></span> <span class='ocrx_word' id='word_1_401' title='bbox 1357 4230 1529 4295; x_wconf 88' lang='lat' dir='ltr'><strong>tolerantia</strong></span> <span class='ocrx_word' id='word_1_402' title='bbox 1557 4249 1621 4294; x_wconf 93' lang='lat' dir='ltr'><strong>non</strong></span> <span class='ocrx_word' id='word_1_403' title='bbox 1649 4230 1749 4294; x_wconf 81' lang='lat' dir='ltr'><strong>faciat</strong></span> <span class='ocrx_word' id='word_1_404' title='bbox 1777 4248 1852 4292; x_wconf 89' lang='lat' dir='ltr'><strong>oon-</strong></span> 
     </span>
     <span class='ocr_line' id='line_1_37' title="bbox 200 4328 1852 4420; baseline -0.002 -22"><span class='ocrx_word' id='word_1_405' title='bbox 200 4341 374 4399; x_wconf 87' lang='lat' dir='ltr'><strong>tumscem.</strong></span> <span class='ocrx_word' id='word_1_406' title='bbox 419 4334 521 4399; x_wconf 88' lang='lat' dir='ltr'><strong>miror</strong></span> <span class='ocrx_word' id='word_1_407' title='bbox 549 4339 676 4413; x_wconf 87' lang='lat' dir='ltr'><strong>tamen,</strong></span> <span class='ocrx_word' id='word_1_408' title='bbox 706 4333 734 4397; x_wconf 89' lang='lat' dir='ltr'><strong>si</strong></span> <span class='ocrx_word' id='word_1_409' title='bbox 763 4331 849 4418; x_wconf 92' lang='lat' dir='ltr'><strong>quod</strong></span> <span class='ocrx_word' id='word_1_410' title='bbox 877 4333 978 4418; x_wconf 81' lang='lat' dir='ltr'><strong>effugi</strong></span> <span class='ocrx_word' id='word_1_411' title='bbox 1006 4333 1046 4398; x_wconf 91' lang='lat' dir='ltr'><strong>de</strong></span> <span class='ocrx_word' id='word_1_412' title='bbox 1075 4333 1239 4414; x_wconf 88' lang='lat' dir='ltr'><strong>barbaris,</strong></span> <span class='ocrx_word' id='word_1_413' title='bbox 1270 4339 1365 4420; x_wconf 89' lang='lat' dir='ltr'><strong>pater</strong></span> <span class='ocrx_word' id='word_1_414' title='bbox 1388 4333 1544 4398; x_wconf 90' lang='lat' dir='ltr'><strong>intulerit.</strong></span> <span class='ocrx_word' id='word_1_415' title='bbox 1589 4333 1669 4397; x_wconf 92' lang='lat' dir='ltr'><strong>nihil</strong></span> <span class='ocrx_word' id='word_1_416' title='bbox 1693 4338 1744 4396; x_wconf 89' lang='lat' dir='ltr'><strong>ost</strong></span> <span class='ocrx_word' id='word_1_417' title='bbox 1765 4328 1852 4395; x_wconf 89' lang='lat' dir='ltr'><strong>unde</strong></span> 
     </span>
     <span class='ocr_line' id='line_1_38' title="bbox 199 4433 1907 4526; baseline -0.005 -24"><span class='ocrx_word' id='word_1_418' title='bbox 199 4437 405 4504; x_wconf 89' lang='lat' dir='ltr'><strong>declinentur</strong></span> <span class='ocrx_word' id='word_1_419' title='bbox 434 4436 635 4526; x_wconf 91' lang='lat' dir='ltr'><strong>praedones,</strong></span> <span class='ocrx_word' id='word_1_420' title='bbox 669 4437 695 4500; x_wconf 92' lang='lat' dir='ltr'><strong>si</strong></span> <span class='ocrx_word' id='word_1_421' title='bbox 726 4457 796 4500; x_wconf 91' lang='lat' dir='ltr'><strong>sors</strong></span> <span class='ocrx_word' id='word_1_422' title='bbox 824 4436 897 4522; x_wconf 89' lang='lat' dir='ltr'><strong>ipsa</strong></span> <span class='ocrx_word' id='word_1_423' title='bbox 926 4443 1083 4521; x_wconf 89' lang='lat' dir='ltr'><strong>sequatur</strong></span> <span class='ocrx_word' id='word_1_424' title='bbox 1110 4437 1143 4500; x_wconf 95' lang='lat' dir='ltr'><strong>in</strong></span> <span class='ocrx_word' id='word_1_425' title='bbox 1173 4437 1323 4524; x_wconf 90' lang='lat' dir='ltr'><strong>patriam.</strong></span> <span class='ocrx_word' id='word_1_426' title='bbox 1369 4459 1433 4502; x_wconf 93' lang='lat' dir='ltr'><strong>una</strong></span> <span class='ocrx_word' id='word_1_427' title='bbox 1462 4444 1528 4514; x_wconf 90' lang='lat' dir='ltr'><strong>est,</strong></span> <span class='ocrx_word' id='word_1_428' title='bbox 1565 4444 1721 4523; x_wconf 91' lang='lat' dir='ltr'><strong>quantum</strong></span> <span class='ocrx_word' id='word_1_429' title='bbox 1747 4433 1854 4514; x_wconf 87' lang='lat' dir='ltr'><strong>video,</strong></span> <span class='ocrx_word' id='word_1_430' title='bbox 1867 4433 1907 4494; x_wconf 83' lang='grc'><strong>24</strong></span> 
     </span>
     <span class='ocr_line' id='line_1_39' title="bbox 200 4538 1853 4627; baseline -0.004 -20"><span class='ocrx_word' id='word_1_431' title='bbox 200 4542 354 4626; x_wconf 89' lang='lat' dir='ltr'><strong>genitalis</strong></span> <span class='ocrx_word' id='word_1_432' title='bbox 377 4541 435 4606; x_wconf 93' lang='lat' dir='ltr'><strong>soli</strong></span> <span class='ocrx_word' id='word_1_433' title='bbox 460 4547 493 4606; x_wconf 92' lang='lat' dir='ltr'><strong>et</strong></span> <span class='ocrx_word' id='word_1_434' title='bbox 515 4540 788 4627; x_wconf 88' lang='lat' dir='ltr'><strong>peregrinationis</strong></span> <span class='ocrx_word' id='word_1_435' title='bbox 812 4538 994 4604; x_wconf 88' lang='lat' dir='ltr'><strong>adversitas</strong></span> <span class='ocrx_word' id='word_1_436' title='bbox 1018 4561 1079 4605; x_wconf 90' lang='lat' dir='ltr'><strong>neo</strong></span> <span class='ocrx_word' id='word_1_437' title='bbox 1103 4539 1215 4626; x_wconf 89' lang='lat' dir='ltr'><strong>dispar</strong></span> <span class='ocrx_word' id='word_1_438' title='bbox 1230 4540 1411 4604; x_wconf 84' lang='lat' dir='ltr'><strong>amaritudo</strong></span> <span class='ocrx_word' id='word_1_439' title='bbox 1427 4539 1640 4606; x_wconf 89' lang='lat' dir='ltr'><strong>redeuntibus</strong></span> <span class='ocrx_word' id='word_1_440' title='bbox 1656 4547 1689 4606; x_wconf 88' lang='lat' dir='ltr'><strong>et</strong></span> <span class='ocrx_word' id='word_1_441' title='bbox 1705 4539 1853 4626; x_wconf 79' lang='lat' dir='ltr'><strong>captivis.</strong></span> 
     </span>
     <span class='ocr_line' id='line_1_40' title="bbox 199 4635 1909 4730; baseline -0.002 -21"><span class='ocrx_word' id='word_1_442' title='bbox 199 4665 405 4730; x_wconf 89' lang='lat' dir='ltr'><strong>nequaquam</strong></span> <span class='ocrx_word' id='word_1_443' title='bbox 434 4652 546 4709; x_wconf 89' lang='lat' dir='ltr'><strong>tamen</strong></span> <span class='ocrx_word' id='word_1_444' title='bbox 577 4643 653 4728; x_wconf 93' lang='lat' dir='ltr'><strong>quid</strong></span> <span class='ocrx_word' id='word_1_445' title='bbox 682 4645 812 4708; x_wconf 90' lang='lat' dir='ltr'><strong>intersit</strong></span> <span class='ocrx_word' id='word_1_446' title='bbox 844 4644 975 4708; x_wconf 86' lang='lat' dir='ltr'><strong>invenio</strong></span> <span class='ocrx_word' id='word_1_447' title='bbox 1005 4664 1067 4708; x_wconf 89' lang='lat' dir='ltr'><strong>nec</strong></span> <span class='ocrx_word' id='word_1_448' title='bbox 1098 4663 1182 4729; x_wconf 90' lang='lat' dir='ltr'><strong>quae</strong></span> <span class='ocrx_word' id='word_1_449' title='bbox 1213 4645 1417 4730; x_wconf 92' lang='lat' dir='ltr'><strong>potissimum</strong></span> <span class='ocrx_word' id='word_1_450' title='bbox 1450 4644 1595 4710; x_wconf 85' lang='lat' dir='ltr'><strong>cervices</strong></span> <span class='ocrx_word' id='word_1_451' title='bbox 1625 4665 1716 4708; x_wconf 89' lang='lat' dir='ltr'><strong>meas</strong></span> <span class='ocrx_word' id='word_1_452' title='bbox 1739 4651 1855 4707; x_wconf 87' lang='lat' dir='ltr'><strong>catena</strong></span> <span class='ocrx_word' id='word_1_453' title='bbox 1901 4635 1909 4640; x_wconf 76' lang='grc'><strong><em>’</em></strong></span> 
     </span>
     <span class='ocr_line' id='line_1_41' title="bbox 200 4746 1855 4834; baseline -0.002 -21"><span class='ocrx_word' id='word_1_454' title='bbox 200 4754 311 4814; x_wconf 90' lang='lat' dir='ltr'><strong>nectat</strong></span> <span class='ocrx_word' id='word_1_455' title='bbox 333 4749 477 4834; x_wconf 92' lang='lat' dir='ltr'><strong>inquiro:</strong></span> <span class='ocrx_word' id='word_1_456' title='bbox 503 4749 638 4833; x_wconf 89' lang='lat' dir='ltr'><strong>rigentis</strong></span> <span class='ocrx_word' id='word_1_457' title='bbox 662 4747 740 4813; x_wconf 84' lang='lat' dir='ltr'><strong>ferri</strong></span> <span class='ocrx_word' id='word_1_458' title='bbox 764 4769 869 4812; x_wconf 87' lang='lat' dir='ltr'><strong>nexus</strong></span> <span class='ocrx_word' id='word_1_459' title='bbox 886 4747 1050 4812; x_wconf 91' lang='lat' dir='ltr'><strong>incurram</strong></span> <span class='ocrx_word' id='word_1_460' title='bbox 1071 4753 1128 4812; x_wconf 92' lang='lat' dir='ltr'><strong>aut</strong></span> <span class='ocrx_word' id='word_1_461' title='bbox 1144 4747 1241 4832; x_wconf 89' lang='lat' dir='ltr'><strong>gulae</strong></span> <span class='ocrx_word' id='word_1_462' title='bbox 1258 4747 1400 4834; x_wconf 86' lang='lat' dir='ltr'><strong>vectigal</strong></span> <span class='ocrx_word' id='word_1_463' title='bbox 1418 4747 1602 4828; x_wconf 85' lang='lat' dir='ltr'><strong>exhibeam,</strong></span> <span class='ocrx_word' id='word_1_464' title='bbox 1625 4769 1691 4812; x_wconf 88' lang='lat' dir='ltr'><strong>una</strong></span> <span class='ocrx_word' id='word_1_465' title='bbox 1707 4746 1855 4812; x_wconf 90' lang='lat' dir='ltr'><strong>condicio</strong></span> 
     </span>
     <span class='ocr_line' id='line_1_42' title="bbox 201 4849 1856 4938; baseline -0.003 -20"><span class='ocrx_word' id='word_1_466' title='bbox 201 4860 262 4918; x_wconf 92' lang='lat' dir='ltr'><strong>est.</strong></span> <span class='ocrx_word' id='word_1_467' title='bbox 300 4853 431 4918; x_wconf 90' lang='lat' dir='ltr'><strong>ieiunus</strong></span> <span class='ocrx_word' id='word_1_468' title='bbox 455 4852 571 4938; x_wconf 89' lang='lat' dir='ltr'><strong>epulas</strong></span> <span class='ocrx_word' id='word_1_469' title='bbox 594 4851 731 4938; x_wconf 89' lang='lat' dir='ltr'><strong>portabo</strong></span> <span class='ocrx_word' id='word_1_470' title='bbox 756 4851 873 4916; x_wconf 88' lang='lat' dir='ltr'><strong>satiato</strong></span> <span class='ocrx_word' id='word_1_471' title='bbox 897 4857 940 4932; x_wconf 93' lang='lat' dir='ltr'><strong>et,</strong></span> <span class='ocrx_word' id='word_1_472' title='bbox 964 4850 1052 4937; x_wconf 91' lang='lat' dir='ltr'><strong>quod</strong></span> <span class='ocrx_word' id='word_1_473' title='bbox 1076 4857 1125 4916; x_wconf 91' lang='lat' dir='ltr'><strong>est</strong></span> <span class='ocrx_word' id='word_1_474' title='bbox 1148 4851 1304 4936; x_wconf 87' lang='lat' dir='ltr'><strong>deterius,</strong></span> <span class='ocrx_word' id='word_1_475' title='bbox 1328 4872 1393 4916; x_wconf 93' lang='lat' dir='ltr'><strong>non</strong></span> <span class='ocrx_word' id='word_1_476' title='bbox 1416 4851 1549 4916; x_wconf 90' lang='lat' dir='ltr'><strong>amanti.</strong></span> <span class='ocrx_word' id='word_1_477' title='bbox 1594 4852 1722 4936; x_wconf 88' lang='lat' dir='ltr'><strong>quantis</strong></span> <span class='ocrx_word' id='word_1_478' title='bbox 1746 4849 1856 4915; x_wconf 89' lang='lat' dir='ltr'><strong>oblata</strong></span> 
     </span>
    </p>
   </div>
   <div class='ocr_carea' id='block_1_5' title="bbox 198 5107 1861 5792">
    <p class='ocr_par' dir='ltr' id='par_1_6' title="bbox 198 5107 1861 5792">
     <span class='ocr_line' id='line_1_43' title="bbox 304 5107 1857 5181; baseline -0.004 -17"><span class='ocrx_word' id='word_1_479' title='bbox 304 5111 321 5164; x_wconf 88' lang='grc'>2</span> <span class='ocrx_word' id='word_1_480' title='bbox 338 5115 449 5181; x_wconf 77' lang='lat' dir='ltr'><strong>alligans</strong></span> <span class='ocrx_word' id='word_1_481' title='bbox 461 5111 487 5164; x_wconf 90' lang='lat' dir='ltr'><em>B</em></span> <span class='ocrx_word' id='word_1_482' title='bbox 584 5109 745 5177; x_wconf 83' lang='lat' dir='ltr'><strong>quicquidV</strong></span> <span class='ocrx_word' id='word_1_483' title='bbox 874 5107 891 5162; x_wconf 88' lang='grc'>3</span> <span class='ocrx_word' id='word_1_484' title='bbox 909 5113 1023 5164; x_wconf 83' lang='lat' dir='ltr'><strong>sobolem</strong></span> <span class='ocrx_word' id='word_1_485' title='bbox 1040 5111 1064 5162; x_wconf 84' lang='lat' dir='ltr'><strong><em>V</em></strong></span> <span class='ocrx_word' id='word_1_486' title='bbox 1158 5113 1264 5164; x_wconf 81' lang='lat' dir='ltr'><strong>licorem</strong></span> <span class='ocrx_word' id='word_1_487' title='bbox 1278 5110 1304 5161; x_wconf 91' lang='grc' dir='ltr'><em>Β</em></span> <span class='ocrx_word' id='word_1_488' title='bbox 1436 5107 1454 5160; x_wconf 78' lang='lat'>4</span> <span class='ocrx_word' id='word_1_489' title='bbox 1472 5109 1573 5161; x_wconf 78' lang='lat' dir='ltr'><strong>uirilem</strong></span> <span class='ocrx_word' id='word_1_490' title='bbox 1586 5109 1612 5160; x_wconf 90' lang='lat' dir='ltr'><em>B</em></span> <span class='ocrx_word' id='word_1_491' title='bbox 1709 5107 1819 5173; x_wconf 86' lang='lat' dir='ltr'><strong>reliquid</strong></span> <span class='ocrx_word' id='word_1_492' title='bbox 1831 5107 1857 5158; x_wconf 94' lang='lat' dir='ltr'><em>B</em></span> 
     </span>
     <span class='ocr_line' id='line_1_44' title="bbox 199 5191 1860 5266; baseline -0.006 -14"><span class='ocrx_word' id='word_1_493' title='bbox 199 5199 217 5252; x_wconf 79' lang='grc'><strong>5</strong></span> <span class='ocrx_word' id='word_1_494' title='bbox 234 5201 376 5254; x_wconf 86' lang='lat' dir='ltr'><strong>ersdlrstnr</strong></span> <span class='ocrx_word' id='word_1_495' title='bbox 388 5200 413 5250; x_wconf 93' lang='grc' dir='ltr'><em>Β</em></span> <span class='ocrx_word' id='word_1_496' title='bbox 508 5198 577 5250; x_wconf 83' lang='lat' dir='ltr'><strong>serni</strong></span> <span class='ocrx_word' id='word_1_497' title='bbox 589 5197 623 5260; x_wconf 89' lang='lat' dir='ltr'><strong>B,</strong></span> <span class='ocrx_word' id='word_1_498' title='bbox 644 5198 757 5250; x_wconf 84' lang='lat' dir='ltr'><strong>seruitiis</strong></span> <span class='ocrx_word' id='word_1_499' title='bbox 774 5198 850 5250; x_wconf 70' lang='lat' dir='ltr'><strong>cauri</strong></span> <span class='ocrx_word' id='word_1_500' title='bbox 945 5199 1051 5266; x_wconf 84' lang='lat' dir='ltr'><strong>eligeret</strong></span> <span class='ocrx_word' id='word_1_501' title='bbox 1067 5198 1093 5248; x_wconf 98' lang='grc' dir='ltr'><em>Β</em></span> <span class='ocrx_word' id='word_1_502' title='bbox 1225 5193 1259 5248; x_wconf 88' lang='grc'><strong>10</strong></span> <span class='ocrx_word' id='word_1_503' title='bbox 1275 5197 1391 5248; x_wconf 75' lang='lat' dir='ltr'><strong>conterre</strong></span> <span class='ocrx_word' id='word_1_504' title='bbox 1407 5193 1522 5246; x_wconf 79' lang='lat' dir='ltr'><em>VLT¹O</em></span> <span class='ocrx_word' id='word_1_505' title='bbox 1650 5192 1680 5244; x_wconf 94' lang='grc'><strong>11</strong></span> <span class='ocrx_word' id='word_1_506' title='bbox 1699 5194 1821 5260; x_wconf 84' lang='lat' dir='ltr'><strong>quicquid</strong></span> <span class='ocrx_word' id='word_1_507' title='bbox 1836 5191 1860 5241; x_wconf 88' lang='lat' dir='ltr'><strong><em>V</em></strong></span> 
     </span>
     <span class='ocr_line' id='line_1_45' title="bbox 201 5280 1859 5356; baseline -0.007 -15"><span class='ocrx_word' id='word_1_508' title='bbox 201 5289 329 5356; x_wconf 73' lang='lat' dir='ltr'><strong>prunulis</strong></span> <span class='ocrx_word' id='word_1_509' title='bbox 341 5287 366 5337; x_wconf 93' lang='grc' dir='ltr'><em>Β</em></span> <span class='ocrx_word' id='word_1_510' title='bbox 470 5287 536 5337; x_wconf 82' lang='lat' dir='ltr'><strong>inter</strong></span> <span class='ocrx_word' id='word_1_511' title='bbox 558 5300 653 5336; x_wconf 87' lang='lat' dir='ltr'><strong>munus</strong></span> <span class='ocrx_word' id='word_1_512' title='bbox 671 5284 770 5350; x_wconf 68' lang='grc' dir='ltr'><strong><em>ιονὶροί,</em></strong></span> <span class='ocrx_word' id='word_1_513' title='bbox 792 5285 879 5336; x_wconf 85' lang='lat' dir='ltr'><strong>inntsr</strong></span> <span class='ocrx_word' id='word_1_514' title='bbox 900 5301 993 5336; x_wconf 91' lang='lat' dir='ltr'><strong>munos</strong></span> <span class='ocrx_word' id='word_1_515' title='bbox 1005 5284 1038 5348; x_wconf 88' lang='lat' dir='ltr'><strong>B,</strong></span> <span class='ocrx_word' id='word_1_516' title='bbox 1060 5301 1109 5337; x_wconf 84' lang='lat' dir='ltr'><strong>ocu</strong></span> <span class='ocrx_word' id='word_1_517' title='bbox 1133 5286 1297 5338; x_wconf 82' lang='lat' dir='ltr'><strong>intermunus</strong></span> <span class='ocrx_word' id='word_1_518' title='bbox 1313 5281 1413 5344; x_wconf 72' lang='lat' dir='ltr'><strong>Vane,</strong></span> <span class='ocrx_word' id='word_1_519' title='bbox 1436 5297 1484 5333; x_wconf 89' lang='lat' dir='ltr'><strong>osu</strong></span> <span class='ocrx_word' id='word_1_520' title='bbox 1502 5282 1629 5333; x_wconf 86' lang='lat' dir='ltr'><strong>sincerum</strong></span> <span class='ocrx_word' id='word_1_521' title='bbox 1654 5297 1750 5334; x_wconf 87' lang='lat' dir='ltr'><strong>munus</strong></span> <span class='ocrx_word' id='word_1_522' title='bbox 1763 5280 1859 5332; x_wconf 81' lang='lat' dir='ltr'><strong>Hartel</strong></span> 
     </span>
     <span class='ocr_line' id='line_1_46' title="bbox 202 5364 1857 5439; baseline -0.007 -11"><span class='ocrx_word' id='word_1_523' title='bbox 202 5373 235 5428; x_wconf 98' lang='grc'><strong>12</strong></span> <span class='ocrx_word' id='word_1_524' title='bbox 256 5375 295 5439; x_wconf 84' lang='lat' dir='ltr'><strong>at]</strong></span> <span class='ocrx_word' id='word_1_525' title='bbox 315 5375 349 5426; x_wconf 81' lang='lat' dir='ltr'><strong>ad</strong></span> <span class='ocrx_word' id='word_1_526' title='bbox 364 5373 389 5424; x_wconf 92' lang='lat' dir='ltr'><em>B</em></span> <span class='ocrx_word' id='word_1_527' title='bbox 528 5368 561 5422; x_wconf 87' lang='lat'><strong>13</strong></span> <span class='ocrx_word' id='word_1_528' title='bbox 578 5371 680 5422; x_wconf 84' lang='lat' dir='ltr'><strong>obsistit</strong></span> <span class='ocrx_word' id='word_1_529' title='bbox 691 5371 715 5436; x_wconf 82' lang='lat' dir='ltr'><strong>b,</strong></span> <span class='ocrx_word' id='word_1_530' title='bbox 737 5371 843 5424; x_wconf 80' lang='lat' dir='ltr'><strong>obsistet</strong></span> <span class='ocrx_word' id='word_1_531' title='bbox 860 5371 959 5424; x_wconf 77' lang='lat' dir='ltr'><strong>codices</strong></span> <span class='ocrx_word' id='word_1_532' title='bbox 1097 5369 1130 5424; x_wconf 81' lang='lat' dir='ltr'><strong>lb</strong></span> <span class='ocrx_word' id='word_1_533' title='bbox 1151 5367 1281 5434; x_wconf 86' lang='lat' dir='ltr'><strong>oneribus]</strong></span> <span class='ocrx_word' id='word_1_534' title='bbox 1301 5368 1441 5420; x_wconf 87' lang='lat' dir='ltr'><strong>bonoribus</strong></span> <span class='ocrx_word' id='word_1_535' title='bbox 1453 5367 1479 5417; x_wconf 93' lang='lat' dir='ltr'><em>B</em></span> <span class='ocrx_word' id='word_1_536' title='bbox 1618 5364 1650 5418; x_wconf 86' lang='grc'><strong>16</strong></span> <span class='ocrx_word' id='word_1_537' title='bbox 1671 5369 1735 5420; x_wconf 90' lang='lat' dir='ltr'><strong>meis</strong></span> <span class='ocrx_word' id='word_1_538' title='bbox 1752 5368 1857 5419; x_wconf 74' lang='lat' dir='ltr'><strong>oblinam</strong></span> 
     </span>
     <span class='ocr_line' id='line_1_47' title="bbox 200 5451 1855 5537; baseline -0.004 -25"><span class='ocrx_word' id='word_1_539' title='bbox 200 5463 228 5512; x_wconf 82' lang='lat' dir='ltr'><strong>in</strong></span> <span class='ocrx_word' id='word_1_540' title='bbox 240 5461 274 5526; x_wconf 94' lang='lat' dir='ltr'><strong>B,</strong></span> <span class='ocrx_word' id='word_1_541' title='bbox 297 5462 375 5512; x_wconf 70' lang='lat' dir='ltr'><strong>ora-b</strong></span> <span class='ocrx_word' id='word_1_542' title='bbox 462 5457 499 5525; x_wconf 88' lang='lat' dir='ltr'><strong>ni]</strong></span> <span class='ocrx_word' id='word_1_543' title='bbox 518 5477 551 5512; x_wconf 89' lang='lat' dir='ltr'><strong>us</strong></span> <span class='ocrx_word' id='word_1_544' title='bbox 563 5457 589 5508; x_wconf 89' lang='lat' dir='ltr'><em>B</em></span> <span class='ocrx_word' id='word_1_545' title='bbox 711 5453 747 5508; x_wconf 86' lang='grc'><strong>20</strong></span> <span class='ocrx_word' id='word_1_546' title='bbox 764 5457 884 5525; x_wconf 85' lang='lat' dir='ltr'><strong>degresso</strong></span> <span class='ocrx_word' id='word_1_547' title='bbox 902 5455 1017 5537; x_wconf 64' lang='grc' dir='ltr'><strong>ῨΒΤᾮ</strong></span> <span class='ocrx_word' id='word_1_548' title='bbox 1100 5458 1229 5524; x_wconf 83' lang='lat' dir='ltr'><strong>promittat</strong></span> <span class='ocrx_word' id='word_1_549' title='bbox 1244 5455 1268 5508; x_wconf 92' lang='grc' dir='ltr'><em>Β</em></span> <span class='ocrx_word' id='word_1_550' title='bbox 1389 5451 1423 5504; x_wconf 88' lang='grc'><strong>22</strong></span> <span class='ocrx_word' id='word_1_551' title='bbox 1441 5454 1519 5520; x_wconf 83' lang='lat' dir='ltr'><strong>digno</strong></span> <span class='ocrx_word' id='word_1_552' title='bbox 1531 5453 1577 5503; x_wconf 74' lang='lat' dir='ltr'><strong>Ba</strong></span> <span class='ocrx_word' id='word_1_553' title='bbox 1697 5453 1732 5506; x_wconf 76' lang='lat'><strong>25</strong></span> <span class='ocrx_word' id='word_1_554' title='bbox 1753 5452 1855 5521; x_wconf 83' lang='lat' dir='ltr'><strong>pressit]</strong></span> 
     </span>
     <span class='ocr_line' id='line_1_48' title="bbox 200 5538 1861 5615; baseline -0.004 -16"><span class='ocrx_word' id='word_1_555' title='bbox 200 5564 261 5615; x_wconf 87' lang='lat' dir='ltr'><strong>pars</strong></span> <span class='ocrx_word' id='word_1_556' title='bbox 276 5544 280 5611; x_wconf 96' lang='grc' dir='ltr'>Ι</span> <span class='ocrx_word' id='word_1_557' title='bbox 295 5545 400 5598; x_wconf 86' lang='lat' dir='ltr'><strong>sssetB</strong></span> <span class='ocrx_word' id='word_1_558' title='bbox 509 5541 542 5594; x_wconf 75' lang='grc'><strong>21</strong></span> <span class='ocrx_word' id='word_1_559' title='bbox 561 5544 598 5594; x_wconf 90' lang='lat' dir='ltr'><strong>ilii</strong></span> <span class='ocrx_word' id='word_1_560' title='bbox 615 5541 693 5606; x_wconf 83' lang='lat' dir='ltr'><strong>VLT,</strong></span> <span class='ocrx_word' id='word_1_561' title='bbox 712 5543 750 5594; x_wconf 88' lang='lat' dir='ltr'><strong>illi</strong></span> <span class='ocrx_word' id='word_1_562' title='bbox 763 5542 789 5593; x_wconf 87' lang='lat' dir='ltr'><em>B</em></span> <span class='ocrx_word' id='word_1_563' title='bbox 806 5543 834 5594; x_wconf 84' lang='lat' dir='ltr'><strong>in</strong></span> <span class='ocrx_word' id='word_1_564' title='bbox 851 5561 901 5610; x_wconf 73' lang='lat' dir='ltr'><strong>usq.</strong></span> <span class='ocrx_word' id='word_1_565' title='bbox 918 5546 1015 5595; x_wconf 73' lang='lat' dir='ltr'><strong>aowlt</strong></span> <span class='ocrx_word' id='word_1_566' title='bbox 1085 5540 1296 5610; x_wconf 81' lang='lat' dir='ltr'><strong>procidentsmB</strong></span> <span class='ocrx_word' id='word_1_567' title='bbox 1403 5538 1439 5591; x_wconf 84' lang='lat'><strong>30</strong></span> <span class='ocrx_word' id='word_1_568' title='bbox 1455 5556 1515 5592; x_wconf 86' lang='lat' dir='ltr'><strong>cum</strong></span> <span class='ocrx_word' id='word_1_569' title='bbox 1533 5539 1593 5591; x_wconf 81' lang='lat' dir='ltr'><strong>nale</strong></span> <span class='ocrx_word' id='word_1_570' title='bbox 1611 5541 1654 5592; x_wconf 85' lang='lat' dir='ltr'><strong>illa</strong></span> <span class='ocrx_word' id='word_1_571' title='bbox 1672 5543 1748 5594; x_wconf 82' lang='lat' dir='ltr'><strong>imcr.</strong></span> <span class='ocrx_word' id='word_1_572' title='bbox 1765 5540 1861 5592; x_wconf 67' lang='lat' dir='ltr'><strong>VMU</strong></span> 
     </span>
     <span class='ocr_line' id='line_1_49' title="bbox 198 5623 1858 5698; baseline -0.007 -12"><span class='ocrx_word' id='word_1_573' title='bbox 198 5629 477 5698; x_wconf 60' lang='lat' dir='ltr'><strong>thiriacam</strong></span> <span class='ocrx_word' id='word_1_574' title='bbox 564 5628 682 5682; x_wconf 76' lang='lat' dir='ltr'><strong>uinclsb</strong></span> <span class='ocrx_word' id='word_1_575' title='bbox 809 5625 1123 5698; x_wconf 77' lang='lat' dir='ltr'><strong>34paream]psamB</strong></span> <span class='ocrx_word' id='word_1_576' title='bbox 1246 5624 1446 5696; x_wconf 82' lang='lat' dir='ltr'><strong>quidlqnodB</strong></span> <span class='ocrx_word' id='word_1_577' title='bbox 1571 5623 1858 5689; x_wconf 62' lang='lat' dir='ltr'><strong>turiumnms</strong></span> 
     </span>
     <span class='ocr_line' id='line_1_50' title="bbox 200 5712 701 5792; baseline -0.016 -21"><span class='ocrx_word' id='word_1_578' title='bbox 200 5715 234 5771; x_wconf 79' lang='lat'><strong>38</strong></span> <span class='ocrx_word' id='word_1_579' title='bbox 251 5718 376 5792; x_wconf 76' lang='lat' dir='ltr'><strong>genculis</strong></span> <span class='ocrx_word' id='word_1_580' title='bbox 390 5716 415 5772; x_wconf 88' lang='lat' dir='ltr'><em>B</em></span> <span class='ocrx_word' id='word_1_581' title='bbox 524 5712 560 5766; x_wconf 83' lang='lat'><strong>40</strong></span> <span class='ocrx_word' id='word_1_582' title='bbox 577 5715 663 5786; x_wconf 79' lang='lat' dir='ltr'><strong>guilns</strong></span> <span class='ocrx_word' id='word_1_583' title='bbox 675 5712 701 5763; x_wconf 93' lang='grc' dir='ltr'><em>Β</em></span> 
     </span>
    </p>
   </div>
   <div class='ocr_carea' id='block_1_6' title="bbox 0 0 2298 6532">
    <p class='ocr_par' dir='ltr' id='par_1_7' title="bbox 0 0 2298 6532">
     <span class='ocr_line' id='line_1_51' title="bbox 0 0 2298 6532; baseline 0 0"><span class='ocrx_word' id='word_1_584' title='bbox 0 0 2298 6532; x_wconf 95' lang='lat' dir='ltr'><strong> </strong></span> 
     </span>
    </p>
   </div>
  </div>
 </body>
</html>
