4612 6442
736 413 756 467 1.
787 411 833 466 nn
851 411 941 466 VITA
958 410 1005 465 ET
1024 410 1185 467 SCRIPTIS
1203 411 1355 467 ENNODI.
1819 412 1871 468 XV

219 581 352 645 mintium
375 583 557 670 antipapam
572 584 675 649 Roma
697 585 872 650 inferiorem
889 585 1071 650 discessisse
1093 585 1175 650 infra
1188 594 1368 672 exponetur,
1389 587 1564 672 composita
1585 595 1642 666 est.
1658 585 1745 650 —E
1765 587 1874 650 ceteris

219 685 380 771 operibus,
408 686 463 751 ubi
491 686 616 752 illarum
644 689 804 754 turbarum
834 689 1112 754 ecclesiasticarum
1141 689 1257 755 mentio
1284 690 1367 754 facta
1393 699 1453 770 cst,
1480 689 1550 754 illas
1572 697 1695 755 tantum
1716 690 1875 776 epistulas,

218 810 297 874 quae
325 787 365 854 ad
398 790 633 857 schIsmaticum
666 793 849 879 episcopum
877 793 1110 881 Aquileiensem
1144 803 1287 881 spectant
1318 793 1476 875 (CXVII.
1499 793 1656 861 CLXVI.
1679 793 1874 861 CLXVIII.

219 892 413 960 CLXXIV.
436 894 650 963 CLXXVII.
672 895 920 976 CLXXVIII),
949 898 1079 962 selectas
1102 898 1212 964 leviter
1238 897 1492 983 perstringamus.
1536 898 1568 964 in
1590 897 1733 982 catalogo
1755 898 1875 984 episco-

219 1019 329 1084 porum
366 999 616 1086 Aquileiensium
649 1009 868 1065 enumerantur
902 999 1087 1066 Theoderici
1128 1001 1321 1087 temporibus
1350 1000 1575 1066 Marcellianus
1608 1009 1640 1066 et
1670 1000 1874 1072 Marcellinus

218 1101 356 1187 (Ughelli
379 1101 474 1168 Italia
495 1125 584 1168 sacra
600 1103 635 1170 V
656 1127 686 1190 p.
702 1108 754 1183 25)
776 1113 809 1170 et
830 1127 913 1170 anno
929 1107 993 1172 504
1015 1104 1098 1168 hunc
1120 1105 1153 1170 in
1175 1105 1278 1170 locum
1301 1105 1386 1170 illius
1409 1107 1596 1170 sucoessisse
1618 1104 1725 1191 opinio
1747 1105 1876 1191 vulgata

218 1213 273 1270 cst
310 1227 372 1291 qua
394 1229 465 1272 oum
488 1208 635 1295 opinione
656 1210 808 1295 congruit,
830 1208 915 1296 qnod
937 1232 977 1274 ex
998 1209 1147 1275 Ennodio
1169 1210 1312 1297 pluribus
1335 1210 1477 1297 epistulis
1500 1210 1581 1276 inter
1602 1231 1635 1274 99
1657 1209 1779 1274 99119119
1802 1231 1875 1295 cog-

218 1309 389 1391 noscImus,
418 1333 455 1376 eo
477 1322 616 1400 ternpore
638 1335 701 1399 quo
729 1314 809 1378 inter
832 1312 1054 1399 Symmachum
1081 1322 1112 1378 91
1140 1315 1344 1379 laurentium
1372 1312 1412 1379 de
1440 1314 1514 1380 sede
1541 1314 1713 1402 apostolica
1739 1311 1875 1378 decerta·

218 1415 323 1495 batur,
350 1415 534 1503 episcopum
563 1417 796 1503 Aquileiensem
824 1416 996 1483 decessisse
1017 1419 1145 1505 eiusque
1172 1420 1205 1483 19
1230 1418 1332 1484 locum
1362 1419 1582 1485 Marcellinum
1608 1417 1772 1483 suffectum
1799 1439 1875 1482 esse

217 1520 249 1584 in
278 1520 413 1606 epistula
441 1519 482 1585 ad
508 1522 639 1586 Avitum
666 1521 899 1607 Aquileiensem
932 1520 1006 1586 data
1033 1526 1073 1608 (p.
1094 1525 1165 1602 151,
1185 1525 1215 1602 8)
1243 1522 1408 1588 Ennodius
1436 1532 1567 1588 mortem
1595 1521 1684 1602 ,tanti
1711 1520 1876 1608 pontificis‘

218 1625 352 1689 maxime
367 1646 401 1688 99
416 1624 528 1689 deflere
543 1625 714 1705 slmulavit,
736 1633 845 1690 contra
858 1626 890 1689 19
907 1625 1042 1712 epistula
1056 1624 1096 1690 ad
1112 1649 1227 1714 papam
1242 1636 1401 1713 tamquam
1417 1627 1550 1693 viotorIa
1563 1624 1698 1713 quodam
1714 1624 1874 1690 exsultans

218 1728 405 1792 exclamavit
437 1733 477 1815 (p.
495 1733 566 1809 150,
582 1731 628 1808 41(
661 1740 866 1814 ,agnoverunt
893 1728 1064 1794 adversarii
1099 1728 1182 1795 sedis
1210 1739 1331 1796 vestrae
1362 1754 1425 1817 qno
1452 1737 1669 1818 propugnante
1697 1729 1875 1794 vincantur:

151 1833 154 1840 '
223 1831 308 1918 quod
330 1833 471 1920 proxime
499 1832 539 1896 (19
561 1833 755 1919 Aquileiensi
779 1833 955 1920 redemptor
981 1843 1088 1898 noster
1109 1857 1242 1920 persona
1263 1835 1430 1915 reseravit‘,
1458 1835 1572 1921 quibus
1594 1855 1633 1899 ex
1655 1833 1760 1898 verbis
1782 1830 1875 1896 simul

218 1936 425 2022 intellegimus
448 1936 625 2002 schismatis
655 1946 793 2024 tempore
820 1939 1001 2025 episcopum
1030 1939 1262 2024 Aquileiensem
1289 1947 1444 2004 mortuum
1473 1961 1550 2003 9999.
1594 1937 1735 2024 quaestio
1764 1945 1876 2016 autem,

218 2063 274 2106 cur
294 2040 468 2120 Euhodiae,
494 2050 624 2128 utroque
646 2042 716 2106 loco
738 2043 805 2107 9199
826 2042 924 2107 dubio
947 2041 986 2106 de
1013 2042 1122 2108 eodem
1145 2044 1269 2108 homine
1292 2043 1407 2122 (119999,
1429 2043 1513 2107 hunc
1535 2043 1631 2108 altero
1652 2042 1723 2105 loco
1745 2049 1875 2119 ,1991919

221 2145 408 2231 pontificem‘
430 2145 528 2210 altero
550 2145 751 2232 contemptim
774 2146 1017 2232 ,Aquileiensem
1045 2152 1219 2234 personam‘
1241 2147 1459 2233 appellaverit,
1485 2144 1570 2210 hand
1592 2143 1729 2210 difficilis
1751 2142 1792 2209 ad
1814 2143 1877 2208 sol·

220 2246 355 2312 rendum
378 2258 434 2327 est,
456 2247 709 2336 quandoquidem
734 2250 837 2314 verbis
859 2250 948 2337 ipsis,
970 2271 1049 2336 quae
1071 2250 1167 2316 modo
1189 2251 1361 2330 attulimus,
1382 2250 1471 2315 illum
1487 2251 1669 2337 episcopum
1693 2247 1875 2334 apartibus

219 2353 367 2417 Laurenti
390 2353 556 2440 antipapae
578 2353 702 2418 stetisse
718 2354 946 2441 comprobatur.
983 2363 1055 2441 post
1069 2365 1201 2421 mortem
1223 2355 1290 2419 eius
1312 2353 1515 2420 Marcellinus
1531 2353 1695 2440 Aquileiae
1709 2352 1875 2438 episcopus

217 2456 316 2521 factus
339 2464 387 2521 991
409 2463 448 2543 (p.
467 2460 537 2536 153,
550 2460 600 2522 22.
613 2460 682 2536 27),
704 2479 892 2543 quamquam
915 2465 1044 2544 propter
1069 2480 1171 2523 mores
1194 2459 1226 2522 in
1250 2459 1459 2545 suspicionem
1488 2457 1641 2523 adductus
1665 2461 1705 2543 (p.
1723 2459 1793 2534 153,
1806 2458 1875 2534 3213

219 2585 290 2626 uam
314 2584 334 2625 a
355 2561 482 2626 Liberio
505 2561 638 2647 patricio
666 2560 885 2647 potentissimo
914 2560 1059 2626 defensus
1087 2562 1177 2626 facile
1205 2562 1455 2629 adversariorum
1482 2584 1609 2627 suorum
1637 2559 1876 2625 obtrectationes

217 2665 362 2752 reppulit.
412 2689 511 2752 neque
545 2676 649 2732 autem
683 2689 702 2731 a
735 2667 864 2731 veritate
896 2668 1037 2732 aberrare
1073 2667 1164 2731 nobis
1198 2665 1354 2746 videmur,
1388 2691 1458 2732 cum
1489 2686 1677 2752 auguramur
1704 2663 1876 2750 principem

217 2789 338 2847 eorum,
367 2770 420 2855 qui
448 2770 668 2836 Marcellinum
691 2769 953 2850 detrectaverant,
980 2770 1077 2835 fuisse
1099 2771 1248 2849 Avitum,
1276 2770 1506 2835 nobilissimum
1531 2769 1621 2834 illum
1643 2767 1876 2854 Aquileiensem

221 2873 339 2953 911999,
375 2875 464 2938 99199
497 2874 681 2962 suffragium
709 2875 741 2938 in
771 2875 920 2960 episcopo
951 2872 1095 2960 eligendo
1123 2875 1310 2960 permultum
1344 2875 1444 2939 valuit
1472 2879 1512 2961 (p.
1534 2875 1674 2954 151,l2).
1723 2871 1776 2935 1119
1805 2891 1876 2934 cum

222 2986 318 3042 matre
341 3001 399 3042 sua
427 2977 608 3044 Ennodium
636 2978 779 3044 hortatus
812 2987 890 3058 erat,
923 2987 959 3043 ut
986 3001 1054 3043 9999
1081 2977 1259 3058 adiuvaret,
1287 3001 1325 3042 nc
1351 2980 1378 3042 is
1407 2979 1461 3065 qui
1483 2977 1525 3042 ad
1547 2976 1724 3042 cathedram
1747 2973 1878 3060 Aquile-

221 3080 336 3146 iensem
366 3082 531 3168 aspiraret,
565 3083 618 3168 qui
646 3107 676 3169 p.
699 3085 806 3162 156,7
838 3083 948 3163 ,malus
979 3081 1082 3146 homo‘
1110 3091 1142 3146 et
1168 3107 1198 3168 p.
1222 3086 1292 3162 155,
1310 3086 1349 3149 31
1385 3082 1481 3162 ,dhus
1517 3081 1625 3160 homo,
1658 3080 1745 3144 nulla
1777 3078 1878 3143 bonae

221 3185 428 3250 institutionis
451 3185 563 3250 incude
584 3187 746 3252 sonnatus‘
769 3186 890 3266 dicitur,
912 3187 1127 3274 episcopatum
1151 3184 1378 3272 adsequeretur.
1417 3209 1478 3272 qua
1501 3187 1532 3250 in
1555 3183 1643 3250 reid
1666 3184 1741 3249 satis
1764 3183 1876 3248 mirum

222 3287 358 3368 videtur,
393 3311 448 3352 cur
475 3286 515 3352 ad
542 3289 723 3375 episcopum
751 3290 983 3377 Aquileiensem
1018 3289 1263 3356 constituendam
1289 3300 1320 3355 91
1349 3291 1466 3355 Avitus
1498 3299 1529 3354 et
1559 3289 1705 3354 Liberius
1726 3287 1876 3373 patricius

221 3393 405 3456 sententiam
428 3392 555 3458 Ennodi
579 3393 1194 3482 1999199991Μ9(11919999919,99199
1218 3395 1415 3460 amanuensis
1437 3403 1515 3475 erat,
1536 3393 1712 3481 petiverint
1756 3391 1881 3477 scripsit

221 3495 850 3586 9919991199911991119991919.1514)(
878 3499 982 3584 ,iungo
1004 3508 1035 3564 et
1057 3521 1129 3584 ego,
1151 3499 1350 3585 amplissimi,
1372 3499 1515 3585 partibus
1536 3497 1649 3562 vestris
1671 3518 1729 3582 pro
1752 3494 1879 3560 modulo

221 3600 400 3686 exiguitatis
428 3602 573 3688 propriae
607 3603 692 3668 caclo
720 3603 810 3667 vobis
846 3602 1035 3688 obsequente
1063 3607 1266 3668 consensum‘.
1317 3600 1602 3667 Pseudo-Isidorus
1631 3598 1789 3679 videlicet,
1818 3621 1880 3686 qua

221 3713 270 3767 est
297 3702 425 3768 fallendi
452 3705 602 3770 facilitate
628 3714 660 3770 91
685 3706 829 3785 levitate,
862 3706 947 3770 illam
974 3705 1140 3792 epistulam
1172 3705 1213 3770 ad
1245 3706 1372 3771 Liberio
1400 3703 1505 3770 datam
1534 3729 1553 3770 a
1581 3703 1769 3790 Symmacho
1796 3725 1880 3789 papa

221 3807 365 3872 emissam
390 3829 458 3872 9999
481 3808 580 3872 finxit.
617 3817 648 3873 91
670 3809 818 3894 quoniam
840 3807 1051 3888 mendacibus
1074 3831 1137 3896 quo
1160 3819 1233 3874 sunt
1254 3808 1441 3888 fidentiores,
1462 3831 1500 3873 eo
1522 3809 1622 3873 maior
1642 3805 1719 3872 fides
1739 3805 1880 3885 habetur,

225 3909 276 3974 1119
298 3911 392 3975 etiam
416 3911 678 3998 subscriptionem
701 3910 838 3977 addidit:
865 3911 948 3992 ,data
969 3912 1098 3980 XVIII
1120 3901 1195 3978 K'al.
1217 3913 1300 3978 Nov.
1323 3912 1373 3977 die
1396 3911 1566 3977 indictione
1587 3910 1689 3978 VIII‘
1711 3909 1880 3991 1194991.

222 4011 277 4077 sed
304 4013 362 4078 hae
390 4024 464 4079 sunt
491 4015 655 4080 nebulonis
678 4016 870 4102 praestigiae.
886 4055 926 4063 —
948 4016 1029 4082 Cum
1052 4015 1138 4103 quod
1161 4018 1292 4103 catalogi
1316 4017 1444 4082 tradunt
1466 4038 1548 4081 anno
1570 4017 1634 4083 504
1660 4013 1881 4078 Marcellinum

222 4118 403 4204 episcopum
418 4119 583 4205 Aquileiae
604 4121 721 4184 factum
741 4142 818 4200 9999,
841 4119 967 4185 Ennodi
990 4120 1133 4207 epistulis
1149 4123 1354 4203 confirmetur,
1377 4119 1518 4187 dubitare
1540 4141 1602 4183 non
1625 4117 1705 4197 licet,
1726 4117 1801 4203 quin
1824 4115 1880 4193 illi,

224 4221 277 4308 qui
300 4230 391 4286 antea
414 4223 581 4309 episcopus
603 4223 718 4303 fuerat,
748 4223 971 4289 Marcellianus
995 4245 1108 4289 nomen
1136 4224 1236 4288 literit.
1281 4234 1374 4310 atque
1395 4224 1479 4288 hunc
1501 4222 1738 4287 Marcellianum
1761 4220 1880 4285 intelle-

222 4323 357 4410 gendum
386 4333 455 4389 esse
482 4335 558 4412 puto
586 4351 617 4413 p.
634 4330 742 4406 129‚9
771 4337 802 4391 91
828 4326 959 4392 eundem
989 4349 1070 4406 9999,
1104 4329 1158 4414 qui
1187 4351 1256 4393 cum
1286 4328 1456 4393 Laurentio
1483 4336 1515 4392 91
1541 4327 1636 4391 Petro
1662 4324 1819 4412 episcopis
1847 4324 1879 4387 in

222 4428 423 4514 inscriptione
445 4429 596 4515 epistulae
618 4429 803 4494 Theoderici
826 4428 866 4494 ad
889 4429 1043 4517 synodum
1069 4431 1183 4495 missae
1205 4431 1304 4512 (Thiel
1321 4431 1411 4518 epist.
1427 4429 1538 4517 pontif.
1553 4453 1583 4515 p.
1596 4431 1670 4508 670)
1692 4428 1878 4492 nominatur.

222 4553 294 4596 nam
316 4555 386 4597 cum
409 4532 483 4597 hinc
506 4543 656 4620 appareat
682 4533 921 4598 Marcellianum
950 4535 1037 4599 illum
1067 4535 1147 4600 iuter
1174 4535 1353 4622 episcopos,
1382 4535 1436 4622 qui
1459 4533 1580 4620 synodo
1602 4533 1763 4597 11999999
1785 4530 1879 4594 inter-

222 4635 355 4715 fuerunt,
384 4637 592 4723 praestitisse,
617 4646 720 4702 tamen
743 4637 810 4701 eius
832 4660 945 4702 nomen
968 4661 1040 4702 erun
1061 4639 1094 4703 in
1116 4638 1244 4704 Enuodi
1266 4639 1371 4706 libello
1394 4639 1588 4728 apologetico
1611 4640 1651 4722 (p.
1667 4638 1795 4714 59,36)‚
1824 4635 1877 4700 ubi

223 4740 411 4806 Laurentius
434 4750 466 4805 91
488 4741 600 4806 Petrus
623 4750 913 4821 commemorantur,
936 4742 1087 4807 omissum
1110 4751 1171 4822 est,
1193 4751 1261 4807 tum
1282 4743 1315 4807 in
1338 4740 1619 4829 subscriptionibus
1643 4737 1755 4824 synodi
1778 4736 1879 4817 deest;

222 4842 304 4908 unde
333 4845 487 4931 sequitur,
522 4853 557 4910 ut
583 4844 806 4910 Marcellianus
839 4845 1019 4932 Symmachi
1048 4845 1275 4911 absolutionem
1306 4846 1487 4934 improbans
1514 4844 1554 4911 9(1
1581 4852 1685 4932 partes
1713 4843 1880 4930 antipapae

222 4949 386 5013 transierit.
431 4971 526 5035 supra
549 4971 623 5013 vero
651 4950 830 5015 monuimus
859 4950 1056 5036 episcopum,
1086 4951 1140 5036 qui
1169 4959 1241 5016 ante
1262 4950 1482 5016 Marcellintmr
1510 4948 1656 5014 ecclcsiae
1683 4947 1878 5033 Aquileiensi

223 5053 411 5140 praefuerat,
442 5055 461 5118 i.
477 5077 502 5118 e.
525 5054 762 5119 Marcellianum
790 5077 861 5119 cum
889 5055 1037 5142 antipapa
1066 5053 1185 5119 fecisse.
1229 5077 1324 5140 quare
1350 5076 1408 5141 pro
1435 5053 1596 5139 explorato
1624 5049 1802 5116 habendum
1830 5060 1879 5116 991

221 5157 304 5222 hunc
339 5158 572 5223 schismaticum
603 5160 785 5246 episcopum
822 5159 1056 5245 Aquileiensem
1090 5167 1121 5223 et
1153 5160 1242 5224 illum
1272 5159 1303 5222 in
1335 5157 1456 5244 synodo
1489 5156 1608 5220 dictum
1640 5154 1878 5221 Marcellianum

221 5261 353 5326 eundem
375 5285 451 5342 9999,
473 5264 655 5349 praesertim
677 5286 749 5327 cum
770 5263 849 5328 alius
872 5264 1038 5353 episcopus
1054 5264 1265 5350 Aquileiensis
1288 5264 1321 5327 in
1343 5261 1625 5348 subsorIptionibus
1647 5283 1709 5325 non
1730 5268 1879 5324 occuurat.

223 5387 322 5452 neque
344 5375 448 5432 tamen
470 5366 626 5432 silendum
648 5376 705 5446 991,
728 5389 834 5433 eorum
849 5368 904 5452 qui
929 5368 1015 5433 illam
1030 5366 1215 5432 Theoderici
1230 5367 1395 5454 epistulam
1415 5373 1642 5444 recensuerunt,
1664 5365 1743 5430 alios
1766 5386 1878 5428 nomen

222 5469 417 5536 Marcelliani
446 5471 592 5558 praebere
622 5479 657 5534 ut
676 5470 849 5535 Baronium
879 5480 911 5535 et
938 5469 1151 5549 Sirmondum,
1182 5470 1260 5535 alios
1288 5478 1392 5535 autem
1414 5468 1606 5547 Marcellini;
1639 5466 1808 5533 dolendum
1830 5477 1879 5532 est

221 5573 305 5658 quod
339 5573 480 5638 Thielius
515 5574 595 5638 hauc
625 5596 690 5638 rem
725 5596 787 5637 nou
822 5575 996 5640 accuratius
1032 5574 1219 5664 perquisivit
1249 5572 1305 5640 sed
1338 5573 1414 5642 99119
1444 5573 1555 5638 habuit
1583 5571 1749 5638 adnotasse
1785 5595 1815 5661 p.
1835 5575 1876 5640 95

220 5677 451 5760 ,Marcellianus
474 5701 528 5746 999
551 5677 792 5744 Marcellinus‘.‘
