4596 6450
429 383 590 440 ecxxx1v
608 385 730 452 (cunm
748 385 773 448 a,
793 387 862 454 ιοιι,
880 385 1028 442 ccxxxv
1047 385 1170 453 (aaran.
1188 390 1212 452 a,
1232 391 1462 456 13>,eexxxv1
1482 393 1604 460 (enisu.
1622 396 1647 459 e,
1667 395 1718 462 ιι).
1842 402 1901 462 183

615 557 762 624 Excusat
784 558 928 644 linguam
953 559 1070 644 genius
1095 560 1258 642 perfectus
1281 563 1412 648 ubique.

661 662 757 736 Quod
780 663 842 728 lari
866 664 981 740 nescit,
1005 664 1159 752 displicet
1182 666 1258 732 inda
1282 669 1388 734 malis.

544 782 555 818 ι
615 766 869 832 Grammatieam
894 767 1017 831 iactant
1039 775 1142 833 artem
1166 771 1293 834 nescire
1317 773 1523 856 magistrum:

662 871 733 936 Hoc
757 872 874 936 melius
897 872 1038 958 simplex
1061 874 1206 938 moribus
1230 876 1380 940 instituit.

615 976 760 1040 Oratoris
783 997 864 1062 opus
889 975 1101 1062 lapidosaque
1126 979 1267 1043 culmina
1291 978 1378 1043 Tulli

553 1143 560 1157 ,
660 1079 734 1144 Non
757 1081 884 1165 tetigitt
904 1082 1029 1145 celsum
1053 1081 1185 1146 rhetora
1207 1084 1316 1148 nullus
1340 1091 1437 1149 amat.

614 1183 795 1271 Discipulis
819 1187 899 1250 satis
923 1195 974 1249 est
997 1187 1107 1250 vultus
1131 1188 1288 1273 tacitique
1313 1189 1454 1254 verenda

535 1301 559 1338 ¹⁰
666 1287 838 1352 Calvities:
862 1287 1021 1354 Phoebas
1045 1290 1168 1354 lumina
1191 1291 1288 1377 plena
1313 1292 1434 1356 vident.

850 1595 1037 1666 GOXXXV
1061 1599 1169 1684 (aaran.
1187 1604 1217 1681 5,
1237 1599 1299 1685 13).

795 1793 1033 1869 ENNODIVS
1065 1795 1357 1870 HORMISDAE.

366 1939 508 2033 Scimus
531 1970 679 2055 religiosi
702 1977 908 2034 sacramenta
931 1971 1088 2056 propositi
1112 1970 1153 2034 ab
1177 1971 1316 2034 obnoxia
1332 1971 1475 2055 peccatis
1493 1971 1700 2036 multitudine
1716 1971 1930 2039 innocential

248 2081 281 2138 et
304 2073 368 2138 lide
391 2073 536 2158 separari
561 2079 594 2137 et
617 2074 728 2137 titulos
751 2074 949 2140 venerabilis
973 2073 1069 2138 officii
1095 2095 1203 2138 mores
1226 2075 1334 2161 potius
1359 2075 1518 2158 insignire
1534 2095 1630 2158 quam
1647 2097 1794 2162 corpora.
1832 2079 1904 2163 quis

248 2178 369 2242 bonum
401 2177 619 2242 conscientiae
648 2179 734 2242 inter
762 2178 910 2242 homines
943 2184 1093 2264 quaerat,
1126 2179 1152 2242 si
1183 2178 1295 2242 mundi
1323 2178 1511 2242 adhibenda
1533 2185 1584 2242 est
1608 2180 1693 2244 circa
1715 2180 1904 2265 pontificum

183 2335 188 2346 .
248 2286 371 2345 statuta
399 2281 598 2362 necessitas,
631 2281 659 2346 si
687 2281 896 2347 sacerdotum
925 2282 1097 2368 promissio
1122 2282 1360 2367 circumspecta
1384 2283 1536 2346 cautione
1560 2282 1765 2347 servabitur?
1810 2305 1904 2347 num-

247 2404 343 2469 quam
366 2383 481 2448 habuit
505 2384 536 2448 in
558 2384 678 2450 affectu
694 2387 921 2462 constantiam,
945 2385 997 2448 eui
1021 2384 1130 2449 facere
1148 2384 1234 2449 aliud
1252 2384 1292 2448 de
1309 2385 1543 2471 pollicitatione
1560 2405 1623 2448 non
1640 2386 1740 2450 licuit.
1780 2387 1903 2451 saeculi
1916 2369 2022 2482 901,},⁵‚¹⁰1¹j
2032 2422 2059 2462 ‚d

248 2488 453 2552 conversatio
476 2489 587 2573 legum
610 2496 699 2552 metu
723 2489 892 2564 retinetur,
917 2488 969 2552 dei
994 2488 1132 2553 famulos
1156 2489 1243 2574 quod
1266 2489 1387 2554 bonurn
1412 2495 1463 2554 est
1486 2488 1644 2554 exhibere
1669 2491 1822 2555 convenit
1837 2512 1902 2556 non
1923 2474 2046 2526 ¹³⁰⁰¹¹³¹¹·³'

247 2589 412 2655 formidini
436 2591 495 2656 sed
518 2594 630 2656 amori.
668 2592 788 2656 dudum
813 2592 888 2656 dum
912 2592 1006 2656 nobis
1030 2599 1137 2658 metus
1160 2594 1299 2658 instaret
1322 2599 1356 2656 et
1378 2592 1418 2657 de
1443 2593 1620 2658 elementia
1642 2593 1686 2679 pii
1704 2595 1791 2679 regis
1807 2595 1937 2660 dubios

248 2695 435 2760 meritorum
459 2696 688 2761 aestimatione
711 2695 930 2782 penderemus
954 2696 1090 2774 incerto,
1119 2696 1263 2760 caballos
1287 2703 1415 2762 nostros
1440 2703 1488 2761 tot
1511 2695 1635 2761 dandos
1658 2697 1775 2762 domno
1799 2720 1904 2784 papae

248 2799 306 2862 tali
334 2800 540 2865 reverentiae
568 2805 697 2864 vestrae
727 2798 918 2864 condicione
950 2796 1155 2880 tradidimus,
1187 2807 1222 2864 ut
1247 2801 1274 2864 si
1303 2800 1398 2864 nobis
1429 2800 1583 2866 animalia
1611 2801 1681 2886 ipsa
1704 2821 1770 2864 non
1794 2809 1906 2867 essent

247 2903 446 2984 necessaria,
469 2905 591 2968 iustum
615 2925 673 2989 pro
697 2904 776 2989 ipsis
801 2903 941 2988 pretium
966 2903 1159 2968 mitteretur.
1201 2905 1332 2988 etquis
1355 2903 1446 2967 novit
1470 2905 1591 2989 optime
1610 2904 1767 2967 sanctitas
1784 2909 1905 2982 vestra,

247 3024 307 3069 nos
348 3006 425 3069 dum
463 3007 628 3093 potuimus
667 3029 726 3093 per
762 3007 993 3091 allegationem
1037 3013 1124 3071 tuam
1166 3003 1326 3071 utilitates
1370 3014 1503 3072 sanctae
1539 3007 1706 3071 Romanae
1744 3007 1906 3072 ecclesiae

249 3108 455 3191 sublevasse,
487 3131 573 3174 nnnc
601 3132 659 3196 pre
690 3109 917 3174 vicissitudine
949 3109 1046 3174 facite
1080 3110 1120 3176 de
1152 3112 1291 3176 veritate
1322 3111 1530 3176 beneficium.
1576 3132 1775 3195 quaesumus
1806 3112 1936 3176 etiam3

248 3213 444 3278 salutatione
468 3215 632 3299 praelata,
664 3220 699 3278 ut
723 3215 798 3299 quid
823 3214 1006 3300 superbae
1030 3223 1123 3301 parte
1148 3215 1339 3280 deliberatio
1365 3223 1474 3280 vestra
1496 3214 1617 3279 habeat
1640 3215 1804 3290 indicetis,
1828 3216 1904 3301 quia

185 3369 188 3380 .
249 3314 412 3381 eredimus
435 3339 496 3382 nec
520 3318 702 3404 praefatum
727 3317 1039 3404 sedisapostolicae
1062 3320 1248 3404 praesulem
1273 3341 1334 3384 nec
1350 3337 1419 3400 vos,
1443 3321 1497 3404 qui
1522 3319 1719 3384 mediatores
1737 3320 1904 3398 exsistitis,

249 3419 338 3485 aliud
362 3421 517 3506 cogitare,
541 3422 602 3486 nisi
625 3422 711 3508 quod
735 3429 768 3486 et
790 3424 958 3509 proposito
983 3431 1016 3492 at
1040 3425 1185 3488 iustitiae
1210 3424 1281 3490 sine
1305 3423 1509 3487 dubitatione
1534 3423 1717 3488 conveniat.

839 3713 1047 3784 ccxxxvl
1070 3714 1182 3802 (snrsr.
1200 3721 1229 3796 5,
1249 3717 1313 3802 14).

804 3911 1041 3988 ENNODIVS
1068 3911 1351 3986 SERVILIONI.

360 4060 427 4154 De
450 4088 654 4173 perfectione
686 4089 853 4154 confidunt
882 4089 1048 4175 discipuli.
1080 4091 1229 4174 quotiens
1261 4089 1491 4172 magistrorum
1515 4089 1735 4173 praesentiam
1757 4091 1935 4172 precatu-l

251 4193 368 4257 lentur.
414 4213 489 4277 spes
513 4192 704 4257 eruditionis
728 4193 902 4258 manifesta
925 4201 987 4274 est,
1010 4201 1046 4257 ut
1069 4195 1195 4258 fruatur
1217 4195 1313 4278 genio
1338 4215 1405 4272 suo,
1436 4193 1572 4256 invitare
1596 4192 1773 4257 doctorem.
1820 4192 1907 4256 clara

253 4301 328 4360 sunt
356 4295 502 4380 ingenia,
536 4316 619 4379 quae
648 4297 865 4362 instruentum
897 4300 1063 4384 agitantur
1085 4298 1266 4363 desideriis.
1312 4298 1505 4361 monitorem
1529 4297 1712 4380 requirunt,
1741 4295 1797 4380 qui
1819 4295 1908 4359 felici

252 4405 338 4464 sorte
370 4397 563 4463 didicerunt.
616 4401 663 4464 sic
696 4423 757 4486 ego
792 4403 974 4466 sanctitatis
1010 4409 1086 4466 tuae
1118 4401 1301 4466 adlectione
1335 4420 1522 4486 possessus,
1561 4419 1755 4483 quamquam
1786 4420 1839 4463 me
1867 4397 1939 4462 dea

251 4503 370 4588 peritia
393 4502 515 4566 iactare
540 4523 605 4567 non
630 4504 779 4584 audeam,
803 4506 928 4569 vultum
953 4513 1062 4569 tamen
1085 4505 1311 4590 praeceptoris
1335 4509 1483 4589 expecto,
1508 4523 1549 4565 ne
1572 4501 1727 4586 degeneri
1744 4507 1777 4566 te
1794 4500 1909 4566 credas

252 4606 510 4670 ecclesiasticum
533 4626 668 4691 germen
692 4608 759 4672 filio
784 4608 985 4688 conmisisse,
1010 4608 1086 4692 quia
1108 4607 1257 4692 quamvis
1281 4605 1440 4670 memoria
1461 4625 1536 4668 mea
1559 4604 1600 4669 ad
1617 4611 1774 4669 centenos
1792 4626 1827 4668 se
1843 4625 1908 4667 non

251 4710 362 4775 ualeat
390 4710 516 4775 fructus
539 4711 716 4791 extollere,
748 4713 810 4778 scit
832 4719 942 4776 tamen
967 4711 1093 4777 semina
1116 4710 1332 4795 multiplicata
1356 4707 1528 4774 redhibere
1551 4708 1676 4772 cultori.
1722 4708 1795 4771 veni
1820 4727 1909 4791 ergo,

253 4818 289 4876 ut
316 4833 426 4878 eoram
455 4813 582 4899 positus
612 4821 761 4900 segetem
792 4822 882 4880 tuam
910 4814 986 4880 beni
1016 4815 1179 4900 agricolae
1208 4814 1279 4879 vice
1310 4813 1479 4899 respicias.
1525 4811 1606 4877 deus
1637 4813 1749 4908 procul
1781 4817 2042 4876 avertebamus

585 4974 602 4980 .-
612 4975 663 4982 ,Ἦ

357 5073 529 5128 adueniret
539 5075 644 5139 Horret,
661 5077 763 5128 excurrit
771 5075 804 5140 B,
823 5078 936 5128 excussit
948 5077 1024 5128 ederi
1120 5072 1396 5140 aduensstigitB⁰
1457 5071 1577 5126 rewraB
1584 5071 1608 5121 V
1699 5089 1724 5122 u.
1739 5069 1772 5122 10
1782 5066 1908 5136 edvitias]

253 5162 358 5214 caluitio
375 5169 401 5214 et
418 5160 449 5226 (ti
465 5179 521 5228 saep.
541 5163 585 5213 lin.
604 5179 638 5213 m.
654 5161 675 5226 l)
690 5161 724 5226 B,
741 5170 806 5214 reete
818 5167 885 5229 jort.
956 5163 1030 5214 lebas
1044 5161 1077 5226 B,
1095 5161 1196 5212 Phobes
1208 5159 1281 5212 Jahn

358 5263 521 5332 [CCXXXV]
556 5263 574 5316 3
592 5266 678 5332 potius
695 5283 743 5316 om.
757 5265 782 5315 B
886 5263 901 5314 7
921 5265 1035 5317 famulus
1047 5264 1072 5314 B
1175 5262 1194 5315 8
1215 5263 1357 5316 lornddinis
1378 5263 1411 5316 sd
1433 5263 1514 5315 amori
1527 5261 1572 5314 Β(Ι
1675 5259 1693 5312 9
1710 5261 1874 5328 penderimue
1886 5259 1911 5309 B

253 5352 367 5404 caballos
384 5349 446 5416 (aiae
464 5353 548 5404 verius
566 5349 691 5416 canadas)
704 5352 803 5418 scripsi,
821 5353 1018 5412 cameloalidri5
1035 5352 1193 5404 commatrem
1203 5350 1289 5416 primo
1301 5351 1384 5402 mulos
1448 5347 1585 5404 domiuoB
1691 5345 1721 5396 ll
1740 5363 1875 5398 nonensem
1886 5345 1911 5395 Β

255 5436 320 5504 (asp.
333 5439 379 5489 lin.
392 5437 412 5502 i)
510 5437 542 5490 12
559 5435 639 5503 mam]
658 5446 770 5490 naseam
784 5438 852 5503 OPb,
869 5438 1024 5490 tummolim
1088 5436 1241 5496 utilitatisB
1337 5433 1596 5503 lupanariam
1692 5430 1725 5484 15
1740 5432 1869 5486 anneus
1878 5431 1911 5495 B,

253 5527 365 5578 existitis
380 5525 409 5590 V,
425 5527 545 5578 extitistis
556 5527 624 5593 sort.

359 5626 534 5696 [CCXXXVl]
558 5626 591 5682 18
603 5629 793 5695 praestolantur
805 5629 829 5679 V
911 5626 945 5680 21
957 5629 1107 5682 dedieenmt
1116 5626 1193 5680 ΒΗ
1245 5627 1379 5680 moesone
1393 5623 1416 5673 V
1464 5621 1646 5690 quanquamV
1727 5621 1761 5674 22
1773 5620 1912 5690 peritiaeB

254 5712 288 5777 24
306 5715 449 5774 ualeantB
551 5713 586 5776 25
602 5716 709 5790 segitem
722 5715 768 5770 Be
