4566 6532
597 416 778 474 CCCLXVIII
796 419 922 487 (EPlS'l'.
941 418 964 484 1,
982 417 1036 485 30),
1055 413 1208 472 eccum
1226 414 1350 484 (uulsa.
1369 416 1393 481 7,
1411 415 1465 484 31).
1798 417 1860 482 267

204 592 404 658 adtraxerat.
458 591 516 657 sed
551 613 638 657 nuno
676 613 736 679 per
769 593 952 660 absentiam
986 598 1130 661 vestram
1162 589 1368 657 venerandae
1403 590 1529 656 solutus
1565 591 1640 676 lege
1675 588 1859 657 formidinis

202 697 334 762 molitur
361 696 513 762 obscena.
560 703 653 763 aetas
683 697 740 761 illa
767 699 912 783 peccatis
935 697 1072 764 amicior
1094 696 1214 761 multos
1237 695 1384 782 repperit
1406 694 1447 758 ad
1471 700 1579 758 errata
1601 692 1763 759 ductores.
1806 691 1891 759 ἐπι-2

204 798 312 884 plorat
339 797 437 864 fidem
466 800 625 887 propositi
647 801 711 865 mei
734 807 829 886 pater
852 807 885 865 et
908 802 1104 866 incolumem
1127 799 1228 863 filium
1254 799 1327 862 loco
1351 797 1451 863 deflet
1473 797 1622 864 extincti.
1669 798 1716 863 sic
1739 797 1863 863 faciunt

206 901 323 988 quibus
354 899 395 966 de
423 902 570 988 profectu
594 923 725 967 suorum
749 902 869 968 fidueia
891 903 982 968 nulla
1004 901 1222 988 responderit.
1268 901 1348 966 nihil
1372 901 1450 966 mihi
1474 901 1640 966 residuum
1663 900 1742 983 fuit,
1777 900 1862 988 quod

204 1003 340 1070 remedii
372 1004 444 1069 loco
475 1004 628 1089 precibus
652 1005 758 1071 rictus
790 1006 992 1091 ingererem,
1023 1005 1086 1069 nisi
1114 1010 1149 1068 ut
1180 1003 1378 1070 eminentiae
1402 1009 1533 1069 vestrae
1562 1004 1798 1070 conscientiam
1822 1003 1862 1070 de

204 1109 396 1174 excessibus
427 1113 503 1174 ante
534 1108 611 1173 dicti
641 1109 768 1174 iuvenis
797 1109 936 1174 festinus
967 1109 1175 1174 instruerem.
1221 1129 1279 1172 vos
1308 1105 1468 1172 medicam
1499 1129 1646 1189 manum,
1677 1129 1736 1173 vos
1767 1101 1895 1194 opem3

203 1216 370 1296 praestate
393 1217 593 1292 consuetam,
617 1233 659 1277 ne
676 1212 828 1277 vitiorum
850 1211 1018 1297 profectus
1041 1211 1195 1276 universa
1219 1211 1252 1275 in
1276 1231 1325 1293 eo,
1349 1231 1433 1296 quae
1454 1211 1531 1276 boni
1548 1209 1670 1297 aliquid
1686 1217 1864 1298 potuerunt

122 1381 123 1386 ,
204 1314 301 1395 ferre,
326 1315 483 1380 succidat.
522 1316 749 1381 commendate
773 1315 887 1380 amicis
911 1337 995 1402 ques
1020 1322 1169 1401 agantur,
1193 1314 1358 1379 insinuate
1382 1314 1507 1379 doctori
1531 1322 1564 1380 et
1580 1312 1736 1401 quidquid
1754 1322 1865 1402 potest

205 1417 381 1484 subvenire
404 1419 587 1500 concedite,
610 1419 688 1504 quia
711 1418 902 1496 huessant,
926 1440 1009 1504 quae
1034 1418 1190 1505 praefatis
1208 1419 1414 1484 salutationis
1433 1416 1600 1503 obsequiis
1618 1419 1865 1506 consanguineo

205 1524 330 1608 possim
352 1522 567 1608 professionis
589 1545 684 1591 meae
706 1525 842 1589 memori
867 1524 938 1589 sine
962 1523 1222 1589 dissimulatione
1245 1530 1426 1608 praestare.

803 1849 1001 1920 actum
1024 1855 1136 1938 (urrsr.
1154 1855 1182 1932 7,
1200 1851 1268 1938 31).

773 2045 1018 2122 ΡΑΒΤΕΝΙΟ
1045 2045 1295 2121 ENNODIVS.

318 2191 360 2284 P
362 2243 398 2286 ar
426 2221 557 2308 quidem
589 2225 698 2292 fueret
727 2225 857 2291 silentio
886 2223 1043 2309 degeneri
1067 2223 1172 2287 vicem
1204 2222 1439 2288 taciturnitatis
1472 2223 1593 2308 opponi
1616 2229 1650 2288 et
1672 2243 1732 2310 per
1754 2218 1891 2310 ipsumt

205 2323 322 2390 callem
337 2325 525 2409 vindictam,
548 2349 720 2414 perquem
737 2334 873 2393 venerat
890 2348 989 2407 error,
1015 2327 1118 2393 exire.
1152 2327 1308 2414 numquid
1325 2347 1465 2414 aequum
1482 2333 1543 2407 est,
1566 2327 1651 2391 utin
1668 2326 1860 2392 excessibus

159 2473 165 2480 -
204 2427 270 2492 tuis
293 2448 374 2509 vox,
406 2429 485 2516 quid
515 2430 708 2516 deliqueris,
743 2438 777 2496 ct
806 2451 871 2496 non
903 2437 1013 2496 mutus
1041 2430 1135 2495 dolor
1162 2431 1333 2496 ostendat?
1379 2429 1477 2496 crede
1505 2430 1599 2512 mihi,
1630 2429 1861 2498 manifestatae

140 2561 152 2596 r.
206 2529 422 2616 indignationi
438 2532 546 2598 vicina
569 2535 695 2598 curatio
719 2540 780 2599 est.
818 2541 851 2599 te
874 2557 936 2621 per
958 2536 1092 2620 longum
1107 2535 1206 2600 ferire
1224 2536 1338 2602 debuit
1355 2535 1483 2600 inclusa
1499 2536 1682 2617 commotio,
1707 2536 1735 2600 si
1751 2540 1862 2600 tamen

204 2655 270 2700 non
293 2657 336 2700 ex
358 2642 428 2702 toto
452 2638 493 2703 ab
517 2637 722 2704 humanitate
746 2639 939 2704 discessisti.
985 2639 1063 2725 quid
1085 2639 1298 2726 deliqueram,
1329 2646 1503 2726 postquam
1525 2638 1722 2726 primoribus
1744 2628 1895 2702 litteris2

204 2739 334 2804 reniam
357 2739 518 2806 fabricate
540 2742 724 2808 humilitate
748 2749 972 2829 poposceras?
1009 2743 1092 2808 haec
1117 2750 1167 2808 est
1191 2743 1407 2816 correctionis
1430 2742 1495 2807 fida
1511 2743 1694 2829 promissio,
1717 2747 1754 2806 ut
1769 2745 1861 2827 post·

204 2861 301 2928 quam
331 2842 506 2910 delenifica
535 2845 682 2910 oratione
713 2853 906 2932 conceptam
938 2846 1019 2910 iram
1048 2847 1241 2927 extorseris,
1275 2846 1452 2912 erubescas
1476 2853 1509 2911 te
1533 2847 1659 2912 minora
1682 2849 1862 2932 peccasset

204 2954 360 3031 quantum
389 2947 498 3028 video,
529 2955 605 3035 post
633 2955 852 3015 contestatam
876 2949 1107 3014 verecundiam
1139 2951 1227 3016 solas
1256 2971 1402 3016 errorum
1431 2949 1517 3014 vitas
1550 2950 1737 3035 angustias;
1768 2948 1862 3013 nefas

204 3051 375 3130 aestimas,
405 3052 492 3116 circa
521 3060 692 3139 parentem
720 3061 754 3120 et
781 3055 974 3119 nutritorem
1003 3060 1095 3118 tuum
1124 3075 1190 3119 non
1216 3055 1249 3119 in
1279 3059 1406 3118 tantum
1436 3059 1469 3118 te
1501 3053 1617 3120 extolli
1641 3051 1862 3138 supercilium,

202 3159 325 3237 quanta
355 3153 502 3220 debuisti
528 3177 587 3242 pro
615 3162 664 3220 tot
690 3156 860 3222 beneficiis
889 3158 1118 3224 commuuione
1147 3157 1317 3222 summitti.
1363 3162 1420 3221 aut
1448 3157 1533 3222 forte
1555 3163 1668 3244 putas,
1700 3153 1785 3241 quod
1808 3158 1893 3220 mab

202 3257 339 3342 puerilis
362 3258 412 3323 ira
434 3259 590 3325 sollicitet
612 3267 669 3326 aut
690 3261 760 3326 ulla
782 3263 964 3327 necessitas
982 3268 1145 3327 maturum
1162 3279 1355 3348 expugnare
1371 3260 1478 3347 possit
1493 3261 1668 3326 affectum?
1705 3258 1863 3346 numquid

202 3359 344 3444 genitori
371 3367 522 3428 natorum
552 3384 618 3428 uon
645 3369 740 3450 grata
769 3372 846 3430 sunt
868 3365 1026 3430 verbera?
1072 3371 1131 3430 aut
1153 3371 1320 3431 creatores
1342 3365 1541 3450 reptantium
1565 3363 1774 3450 parvulorum
1796 3383 1862 3427 non

205 3468 239 3526 et
266 3464 453 3531 mulcentur
480 3467 627 3532 iniuriis?
672 3467 753 3532 nihil
782 3489 930 3534 amarum
959 3474 1090 3554 putant,
1122 3469 1250 3555 quibus
1271 3469 1358 3534 inter
1386 3465 1553 3533 desideria
1581 3465 1666 3553 qnod
1689 3467 1772 3531 votis
1803 3486 1862 3552 pro

204 3571 298 3651 parta
321 3567 516 3636 adversetur
538 3568 703 3636 efferbuit.
747 3571 930 3637 invenimus
953 3572 1041 3637 inter
1062 3570 1209 3636 triticeas
1232 3575 1363 3656 segetes
1387 3570 1499 3655 spinas
1523 3575 1557 3634 ct
1579 3569 1703 3651 lolium,
1726 3574 1761 3634 et
1783 3566 1893 3632 duml

203 3667 395 3754 frugiferam
418 3672 556 3738 herbam
579 3675 753 3761 carpimus,
777 3675 954 3740 infecunda
976 3681 1205 3761 suggeruntur.
1241 3672 1397 3758 numquid
1413 3671 1489 3737 ideo
1506 3673 1654 3738 culturae
1670 3670 1858 3759 respuenda

204 3769 376 3858 diligentie
397 3781 450 3841 est
472 3783 529 3842 aut
552 3775 747 3844 cessandum
772 3785 823 3844 est
840 3778 1073 3860 aromatibus,
1095 3778 1123 3842 si
1146 3799 1212 3842 non
1235 3777 1268 3842 in
1292 3782 1361 3841 toto
1385 3775 1584 3841 satisfecerit
1606 3781 1695 3842 terra
1717 3773 1856 3840 cultori?

204 3873 303 3941 deum
325 3898 450 3963 precor,
472 3886 510 3945 ut
525 3901 545 3945 e
560 3887 594 3947 te
617 3881 704 3966 quod
726 3880 873 3947 detestor
895 3881 1060 3947 excludat.
1100 3901 1161 3967 ego
1184 3887 1294 3946 tamen
1311 3899 1496 3965 numquam,
1521 3879 1549 3943 si
1563 3877 1681 3958 credis,
1704 3878 1855 3944 deseram

204 3979 374 4044 monitoris
398 3981 550 4047 officium.
596 3983 706 4050 audiri
729 3991 762 4050 ta
786 3986 889 4072 patris
912 3986 960 4050 tui
984 3986 1143 4051 relatione
1166 3985 1255 4050 cirea
1278 3983 1384 4049 studia
1406 3983 1470 4047 iam
1494 3983 1668 4048 remissum
1692 3987 1736 4064 et,
1766 3981 1891 4067 quasib

204 4102 313 4148 arcem
342 4085 501 4151 scientiae
532 4086 672 4174 adeptus
701 4088 761 4168 sis,
792 4090 839 4154 ita
866 4089 1054 4155 nullatenus
1086 4089 1161 4156 esse
1191 4087 1232 4153 de
1261 4087 1412 4152 lectionis
1435 4086 1653 4152 instructione
1678 4085 1864 4151 sollicitum.

203 4187 307 4268 nosti,
336 4187 398 4270 fili,
427 4189 523 4254 istius
550 4191 598 4256 rei
626 4211 786 4258 summam
814 4193 877 4257 nisi
906 4192 1104 4260 adsiduitate
1135 4193 1236 4258 nimia
1259 4213 1323 4256 non
1347 4190 1463 4256 teneri.
1509 4212 1574 4256 uon
1597 4189 1722 4277 profuit
1744 4191 1777 4254 in
1801 4189 1863 4254 hoo

204 4309 304 4376 opere
336 4292 505 4359 laborasse
535 4294 712 4380 aliqnando
740 4294 920 4378 hominem,
953 4297 1008 4384 qui
1038 4318 1058 4361 a
1085 4296 1207 4361 laboris
1235 4295 1419 4360 intentione
1449 4293 1621 4360 destiterit.
1673 4292 1862 4380 pernicibus

202 4393 265 4458 alis
288 4396 506 4483 neglegentes
528 4397 614 4484 fugit
636 4399 790 4480 scientie,
824 4406 862 4465 et.
880 4399 1038 4487 quidquid
1061 4421 1153 4465 mora
1176 4405 1210 4465 et
1233 4398 1353 4464 sudore
1376 4403 1505 4484 partum
1530 4403 1580 4463 est
1603 4398 1665 4463 sub
1690 4397 1861 4462 celeritate

152 4549 153 4554 ,
202 4498 408 4566 transfertur.
452 4506 486 4567 te
510 4503 687 4568 salutatum
711 4504 900 4590 strigilem
922 4504 1007 4586 solo,
1035 4509 1071 4569 ut
1097 4503 1265 4590 profectus
1287 4502 1334 4566 tui
1356 4521 1498 4566 messem
1521 4502 1703 4568 cotidianae
1728 4499 1887 4564 catenisb

204 4600 354 4668 lectionis
383 4604 577 4690 adstringes.
622 4606 664 4672 ad
694 4627 747 4672 me
769 4609 822 4672 vel
853 4628 954 4684 nuuc,
986 4609 1013 4672 si
1040 4606 1118 4694 quid
1146 4614 1179 4672 te
1211 4606 1327 4674 deceat
1349 4604 1492 4692 cogitas,
1522 4605 1679 4688 rescribe,
1712 4604 1802 4690 quia,
1834 4601 1861 4665 si

205 4705 323 4788 credis,
346 4727 522 4794 numquam
545 4709 684 4776 similem
708 4708 888 4777 dictionum
911 4719 1041 4777 tuarum
1065 4712 1216 4777 invenies
1239 4713 1272 4776 in
1296 4709 1442 4796 qualibet
1464 4709 1552 4775 orbis
1574 4717 1669 4798 parte
1689 4709 1862 4774 fautorem.

309 4966 524 5023 lettrueratV
631 4968 728 5040 3ωοί]
746 4968 840 5024 meB1
847 4968 960 5024 nmo
1025 4970 1217 5024 incolomemB
1328 4969 1486 5040 Squicquid
1501 4970 1526 5021 V
1634 4964 1816 5020 9selntetioni
1828 4964 1862 5031 B,

203 5052 321 5107 selumtis
336 5055 390 5122 Vb,
406 5058 499 5110 mutis
516 5057 541 5108 T
640 5056 675 5110 10
691 5075 804 5112 memoro
819 5057 853 5124 B,
870 5075 967 5112 memor
979 5057 1059 5112 Sim.

308 5155 479 5228 [commu]
511 5158 542 5212 11
562 5161 695 5229 munio
707 5161 733 5213 Β
837 5157 873 5214 12
889 5159 924 5228 et]
943 5169 973 5214 nt
989 5159 1050 5214 be
1154 5160 1188 5214 13
1206 5162 1345 5214 uindictam
1357 5159 1391 5226 B,
1408 5161 1524 5214 uindicta
1534 5159 1610 5212 ceteri
1673 5157 1744 5209 exire
1756 5155 1861 5220 Har-tel,

203 5245 285 5296 exiret
301 5245 362 5297 libri
474 5244 508 5298 15
525 5247 696 5315 indignationi
713 5249 740 5299 iu
753 5247 790 5300 lit
802 5247 836 5313 Β,
852 5249 979 5300 sandoro
995 5247 1044 5313 V‘,
1060 5265 1122 5300 cura
1139 5248 1188 5301 del.
1207 5257 1230 5299 ct
1247 5247 1353 5315 indigna
1364 5264 1420 5314 sup.
1433 5264 1482 5298 scr.
1495 5244 1535 5297 7⁶
1647 5241 1680 5296 18
1697 5243 1826 5296 delinifica
1837 5240 1863 5292 B

203 5331 341 5383 erubescas
359 5329 395 5399 te]
418 5331 502 5384 srobis
520 5341 590 5385 mets
603 5333 629 5384 Β
656 5331 657 5334 ’
748 5331 784 5386 20
800 5335 940 5387 aestimans
962 5335 984 5387 si
1001 5335 1070 5387 circe
1087 5333 1184 5387 Hor-tel
1269 5343 1295 5386 te
1313 5333 1382 5401 qued
1399 5333 1497 5385 codices
1514 5341 1573 5384 ants
1595 5331 1720 5384 summitti
1738 5329 1862 5392 abibam

203 5425 262 5468 arde
283 5419 372 5470 extolll
391 5417 504 5482 (extollis
521 5417 555 5483 B)
578 5421 718 5484 emrloeuoi,
742 5421 791 5472 del.
810 5419 889 5473 Sirra.
1010 5417 1046 5473 ab
1063 5422 1184 5474 efferuuit
1195 5419 1235 5471 13¹
1356 5417 1392 5472 26
1410 5421 1566 5488 frugiferam
1579 5417 1604 5469 B
1689 5417 1805 5484 cepimus
1817 5414 1863 5465 Ba

202 5499 237 5554 29
254 5513 340 5572 petrea
352 5502 393 5554 Β)
488 5505 520 5556 31
540 5507 690 5559 assiduitate
705 5506 731 5556 V
821 5503 857 5558 32
874 5507 994 5560 distiterit
1006 5506 1039 5572 B,
1056 5509 1154 5560 destitit
1166 5507 1244 5559 Siros.
1343 5503 1377 5557 33
1394 5505 1553 5573 quicquidV
1644 5501 1680 5554 35
1697 5503 1826 5569 utringue
1842 5499 1865 5552 V

202 5587 237 5644 36
255 5593 384 5645 loommin
400 5591 426 5642 B

1600 5817 1655 5876 341
