4596 6450
404 315 466 378 206
1060 309 1192 364 ectum
1211 307 1345 376 (orusc.
1365 309 1400 376 1).

403 484 604 550 didicerunt?
649 481 921 569 quemadmodum
944 482 995 564 fit,
1026 490 1062 545 ut
1084 481 1215 546 ieiunae
1238 479 1421 567 cornipedis
1446 500 1555 544 sessor
1577 480 1758 546 visceribus
1782 481 1871 547 cibos
1895 483 2056 562 extrahat,

404 609 485 674 quos
510 587 631 652 illane
655 584 827 664 conderet,
856 575 1027 671 diligentia
1049 585 1231 649 instruente
1255 585 1445 670 prospexit?
1491 583 1541 647 his
1565 589 1640 648 ante
1664 584 1803 650 mundus
1825 587 1958 673 pervius
1982 609 2057 653 esse

404 691 612 758 credebatur:
636 710 722 755 nunc
745 690 835 754 illam
859 688 922 754 sibi
944 694 1071 753 tantum
1088 689 1176 752 orbis
1193 695 1320 773 partem
1337 688 1549 753 interclusam
1565 689 1750 770 aestimant,
1773 709 1870 775 quam
1886 693 1999 756 tueris.
2017 729 2057 740 -

403 796 533 860 Cursim
555 796 659 860 multa
680 792 887 872 transcendo,
912 815 952 858 ne
977 792 1127 878 pigrioris
1151 793 1218 856 stili
1235 793 1312 857 vitio
1330 813 1423 857 serus
1439 791 1606 873 advenias,
1630 811 1672 857 ue
1688 791 1858 860 Romanae
1874 795 1931 860 fax
1948 797 2058 861 curiae

405 899 461 964 diu
485 899 517 963 in
540 898 690 962 umbram
713 905 828 962 coacta
851 896 976 961 tardius
999 897 1178 961 elucescat.

352 1000 393 1062 23
513 1000 574 1067 Vl.
607 1001 700 1066 luter
714 1002 802 1066 vitae
824 1000 974 1065 tirocinia
997 1005 1031 1064 et
1045 997 1282 1085 triumphorum
1298 999 1519 1064 maturitatem
1534 999 1662 1085 pectori
1678 1021 1770 1065 sacro
1786 1001 1939 1066 affectum
1955 1001 2059 1066 nostri
2088 1079 2095 1096 Ι

404 1106 556 1171 caelestis
586 1105 678 1170 favor
708 1105 836 1170 infudit.
881 1105 945 1168 iam
977 1103 1149 1167 diuturnae
1181 1103 1301 1188 quietis
1333 1101 1504 1188 dispendio
1532 1125 1591 1190 per
1619 1101 1872 1188 gubernantium
1900 1105 2059 1171 vilitatem
2074 1127 2150 1178 aare

403 1215 522 1296 potens
544 1215 632 1275 terra
654 1215 881 1289 consenuerat,
905 1209 969 1271 iam
993 1205 1149 1271 attulerat
1171 1207 1312 1292 publicis
1337 1207 1454 1294 opibus
1478 1227 1545 1292 pax
1569 1208 1764 1273 intemerata
1787 1207 1962 1285 defectum,
1986 1233 2059 1275 cum

404 1313 491 1400 apud
514 1335 574 1378 nos
597 1313 794 1378 cottidianae
819 1311 1085 1398 depraedationis
1108 1317 1223 1375 auctus
1247 1308 1454 1374 successibus
1478 1311 1653 1375 intestinus
1669 1314 1843 1400 populator
1858 1322 1981 1400 egeret.
2005 1317 2060 1402 qui

406 1437 537 1482 suorum
570 1416 726 1502 prodigus
758 1417 961 1482 incrementa
995 1416 1114 1479 aerarii
1148 1435 1211 1479 non
1245 1422 1312 1479 tam
1347 1415 1506 1500 poscebat
1541 1436 1676 1501 surgere
1709 1419 1926 1502 vectigalibus
1964 1442 2062 1506 quarn
2088 1445 2095 1450 ·
2117 1455 2143 1492 ru

405 1521 539 1608 rapinis.
579 1522 748 1586 saeviente
764 1521 889 1585 ambitu
909 1541 1035 1607 pauper
1050 1518 1200 1584 dominus
1217 1518 1292 1582 odia
1308 1519 1468 1583 effusione
1485 1525 1704 1598 contraxerat,
1730 1519 1787 1585 sed
1804 1543 1864 1586 nec
1881 1522 2063 1591 defrudatis

354 1628 394 1689 24
407 1625 530 1689 viribus
561 1623 646 1710 quod
676 1624 844 1689 minuebat
874 1625 1061 1711 opulentiae
1094 1624 1292 1708 iungebatur
1322 1624 1464 1690 affectui.
1510 1631 1587 1689 tunc
1616 1625 1703 1689 enim
1731 1627 1825 1692 aulae
1855 1631 2007 1715 angustia
2030 1632 2063 1696 in

408 1735 513 1793 artum
537 1750 590 1794 res
613 1729 758 1815 privatas
782 1729 939 1813 agitabat,
963 1749 1024 1792 nec
1047 1728 1168 1791 micare
1191 1748 1328 1812 usquam
1346 1728 1505 1791 scintillas
1521 1728 1735 1793 famulantum
1752 1731 1917 1797 extinctus
1935 1735 2065 1818 tyranni

407 1833 510 1898 fomes
526 1830 715 1897 indulserat.
750 1833 919 1896 metuebat
935 1837 1090 1918 parentes
1108 1831 1283 1910 exercitus,
1301 1851 1398 1916 quem
1414 1831 1603 1896 meminisse
1621 1831 1757 1917 originis
1775 1855 1854 1899 snae
1867 1835 2066 1903 admonebat

407 1937 511 2001 honor
533 1936 676 2011 alicnus;
700 1958 775 2001 narn
798 1937 844 2000 ire
868 1937 910 2000 ad
933 1943 1046 2000 nutum
1072 1955 1166 1998 suum
1189 1935 1336 2020 legiones
1361 1941 1394 1998 et
1416 1955 1564 1999 remeare
1587 1956 1708 2021 pavore
1725 1938 1853 2023 algidus
1871 1941 2064 2026 imperabat.
2133 1974 2145 2008 s.

407 2047 563 2126 suspecta
585 2040 673 2104 enim
697 2047 748 2104 est
771 2038 981 2105 oboedientia
1004 2060 1089 2125 quae
1112 2038 1290 2101 famulatur
1312 2038 1465 2123 indignis,
1489 2047 1522 2103 et
1546 2040 1698 2124 quotiens
1722 2043 1888 2128 praelatos
1912 2046 2066 2110 convenit

355 2144 396 2206 25
409 2146 610 2210 conscientia
633 2145 742 2230 stirpis
766 2145 909 2220 ultimae,
934 2154 967 2208 et
990 2142 1070 2208 illud
1093 2150 1251 2220 metuunt,
1276 2142 1363 2227 quod
1386 2144 1550 2207 timentur.
1596 2151 1674 2208 nata
1697 2153 1747 2209 est
1769 2145 1874 2211 felicis
1899 2147 1983 2212 iuter
2006 2170 2065 2213 vos

410 2269 510 2313 causa
539 2246 740 2323 discordiae,
777 2247 852 2312 dum
889 2247 1076 2334 perduelles
1110 2248 1234 2310 animos
1265 2247 1298 2310 in
1328 2247 1584 2332 propinquorum
1613 2254 1742 2313 tuorum
1773 2271 1887 2316 necem
1918 2251 2067 2318 Romana

410 2352 610 2438 prosperitas
636 2351 795 2414 invitavit.
841 2360 999 2436 generata
1026 2357 1077 2414 est
1105 2350 1146 2414 ab
1176 2350 1328 2414 invalidis
1360 2370 1460 2414 causa
1489 2351 1650 2426 certandi,
1682 2361 1714 2418 et
1741 2375 1782 2419 ne
1806 2357 1857 2418 vel
1886 2379 1905 2420 a
1933 2359 2066 2443 negotio

357 2461 398 2523 26
410 2456 565 2542 perituris
589 2455 716 2519 veniret
738 2454 866 2534 fiducia,
889 2477 965 2542 pars
989 2456 1155 2538 fugacium
1179 2455 1304 2540 proelia
1327 2454 1512 2518 concitavit.
1553 2461 1630 2519 tuuc
1653 2478 1670 2520 a
1695 2465 1727 2522 te
1751 2462 1945 2524 conmunitis
1968 2462 2067 2547 longe
2122 2491 2144 2528 ·.·

410 2562 541 2643 lateque
566 2559 687 2622 viribus
716 2559 903 2624 innumeros
933 2559 1051 2623 diffusa
1080 2579 1139 2644 per
1162 2559 1302 2644 populos
1325 2578 1407 2641 gens
1430 2577 1496 2622 una
1519 2559 1729 2625 contrabitur.
1774 2563 1934 2647 migrante
1957 2571 2068 2629 tecum

411 2663 451 2726 ad
468 2660 650 2726 Ausoniam
675 2661 793 2726 mundo
817 2663 924 2726 nullus
947 2671 1079 2748 praeter
1101 2670 1273 2747 parentem
1297 2662 1359 2725 iter
1382 2661 1534 2747 adripuit.
1575 2671 1703 2749 sumpta
1727 2673 1802 2730 sunt
1824 2669 1972 2754 plaustra
1994 2671 2067 2735 vice

410 2772 587 2845 tectorum,
617 2766 704 2828 etin
728 2764 841 2829 domos
865 2766 1039 2830 instabiles
1063 2767 1292 2830 confluxerunt
1315 2765 1423 2828 omnia
1447 2767 1608 2830 servitura
1631 2770 1831 2834 necessitati.
1876 2779 1953 2836 tunc
1977 2796 2069 2839 arma
2083 2799 2159 2849 aeas

269 2871 403 2969 left-ff·
415 2869 546 2934 Cereris
570 2876 602 2932 et
625 2869 785 2932 solventia
806 2869 1005 2933 frumentum
1030 2869 1137 2933 bubus
1161 2888 1241 2931 saxa
1263 2866 1487 2932 trahebantur.
1526 2875 1681 2934 oneratae
1705 2871 1827 2937 fetibus
1847 2882 1967 2939 matres
1983 2877 2071 2944 inter
2245 2850 2247 2854 .

315 2956 321 2976 ’
357 2973 552 3040 atramitica
576 2977 649 3036 tuas
673 2972 794 3037 oblitae
819 2994 918 3038 sexus
943 2982 976 3038 et
999 2972 1151 3059 ponderis
1175 2971 1311 3058 parandi
1335 2972 1440 3036 victus
1465 2993 1543 3036 cura
1566 2973 1766 3040 laborabant.
1806 2981 1929 3042 tuuoin
1952 3002 2070 3068 campo
2126 3009 2151 3048 a.

257 3077 518 3174 ‘'aggere-hiems
542 3083 576 3140 ct
598 3075 665 3161 iugi
689 3078 879 3161 pruinarum
904 3076 1042 3141 candore
1060 3077 1167 3140 velata
1190 3075 1350 3139 caesaries
1367 3075 1502 3139 barbam
1519 3075 1620 3139 stiriis
1636 3076 1783 3163 inplicuit
1801 3081 1890 3144 crine
1905 3102 2070 3166 possesso.

311 3161 336 3182 '⁹
371 3162 375 3171 ¹
414 3201 490 3244 nam
513 3179 598 3264 quod
621 3178 812 3264 diligentius
836 3179 1064 3245 indumentum
1088 3187 1238 3242 matrona
1261 3184 1406 3252 neverat,
1430 3176 1568 3242 durante
1584 3180 1661 3264 gelu
1677 3189 1713 3244 ut
1730 3181 1925 3250 adhaereret
1943 3190 2071 3274 corpori

411 3283 636 3368 frangebatur.
680 3289 809 3369 pastum
840 3283 1026 3366 agminibus
1057 3283 1123 3346 tuis
1156 3290 1212 3345 aut
1243 3280 1418 3345 indevotae
1448 3282 1595 3345 nationes
1626 3291 1682 3347 aut
1706 3285 1843 3351 educata
1867 3289 1978 3354 lustris
2001 3291 2070 3356 fera

414 3388 591 3478 suggessit.

361 3495 401 3558 28
465 3525 468 3531 ,
522 3488 598 3553 VII.
633 3489 725 3554 luter
747 3489 840 3570 haee,
864 3510 948 3574 quac
972 3489 1029 3553 tibi
1055 3511 1128 3554 cum
1148 3491 1253 3575 glacie
1277 3497 1333 3553 aut
1353 3489 1469 3554 ardore
1493 3497 1672 3572 cesserunt,
1696 3514 1794 3558 uuam
1815 3500 2000 3564 certaminis
2024 3501 2073 3565 tui
2128 3527 2149 3540 ··

414 3595 534 3659 lineam
550 3600 772 3660 summotenus
791 3595 873 3659 libet
884 3592 1064 3677 adtingere.
1094 3593 1178 3657 Vlca
1190 3594 1306 3656 fluvius
1323 3599 1374 3657 est
1389 3593 1492 3657 tutela
1505 3592 1715 3681 Gepidarum,
1731 3619 1814 3682 quae
1829 3603 1899 3665 vice
1914 3623 2073 3688 aggerum

413 3699 518 3762 munit
553 3698 695 3763 audaces
732 3704 765 3762 et
798 3698 831 3761 in
860 3697 1010 3781 iugorum
1048 3718 1136 3760 more
1174 3697 1260 3761 latus
1293 3698 1479 3782 provinciae
1509 3698 1701 3782 quibusdam
1732 3704 1832 3767 muris
1864 3708 2073 3792 amplectitur

413 3802 504 3880 nullo
527 3803 631 3868 ariete
653 3800 859 3891 frustrandis.
898 3799 937 3864 ad
961 3799 1047 3863 huuc
1070 3809 1103 3864 te
1128 3800 1220 3864 callis
1243 3802 1290 3864 tui
1314 3802 1402 3886 rigor
1425 3800 1572 3878 adduxit,
1595 3802 1651 3867 ubi
1675 3825 1732 3889 pro
1755 3805 1874 3891 legatis
1891 3816 1924 3873 et
1945 3812 2074 3896 gratiae

417 3905 639 3993 postulatione
662 3903 843 3969 obsistendi
873 3905 980 3968 animo
1009 3925 1091 3989 gens
1122 3902 1176 3967 diu
1205 3904 1326 3967 invicta
1356 3905 1558 3990 properavit,
1589 3927 1662 3970 cum
1690 3929 1797 3993 paene
1825 3911 1975 3977 cohortes
1999 3922 2074 3980 tuas

363 4009 493 4075 assate
521 4007 671 4072 inimicos
700 4007 794 4072 famis
824 4009 1005 4074 necessitas
1036 4006 1213 4072 obsideret.
1258 4007 1325 4084 dic,
1359 4029 1497 4092 quaeso,
1531 4008 1784 4077 clementissime
1812 4013 1957 4097 dominc,
1995 4019 2073 4104 quid
2129 4043 2153 4076 ·:.

416 4117 547 4198 praeter
570 4119 603 4176 te
628 4111 698 4197 spei
722 4119 794 4175 erat
816 4110 982 4176 residuum
1004 4113 1036 4174 iu
1053 4112 1174 4197 populo
1191 4110 1335 4174 harenae
1351 4119 1407 4175 aut
1424 4111 1586 4176 sideribus
1603 4115 1834 4200 conparando?
1873 4119 2072 4186 instantibus

416 4214 555 4300 (lepidis
579 4235 673 4281 amne
697 4215 887 4300 pestilentia
911 4214 983 4292 iter,
1008 4213 1092 4298 quod
1117 4213 1317 4279 declinasset
1339 4213 1479 4298 fugiens,
1504 4222 1617 4281 contra
1640 4217 1779 4284 nudatos
1803 4223 1922 4307 vagina
1944 4225 2075 4309 gladios

261 4315 639 4412 ,fflpgp,}¹¹,transvolasti.
685 4317 806 4381 nullius
834 4317 928 4382 inscii
959 4338 1066 4381 mersa
1090 4338 1193 4382 caeno
1217 4317 1355 4381 haesere
1379 4318 1533 4404 vestigia,
1565 4321 1674 4386 nullus
1697 4323 1785 4388 vitae
1808 4325 1963 4412 prodigus
1987 4331 2075 4415 peri·

421 4423 530 4488 culum
560 4423 695 4508 ignarus
725 4421 866 4486 incurrit.
914 4421 1053 4484 vincitur
1083 4421 1245 4486 humanae
1274 4423 1393 4486 mentis
1426 4423 1601 4489 auctoritas
1633 4428 1840 4511 praevisione
1868 4428 2076 4514 discriminis,

417 4525 557 4591 labascit
571 4525 705 4589 fortium
721 4525 930 4605 conscientia,
948 4524 1098 4608 quotiens
1114 4523 1319 4588 formidanda
1331 4525 1432 4589 oculis
1449 4526 1651 4610 ingeruntur.
1687 4532 1778 4595 stetit
1793 4540 1868 4597 ante
1881 4533 2075 4600 indomitam

521 4836 539 4888 2
556 4837 707 4891 eoaderitB
805 4836 821 4888 3
839 4845 924 4890 tuerer
936 4837 962 4888 B
1022 4845 1051 4889 tu
1069 4838 1148 4889 ureris
1160 4839 1249 4889 malim
1261 4847 1289 4888 ut
1300 4839 1449 4904 Petschenig
1546 4840 1563 4892 4
1581 4859 1628 4893 eur
1645 4843 1667 4893 si
1684 4842 1766 4895 multa
1778 4842 1804 4893 B
1863 4844 1915 4896 stili
1927 4847 1950 4909 b,
1967 4847 2030 4899 atilli
2043 4847 2078 4913 B,

417 4924 599 4983 stellaeccteri
703 4941 735 4976 ns
755 4963 780 4975 ..
800 4926 864 4977 uitio
882 4942 914 4976 ne
936 4941 1009 4978 serus
1025 4925 1051 4974 Β
1187 4923 1204 4974 5
1226 4927 1343 4977 umbram
1361 4925 1448 4990 Sirra,
1470 4927 1561 4978 umbra
1577 4927 1637 4978 libri
1777 4926 1791 4978 ”l
1814 4931 2008 4997 gubernantum
2025 4933 2082 4984 PM

417 5010 435 5062 8
452 5012 588 5063 deductum
601 5010 627 5061 B
739 5008 755 5061 9
773 5011 914 5063 cotidianas
929 5009 954 5059 V
1026 5010 1147 5078 populato
1170 5019 1270 5078 regeret
1281 5011 1318 5075 B,
1341 5012 1422 5079 egerit
1445 5012 1581 5080 populator
1598 5015 1673 5065 ceteri
1784 5014 1815 5068 ll
1834 5017 1991 5069 saeuientem
2009 5019 2080 5082 libri,

418 5097 514 5149 mma.
527 5097 624 5164 marcq,
642 5097 772 5149 ueniente
790 5098 816 5148 in
834 5096 931 5148 Hartcl
1000 5113 1143 5164 pauperum
1154 5097 1221 5163 sort.
1298 5097 1416 5149 dominus
1428 5095 1462 5162 B,
1479 5099 1610 5151 dominnm
1626 5099 1703 5152 celeri
1813 5100 1846 5152 12
1863 5105 1968 5154 affectui
1981 5104 2081 5156 Hartel

423 5183 467 5248 (as.
487 5182 635 5235 oXXXIX
646 5187 670 5247 2,
690 5182 846 5235 ocum]
854 5187 870 5234 2
888 5183 945 5249 al),
961 5183 1055 5235 affectu
1074 5183 1134 5233 libri
1240 5181 1271 5234 13
1289 5185 1402 5236 sxtiutus
1414 5183 1458 5234 Ba
1567 5184 1600 5237 15
1617 5186 1727 5254 legionis
1740 5187 1847 5238 BVLT
1954 5187 1987 5240 16
2006 5209 2080 5257 prae·

419 5269 488 5321 latus
500 5271 607 5334 codices,
630 5269 728 5322 mered.
736 5287 757 5336 p
890 5265 922 5320 lt
946 5269 1034 5321 fobeas
1050 5268 1156 5332 audica,
1178 5269 1275 5322 cmmd.
1294 5266 1353 5336 Ttp
1486 5269 1518 5321 18
1540 5272 1678 5339 perduellis
1699 5274 1799 5324 suimus
1817 5275 1923 5339 codices,
1945 5278 2045 5328 mmcd.
2058 5296 2081 5345 p

418 5373 550 5408 romanam
575 5356 687 5419 caea,
715 5355 812 5408 cmmd.
829 5374 850 5422 p
990 5353 1024 5405 19
1051 5355 1093 5407 nel
1118 5373 1151 5407 an
1170 5357 1175 5422 Ι
1194 5357 1297 5424 negotio
1314 5355 1340 5407 Β
1477 5355 1510 5408 21
1538 5359 1689 5411 innumerus
1706 5359 1732 5409 Β
1869 5360 1903 5412 22
1928 5364 2038 5430 arripuit
2061 5363 2087 5414 V

419 5439 453 5493 23
475 5444 566 5495 domus
588 5443 716 5494 instabilis
728 5441 753 5491 Β
874 5439 907 5492 24
927 5442 1014 5494 bubus
1030 5440 1063 5507 Β,
1087 5443 1170 5494 bobus
1187 5445 1263 5494 ceteri
1383 5442 1418 5494 25
1439 5445 1558 5498 laborant
1574 5445 1653 5498 Siras.
1776 5444 1809 5498 27
1828 5445 1895 5512 nam]
1921 5449 1971 5500 iam
1989 5451 2082 5501 malim

419 5527 453 5580 31
472 5530 598 5596 attingere
618 5528 643 5579 V
760 5525 795 5579 32
812 5537 901 5581 munst
917 5527 942 5578 B
1021 5529 1048 5579 iu
1066 5527 1203 5580 ἅοὶιπάιιηι
1218 5539 1281 5595 pauo
1360 5549 1488 5598 moremp
1614 5531 1648 5584 33
1665 5534 1750 5600 ligatis
1763 5533 1788 5583 B
1908 5531 1942 5585 323
1961 5538 2043 5589 fumes
2056 5539 2084 5589 B

420 5616 553 5667 obsederet
565 5615 590 5665 B
693 5612 726 5666 37
745 5615 858 5668 nudatus
870 5614 896 5664 Β
964 5614 1068 5681 gladius
1080 5613 1106 5663 B
1210 5612 1244 5665 39
1262 5617 1376 5668 incurret
1389 5616 1415 5666 B
1517 5615 1553 5668 40
1570 5621 1749 5671 conscientium
1763 5618 1803 5669 Β1
