4566 6532
425 379 487 442 274
786 372 966 428 CCCLXXXI
984 371 1107 440 (Error.
1125 372 1150 434 8,
1169 372 1197 438 5)
1216 399 1247 409 -
1266 368 1474 424 CCCLXXXIII
1493 367 1615 434 (nrlsr.
1633 369 1659 434 8,
1677 369 1713 437 7).

424 568 519 633 quam
542 569 615 612 cum
632 545 790 626 videritis,
814 567 880 612 non
902 544 1034 632 possitis
1057 543 1226 629 ambigere
1250 542 1292 607 ab
1317 542 1458 608 ecclesia
1481 542 1678 608 destinatam
1703 547 1737 606 ct
1759 541 1801 608 de
1823 542 1894 606 eius
1914 541 2086 608 thesauris

425 657 459 716 at
480 650 606 735 gremio
630 649 691 714 sub
715 650 778 715 boc
802 649 911 716 studio
933 649 1147 735 processisse,
1171 654 1207 712 ut
1230 652 1370 712 tractata
1384 646 1566 712 liberaliter
1581 646 1687 732 pariat
1702 645 1794 711 vobis
1811 646 1843 710 in
1860 646 1918 710 illa
1933 645 2085 710 melioris

425 753 549 820 saeculi
571 754 826 822 commutatione
850 752 1045 818 mercedem.
1083 752 1115 815 in
1139 750 1258 837 quibus
1282 749 1452 835 mancipiis
1475 748 1569 813 iuxta
1590 747 1872 814 adnuntiationem
1895 747 2084 814 beatissimi

268 855 583 959 (gmssg‘jpllsaurenti
607 857 760 942 martyris
783 877 863 943 opes
887 878 960 923 esse
984 855 1144 921 maximas
1168 855 1240 940 quis
1262 853 1417 939 negabit?
1456 857 1533 917 sunt
1548 852 1636 917 enim
1653 852 1807 932 feminae,
1830 873 1913 936 quac
1929 851 2083 936 quamvis

303 938 309 960 ¹
425 961 600 1026 exterioris
623 960 761 1026 bominis
785 959 908 1024 lumina
930 958 1166 1046 perdidissent,
1196 961 1356 1025 mentium
1385 957 1560 1044 splendore
1586 956 1769 1022 radiabunt.
1814 955 1970 1042 quicquid
1994 955 2083 1020 enim
2151 977 2163 1012 ι»

423 1064 613 1151 corporibus
646 1063 687 1128 de
723 1065 939 1150 prosperitate
976 1063 1178 1144 subducitur,
1219 1062 1261 1128 ad
1295 1063 1423 1148 frugem
1459 1062 1578 1126 crescit
1611 1063 1804 1126 animarum.
1859 1061 1960 1124 nolite
1995 1060 2086 1124 male

423 1168 590 1254 accipere,
623 1167 711 1252 qued
741 1181 801 1232 nce
825 1164 936 1232 videre
965 1172 1118 1252 poterunt
1145 1189 1206 1232 nec
1234 1166 1349 1232 videri.
1394 1167 1507 1251 procul
1532 1187 1552 1230 a
1573 1166 1763 1231 maturitate
1790 1169 1902 1230 vestra
1929 1163 2085 1228 inliciens

423 1269 542 1337 decore
572 1270 769 1336 formositas.
813 1271 868 1355 qui
890 1269 991 1334 vitam
1022 1292 1115 1335 suam
1145 1272 1230 1335 sicut
1255 1292 1314 1335 ros
1343 1271 1377 1334 in
1409 1269 1471 1334 hoc
1499 1269 1704 1334 innocentiae
1732 1269 1817 1334 calle
1845 1266 2024 1354 disposuit,
2057 1266 2085 1330 si

423 1375 509 1442 tales
540 1380 667 1460 pascat,
699 1374 732 1437 in
761 1373 861 1437 caelis
890 1379 949 1438 est.
996 1371 1094 1439 erede
1122 1373 1216 1454 mihi,
1249 1373 1398 1458 quamvis
1421 1373 1516 1438 vobis
1544 1370 1667 1458 gaudia
1689 1371 1797 1458 pariat
1819 1372 1893 1436 lusa
1916 1370 2084 1436 addeum

394 1478 562 1544 ilnbertas
586 1476 644 1544 illa
666 1477 888 1556 lacrimarum,
912 1477 1057 1541 contenti
1080 1476 1172 1541 eritis
1195 1475 1365 1563 possidere
1391 1475 1451 1540 sub
1475 1476 1720 1542 continuatione
1743 1477 1950 1562 plangentes.
1995 1476 2086 1540 inter

425 1582 489 1646 ista
511 1580 608 1659 bona,
632 1600 717 1665 quac
739 1578 909 1665 praelatus
932 1600 1015 1660 sum,
1039 1580 1117 1645 licet
1139 1600 1258 1664 magno
1275 1579 1369 1644 vobis
1393 1578 1506 1644 labore
1530 1587 1565 1644 et
1586 1580 1692 1665 pretio
1716 1579 1951 1659 constitissent,
1975 1578 2083 1644 adicio

426 1706 511 1772 quse
539 1692 704 1752 secuntur.
748 1704 814 1747 una
843 1683 930 1748 inter
957 1683 1046 1769 ipsas
1074 1690 1108 1749 et
1135 1684 1278 1768 ingenua
1306 1691 1341 1749 et
1369 1685 1440 1750 sine
1469 1683 1545 1748 filiis
1569 1689 1634 1760 est,
1665 1689 1760 1770 puto,
1790 1682 1876 1767 quod
1899 1682 1936 1746 fit
1959 1683 2084 1746 sanctis

427 1789 567 1856 ricinum
597 1786 783 1867 desideriis,
816 1807 877 1851 nec
909 1785 1054 1852 babebit.
1099 1793 1150 1854 est
1177 1788 1319 1852 enimin
1343 1788 1528 1854 christianis
1551 1787 1736 1852 hominibus
1759 1787 1899 1852 fecunda
1923 1788 2083 1853 sterilitas

395 1893 462 1957 let
484 1891 661 1958 maximum
685 1889 844 1954 solacium
869 1890 992 1954 saeculi
1014 1889 1178 1954 adiutoria
1200 1910 1265 1954 non
1289 1890 1423 1957 babere.
1445 1925 1487 1938 -
1512 1889 1579 1955 Sed
1602 1911 1644 1956 ne
1667 1891 1750 1956 forte
1773 1891 1901 1955 animus
1917 1897 2029 1956 vester
2049 1893 2083 1956 iu

428 1995 660 2080 occupationes
695 1993 845 2080 publicas
873 1992 994 2058 debeat
1021 1993 1062 2058 de
1092 1993 1297 2078 anagnostici
1323 1994 1512 2079 prolixitate
1543 1993 1723 2074 fastidium,
1754 1995 1901 2079 quamvis
1933 1995 2022 2059 bona
2050 1996 2085 2060 in
2155 2031 2159 2040 -

427 2096 599 2184 principiis
633 2097 741 2162 locate
776 2117 834 2161 vos
872 2096 1019 2161 animent
1053 2102 1085 2160 et
1119 2095 1299 2182 quemlibet
1337 2117 1506 2162 rancorem
1547 2096 1719 2184 detergeat
1751 2099 1785 2163 in
1818 2097 1956 2164 exordio
1991 2100 2088 2164 iuxta

428 2199 603 2266 oratoriam
626 2198 833 2286 disciplinam
855 2199 965 2264 locata
980 2198 1131 2278 dulcedo,
1156 2206 1267 2265 tamen
1284 2222 1325 2266 ne
1342 2199 1507 2265 desideria
1522 2207 1633 2266 vestra
1647 2201 1808 2267 fabricata
1821 2200 2087 2266 dissimulatione

428 2303 643 2390 suspendam:
666 2303 759 2369 nulla
781 2324 823 2367 ex
845 2303 910 2368 illis
933 2302 1130 2369 documenta
1145 2305 1321 2389 promerui,
1344 2303 1422 2388 quia
1438 2306 1780 2370 commemorationem
1797 2305 1959 2370 mularum
1974 2305 2088 2370 lacere

427 2409 583 2494 episcopo
607 2406 724 2472 durum
748 2405 891 2480 videtum
915 2412 949 2470 et
972 2407 1120 2491 quamvis
1143 2408 1258 2472 famuli
1280 2408 1383 2474 vestri
1406 2408 1517 2473 fratris
1541 2408 1658 2474 Gaiani
1683 2409 1855 2474 institisset
1878 2409 2029 2474 efficacia
2052 2419 2089 2474 et

396 2518 528 2600 bsupra
563 2512 693 2578 modum
726 2533 785 2577 nos
820 2511 997 2597 pressisset
1029 2511 1262 2597 inportunitas,
1298 2509 1379 2576 nihil
1413 2513 1576 2578 communi
1604 2514 1733 2578 actione
1760 2513 1971 2599 proiecimus.
2021 2512 2087 2576 hoc
2143 2555 2153 2566 -

429 2623 555 2683 tantum
578 2616 691 2681 volunt
720 2615 836 2692 inseri,
869 2615 978 2680 multis
1005 2620 1152 2680 sanctum
1183 2619 1312 2700 patrem
1335 2619 1479 2679 vestrum
1508 2616 1676 2681 beneficiis
1702 2616 1820 2682 vestris
1849 2623 1884 2682 et
1906 2617 2015 2701 gratia
2038 2617 2089 2680 iu-

428 2721 566 2786 vitatum
588 2718 732 2790 muneris
756 2718 849 2784 vobis
873 2717 1095 2784 vicissitudine
1120 2718 1342 2804 prospexisse.
1381 2716 1468 2804 quod
1492 2739 1597 2804 genus
1620 2719 1806 2784 documenti
1830 2719 1859 2784 si
1880 2721 1991 2805 placet
2015 2720 2090 2784 siue

396 2823 636 2890 bouuctatione
658 2821 827 2888 rescribite
850 2827 916 2902 aut,
939 2842 1023 2907 quaa
1046 2822 1116 2886 eius
1139 2822 1243 2886 forma
1265 2843 1340 2887 esse
1364 2821 1494 2903 debeat,
1520 2824 1678 2889 intimate.
1722 2843 1807 2888 nunc
1831 2844 1894 2908 ego
1918 2824 1975 2888 ille
1999 2824 2090 2910 peri·

429 2927 561 2996 clitstae
584 2925 735 2991 utilitatis
758 2924 846 2989 etin
869 2923 1035 3009 obsequiis
1051 2923 1170 2988 vestris
1193 2923 1289 2988 annis
1312 2924 1462 3010 plurimis
1487 2927 1552 2990 iam
1576 2926 1744 3013 probatus,
1768 2935 1925 3012 quantum
1950 2928 2091 3012 egerim,

429 3029 515 3117 quod
538 3029 597 3094 rix
618 3028 702 3098 alter
724 3049 785 3114 per
806 3027 933 3093 infinita
955 3033 1065 3093 cartae
1089 3025 1209 3094 damna
1231 3035 1409 3109 narrasset,
1439 3030 1626 3114 pernicibus
1651 3051 1723 3095 sum
1745 3031 1919 3096 verborum
1944 3031 2090 3096 saltibus
2143 3050 2156 3089 2

429 3135 589 3204 elocutus.
1376 3147 1377 3150 ’

1009 3281 1264 3353 CCCLXXXII
1288 3287 1396 3372 (srrsr.
1414 3290 1444 3368 8,
1460 3286 1506 3371 6).

1028 3463 1206 3539 AVIENO
1234 3463 1482 3539 ENNODIVS.

544 3574 665 3671 Credo
688 3605 730 3671 ad
753 3606 912 3671 iustitiam
935 3605 1110 3690 pertinere,
1133 3612 1170 3670 ut
1192 3605 1279 3693 quod
1301 3606 1429 3672 avobis
1454 3613 1595 3694 expecto
1618 3610 1742 3695 primus
1767 3609 1951 3674 exhibeam.
1990 3610 2092 3675 decet

431 3712 531 3790 enim,
552 3715 590 3772 ut
612 3709 667 3794 qui
691 3707 779 3774 bona
802 3729 903 3795 opera
925 3709 1147 3794 praestolatur
1169 3709 1285 3774 invitet
1308 3713 1473 3798 exemplo.
1510 3719 1679 3798 expugnat
1696 3713 1879 3779 calcaribus
1896 3712 2091 3779 tarditatem

431 3814 487 3901 qui
515 3813 653 3878 formam
684 3813 849 3878 ministrat
877 3812 986 3877 officii.
1031 3812 1083 3877 bis
1112 3834 1190 3898 ergo
1220 3814 1428 3878 salutationis
1451 3835 1569 3880 munus
1592 3817 1771 3902 inpertiens
1795 3837 1910 3883 sanum
1935 3839 1988 3882 me
2012 3838 2090 3882 esse

430 3922 506 4004 post
532 3917 818 4001 inaequalitatem,
849 3935 946 4000 quam
974 3937 1031 4002 pro
1061 3917 1205 4001 peccatis
1235 3938 1308 3986 sum
1331 3939 1464 4006 passus,
1496 3920 1630 3983 enuntio
1654 3927 1688 3985 et
1710 3926 1830 3986 statum
1854 3927 1985 3986 vestrae
2011 3942 2090 4006 pro-

431 4019 600 4108 speritatis
623 4019 760 4105 inquiro,
786 4039 924 4106 sperans
948 4019 1038 4083 utin
1062 4019 1158 4085 huius
1180 4021 1229 4087 rei
1254 4020 1414 4085 solutione
1439 4021 1560 4085 multus
1584 4022 1764 4089 incumbas.

998 4273 1274 4344 CCCLXXXII]
1297 4278 1406 4364 (arms.
1423 4281 1453 4360 8,
1471 4279 1515 4364 7).

1017 4453 1226 4528 SENARIO
1253 4455 1501 4531 ENNODIVS.

404 4587 418 4645 1
538 4567 646 4683 Aput
678 4600 810 4662 sanctas
846 4595 1061 4660 conscientias
1100 4616 1165 4660 non
1204 4602 1305 4680 negat
1340 4597 1469 4662 caritati
1503 4598 1615 4664 debita
1649 4619 1709 4663 sua
1740 4601 1867 4684 gratiae
1899 4601 2091 4686 principalis

433 4699 623 4785 occupatio,
651 4719 713 4764 nec
737 4699 882 4764 eliminat
903 4698 948 4785 pii
971 4700 1090 4763 amoris
1113 4701 1190 4765 aula
1211 4700 1383 4767 fervorem.
1429 4701 1648 4767 testimonium
1672 4701 1729 4767 dat
1751 4703 1875 4768 solidae
1898 4703 2090 4780 adfectiosa
2158 4767 2163 4778 ,

445 4909 447 4922 “
536 4904 550 4957 1
570 4908 693 4976 anbigsrs
709 4903 737 4958 Β
840 4907 967 4959 mutuaris
984 4905 1012 4958 Β
1146 4905 1164 4958 3
1183 4907 1308 4961 adnuntio
1325 4906 1378 4974 131,
1401 4911 1461 4961 oia
1479 4927 1494 4961 a
1512 4927 1578 4961 corr.
1596 4918 1619 4960 st
1636 4911 1705 4962 tione
1722 4911 1750 4961 ia
1768 4912 1850 4977 spatio
1867 4927 1948 4962 comm
1966 4910 2030 4962 add
2045 4907 2092 4961 132

430 4991 449 5045 4
466 4992 585 5046 laurentii
600 4993 625 5042 V
711 4995 816 5062 negauit
828 4991 856 5045 Β
984 4993 1116 5046 crumina
1133 4993 1158 5056 (a
1175 4993 1203 5043 in
1216 4993 1263 5060 lit.)
1281 4995 1455 5062 perdedissent
1467 4993 1495 5046 Β
1586 4997 1711 5062 spendore
1725 4993 1769 5046 13⁶
1896 4995 1913 5048 8
1931 4999 1982 5049 bac
1999 4997 2091 5048 Vm

432 5077 449 5131 9
466 5081 561 5133 credits
572 5081 639 5148 sort.
727 5082 809 5148 pariat
827 5081 848 5143 (t
864 5097 934 5132 moa.
949 5081 975 5146 2)
993 5077 1021 5131 Β
1104 5081 1161 5130 lusa
1179 5096 1229 5130 orn.
1242 5076 1270 5130 Β
1396 5079 1426 5130 12
1443 5088 1482 5133 est
1499 5077 1532 5144 Β,
1556 5087 1581 5132 et
1599 5081 1683 5144 cruri,
1704 5089 1743 5133 sat
1760 5089 1786 5133 et
1802 5081 1898 5134 Horret
1985 5091 2046 5150 poto
2065 5081 2094 5134 Β

433 5163 466 5218 13
483 5167 612 5220 cristianis
622 5165 650 5218 Β
710 5167 836 5220 satelltes
855 5166 878 5232 (r
895 5185 926 5220 aa
944 5166 963 5230 l)
979 5165 1008 5231 1⁷,
1025 5164 1210 5218 insterilitasL
1312 5164 1344 5217 15
1361 5167 1552 5234 agnagnosticis
1568 5164 1618 5232 1⁷(s
1629 5165 1797 5233 mom?
1896 5165 1928 5218 16
1946 5170 2093 5221 ιηίιιιιοηι

432 5252 511 5320 (aros.
523 5250 549 5320 a)
565 5251 594 5306 Β
660 5256 735 5308 iuxta
745 5251 871 5319 BT20P,
887 5255 933 5306 iux
949 5251 1036 5304 VLY¹
1145 5251 1178 5306 17
1196 5256 1324 5308 fabricata
1340 5253 1384 5306 B⁰
1490 5253 1522 5308 18
1540 5257 1623 5308 facere
1640 5257 1739 5322 scripsi,
1760 5258 1871 5308 laceram
1887 5257 1957 5320 libri,
1977 5259 2092 5309 feceram

432 5341 496 5393 corsi
509 5341 605 5394 Hortsl
689 5337 726 5394 20
742 5337 801 5408 noa]
820 5349 906 5393 nom
923 5341 988 5392 corsi.
1000 5339 1097 5392 Horret
1177 5343 1325 5408 proficimus
1336 5339 1364 5392 Β
1482 5341 1516 5393 21
1533 5343 1648 5410 gracim
1661 5339 1689 5394 Β
1806 5340 1842 5394 22
1858 5343 2045 5396 uicessitudina
2058 5341 2094 5407 Β,

432 5425 637 5479 uicissitudinem
648 5429 664 5478 b
767 5424 803 5478 24
820 5427 937 5494 plurimis
950 5423 983 5490 B,
1000 5426 1121 5492 pluribus
1136 5427 1211 5478 catari

538 5519 747 5589 [CCCLXXXII]
781 5517 816 5572 27
835 5521 966 5574 Ennodius
984 5523 1114 5576 Auianod
1231 5519 1266 5571 28
1283 5531 1402 5589 exspecto
1418 5522 1443 5571 V
1557 5521 1592 5576 29
1609 5523 1802 5593 prestolsanV
1909 5521 1945 5575 30
1962 5541 2005 5578 ms
2023 5525 2093 5594 csse]

433 5624 516 5661 massa
529 5606 557 5659 Β
659 5604 693 5659 31
711 5605 919 5676 inequalitateB
985 5610 1066 5676 pactis
1083 5625 1140 5675 sup.
1153 5609 1199 5660 lin.
1217 5603 1288 5659 caB

537 5697 759 5774 [coccum]
786 5700 822 5755 38
838 5703 970 5758 Enuodius
988 5704 1122 5757 &uariat
1209 5699 1243 5754 34
1260 5702 1329 5774 apud
1344 5699 1369 5752 V
1416 5711 1532 5760 mactas
1544 5701 1572 5756 Β
1660 5702 1695 5756 35
1712 5699 1873 5760 elimanatB
1926 5705 2100 5766 affoeticniV
