4538 6436
671 416 764 479 xnvr
782 423 903 492 (casu.
922 419 946 491 1,
965 424 1001 494 r),
1019 416 1126 480 xxvu
1143 422 1263 496 (osan.
1283 425 1307 494 1,
1324 427 1360 496 a).

654 599 760 674 Quam
783 622 844 688 per
865 607 1000 666 exactos
1023 621 1176 667 numeras
1198 609 1325 688 poetas,

859 702 965 770 Necte
990 704 1137 791 capillos.

654 808 767 874 Sulcat
788 809 973 874 inmensum
994 809 1132 896 pelagus
1156 808 1275 891 carina,
1844 807 2000 914 {illidii

652 913 769 978 Nescit
791 911 833 978 ad
856 913 984 977 clavum
1007 933 1124 977 manus
1146 919 1224 999 apto
1245 912 1335 995 ferri,

654 1015 726 1090 Quo
749 1022 846 1082 vooat
870 1015 1022 1081 dextmm
1045 1017 1192 1102 regimen
1213 1037 1274 1103 per
1295 1015 1398 1081 undss

859 1119 949 1185 Artis
973 1119 1108 1186 amicus.

652 1223 767 1309 Pergis
791 1223 832 1288 od
855 1223 1023 1306 Faustum,
1047 1223 1203 1289 trutinam
1225 1223 1401 1311 loquellas,

653 1325 718 1390 Ore
742 1327 796 1411 qui
819 1331 946 1391 vastum
970 1327 1061 1392 salet
1083 1332 1118 1391 ut
1141 1325 1347 1413 protundum,

651 1428 741 1496 Luoe
765 1452 862 1518 quem
885 1430 1025 1496 mundus
1048 1436 1226 1495 veneratur
1248 1430 1321 1518 ipsa

858 1534 1100 1600 Dexteriorem.

652 1638 791 1703 Aurium
812 1638 930 1703 libram
953 1643 1045 1703 tenet
1068 1637 1101 1701 in
1125 1634 1288 1702 Camenis.

652 1742 746 1808 Illius
769 1743 890 1808 ferrum
913 1747 1004 1808 secat
1027 1762 1123 1806 omne
1146 1742 1275 1824 vulnus,

652 1847 835 1935 Quodquod
857 1846 995 1911 internis
1017 1845 1099 1911 latet
1122 1845 1155 1909 in
1178 1844 1332 1910 medullis

858 1949 1020 2016 Carminis
1044 1951 1145 2035 aegri.

653 2055 689 2121 Si
710 2077 802 2121 meos
824 2054 906 2121 velit
928 2054 1073 2120 modicos
1095 2054 1286 2139 thyrambos

653 2159 776 2242 Mente,
800 2180 863 2244 qua
887 2165 1038 2223 cunctum
1062 2157 1253 2222 moderatur
1275 2158 1399 2240 orbern,

652 2263 744 2330 Inter
766 2264 927 2328 infantum
950 2263 1078 2328 triviale
1101 2283 1248 2326 murmur

856 2367 1020 2450 Pendere,
1043 2367 1115 2432 laus
1138 2372 1199 2432 est.

861 2574 937 2639 Lux
958 2596 1044 2656 mea,
1066 2575 1200 2656 Fausto,

860 2679 1009 2766 Spesque
1032 2679 1197 2764 salusque,

857 2783 1093 2849 Litterularum

858 2888 997 2953 Munera
1019 2909 1120 2974 parva

860 2991 997 3079 Suseipe
1020 2991 1135 3057 laetus

859 3094 914 3160 Sic
937 3101 995 3159 tua
1018 3114 1164 3158 summus

860 3197 1018 3266 Germina
1040 3197 1192 3263 christus

857 3301 984 3368 Lucida
1008 3309 1127 3368 servet.

861 3406 1000 3492 Porrige
1023 3406 1175 3472 dextrum

856 3510 1008 3576 Numinis
1031 3511 1121 3578 ulmi.

858 3612 962 3680 Grata
984 3613 1126 3680 Tonanti

858 3719 962 3785 Fama
984 3719 1122 3808 piorum.

821 4028 966 4097 XXVII
988 4029 1095 4118 (canu.
1115 4034 1142 4112 1,
1166 4029 1213 4117 8).

872 4224 1163 4300 PRAEFATIO.

296 4354 386 4449 Non
408 4382 502 4470 pouit
531 4383 673 4449 fistulam
708 4385 858 4470 quotiens
889 4386 1047 4450 rusticum
1076 4406 1178 4472 pecus
1206 4385 1346 4471 agrestis
1377 4391 1491 4473 pastor
1517 4388 1709 4476 inspexerit.
1754 4386 1874 4454 mutat

188 4507 322 4553 nemora
353 4488 600 4554 formidolosam
636 4488 849 4555 solitudinem
884 4491 1026 4576 pariunt,
1065 4497 1098 4554 et
1131 4490 1252 4575 ubique
1283 4496 1390 4555 metus
1420 4497 1481 4573 est,
1515 4491 1644 4577 quando
1677 4493 1785 4558 nullus
1813 4493 1847 4558 in

192 4590 348 4656 solacium
373 4591 496 4658 deserti
520 4612 619 4657 sonus
643 4592 785 4658 auditur.
817 4593 876 4659 sed
900 4593 1103 4676 siaurarum
1126 4593 1231 4658 sibilis
1252 4593 1405 4658 arborum
1422 4615 1534 4660 comas
1550 4595 1684 4681 linguae
1698 4597 1846 4684 speeiem

121 4706 134 4744 ⁵
192 4695 389 4760 mentiantur
412 4694 595 4761 stridente
618 4695 782 4762 frondium
811 4703 903 4761 motu
930 4697 1076 4784 appellet
1106 4695 1272 4761 hominem
1297 4696 1442 4762 iucunda
1469 4699 1651 4780 concussio,
1678 4698 1848 4786 putabitur

189 4797 410 4865 ambientibus
432 4800 538 4865 latera
557 4800 708 4865 coetibus
729 4801 903 4885 interesse,
926 4823 988 4868 nec
1005 4802 1147 4888 aliquam
1163 4822 1352 4878 aerumnam
1368 4802 1480 4887 gemit,
1504 4823 1601 4889 quem
1616 4803 1703 4869 inter
1718 4810 1848 4870 secreta

189 4920 249 4963 sua
279 4901 352 4990 ipsa
385 4908 502 4968 natura
536 4905 740 4989 quibuslibet
773 4906 944 4972 elementis
977 4907 1164 4992 alloquitur.
1207 4905 1299 4970 iuvat
1332 4912 1410 4972 tunc
1444 4906 1657 4972 exultationis
1691 4904 1877 4973 comitem2

189 5003 333 5070 fistulam
355 5006 452 5073 labiis
475 5007 651 5074 admovere
676 5015 709 5074 et
731 5009 865 5074 flatibus
886 5031 946 5097 per
968 5009 1144 5076 testudinis
1168 5009 1289 5075 rimosa
1311 5009 1470 5098 dispersis
1494 5008 1656 5096 quandam
1672 5008 1713 5076 de
1729 5011 1846 5097 spiritu

291 5320 316 5354 v.
335 5300 368 5353 51
387 5310 493 5355 exactus
505 5302 531 5353 Β
614 5300 744 5370 numeros]
762 5320 882 5356 muneras
900 5303 997 5356 Horat
1073 5304 1168 5356 amicos
1186 5304 1282 5356 conicio
1410 5322 1436 5356 v.
1454 5301 1488 5358 57
1506 5305 1628 5372 loquillao
1640 5301 1676 5366 Β,
1694 5303 1811 5371 loquelas
1827 5302 1852 5351 V

188 5406 213 5441 r.
230 5387 265 5442 58
282 5391 385 5443 ualitB
523 5409 550 5444 s.
567 5389 602 5444 65
625 5392 690 5444 uelit
712 5392 817 5458 scripsi,
844 5391 917 5444 uellit
938 5392 1048 5456 dodim,
1075 5392 1155 5444 uellet
1175 5392 1234 5443 edit.
1331 5391 1479 5458 thyrambos
1500 5389 1594 5455 Simo,
1620 5391 1754 5457 tyrumbus
1770 5388 1848 5441 BVL

188 5492 213 5526 v.
231 5472 265 5527 66
283 5477 468 5530 moderaturB
572 5495 596 5530 v.
617 5475 649 5529 'll
667 5477 875 5531 litterularumB
978 5495 1003 5530 v.
1024 5474 1058 5528 72
1075 5477 1230 5530 mumuraB
1333 5495 1358 5530 s.
1377 5476 1411 5529 78
1428 5478 1541 5529 numinis
1552 5475 1586 5542 B,
1602 5477 1713 5529 nominis
1730 5477 1806 5529 celeri

292 5576 416 5648 [xxvn]
460 5577 478 5631 Β
495 5578 576 5648 ponit]
593 5588 671 5649 ponet
681 5580 716 5647 B,
737 5582 806 5634 canit
817 5583 892 5634 cmi
978 5583 1098 5634 festulam
1111 5580 1174 5647 B1,
1197 5583 1283 5635 fistulo
1300 5582 1375 5635 cauri
1502 5578 1520 5632 4
1537 5597 1639 5649 specum
1659 5597 1715 5648 sup.
1734 5580 1780 5632 lin.
1793 5560 1807 5630 'i
1820 5577 1849 5631 Β

186 5663 204 5717 5
224 5667 330 5734 appellit
346 5665 374 5719 Β
512 5666 529 5718 6
547 5665 671 5734 coetibus]
689 5669 827 5722 coetitibus
846 5666 887 5717 Vl
1026 5667 1042 5720 'l
1060 5667 1205 5736 elementis]
1223 5669 1280 5720 aliis
1292 5669 1320 5733 b,
1343 5686 1392 5719 oon.
1413 5665 1491 5720 Sir-ro.
1578 5668 1651 5720 iubat
1662 5665 1691 5719 Β
1776 5667 1848 5720 oxul-

188 5751 291 5804 tstionis
304 5750 404 5822 ΒΙιίΒ,
422 5754 577 5808 exulationis
596 5754 621 5803 V
633 5763 657 5807 ct
675 5753 764 5820 Siros„
781 5772 860 5821 qrcam
879 5755 1011 5809 testimon
1028 5755 1101 5809 baad
1118 5757 1169 5809 scio
1187 5773 1224 5808 aa
1236 5757 1378 5825 prmscros
1481 5750 1499 5806 8
1517 5754 1636 5807 lastulsm
1648 5752 1676 5806 B
