4538 6436
438 368 480 429 52
1140 361 1175 415 m
1195 360 1329 428 (opusc.
1347 363 1385 431 a).

438 536 525 622 ‘quia
539 535 629 600 beati
644 533 736 601 Petri
754 535 896 620 apostoli
912 534 1054 600 vicarius
1070 537 1273 618 aestimatur,
1296 535 1478 622 prohibetis
1494 535 1694 601 archiatrum
1717 535 1787 600 eius
1810 536 1939 623 corpori
1962 534 2094 602 adferre

383 643 424 705 22
437 639 653 706 medicinam?
681 677 723 686 -
752 637 914 724 quomodo
937 659 996 703 vos
1023 638 1152 702 animae
1183 637 1253 703 eius
1285 639 1485 704 curationem
1515 637 1672 704 exhibere
1700 636 1893 703 rennuitist'
1938 659 2094 725 magnum

436 768 497 834 per
518 746 628 810 divina
650 745 822 810 ridiculum
847 766 889 810 an
912 745 1056 810 maxima
1077 744 1222 808 lamenta
1238 743 1302 806 sint
1317 745 1440 810 nescio.
1478 761 1538 806 vos
1554 741 1682 808 alienae
1698 741 1783 808 febri
1799 762 1908 807 curam
1925 743 2092 828 quaeritis,

436 871 495 915 vos
522 848 689 914 fatiscenti
718 850 846 914 animae
879 848 1055 914 medellam
1084 845 1233 928 adhiberi
1263 847 1380 933 cupitis
1409 854 1443 912 et
1471 847 1505 911 in
1533 845 1591 910 leti
1618 845 1831 932 proximitate
1862 847 1963 932 positi
1989 847 2092 913 vestri

436 953 644 1018 immemores
666 951 708 1018 de
731 954 867 1018 alterius
891 953 998 1018 salute
1022 948 1188 1015 tractatis!
1234 948 1313 1034 quid
1335 951 1362 1014 si
1384 949 1464 1015 illud
1488 971 1566 1015 vere
1589 948 1683 1013 vobis
1703 949 1865 1036 aprofeta
1886 949 2011 1016 dictum
2033 951 2091 1016 sit:
2158 972 2170 1009 a

294 1068 421 1122 naas.
436 1054 603 1143 ‘numquid
637 1075 752 1143 pamm
781 1062 833 1120 est
864 1054 949 1141 quod
980 1053 1112 1118 molesti
1139 1052 1218 1118 estis
1246 1051 1452 1133 hominibus,
1487 1053 1618 1117 molesti
1649 1053 1727 1118 estis
1757 1058 1791 1118 et
1819 1052 1881 1120 deo
1908 1052 2013 1121 meot’
2059 1060 2093 1120 et

242 1153 375 1249 Lffigpssi·
386 1175 427 1240 23
439 1161 575 1226 iterum:
607 1158 760 1234 ‘medica
790 1180 868 1224 cura
895 1166 927 1224 te
955 1156 1094 1244 ipsum’?
1139 1156 1198 1221 sed
1219 1156 1295 1222 hinc
1319 1157 1413 1224 alias.
1457 1156 1622 1236 novimus,
1649 1156 1727 1240 quia
1755 1157 1864 1221 sanari
1887 1179 1953 1223 non
1983 1165 2094 1246 potest

277 1262 310 1312 ¹⁸·
324 1263 344 1302 ³·
437 1264 659 1328 conclamatus
690 1267 724 1328 et
752 1262 908 1349 inprobus
938 1262 972 1327 in
1007 1259 1203 1346 profundum
1234 1237 1413 1325 ffiriiens
1446 1260 1529 1324 mira
1559 1259 1746 1324 temeritate
1776 1263 1988 1349 contempnit.
2033 1261 2093 1328 sed

438 1366 536 1432 credo
558 1366 638 1430 visit
660 1366 787 1431 inistis
812 1373 845 1431 et
868 1366 901 1430 in
924 1364 1030 1430 malae
1054 1362 1311 1430 conversationis
1334 1385 1413 1430 suae
1437 1369 1540 1428 morte
1569 1362 1755 1445 consilium,
1784 1369 1819 1428 et
1844 1369 1954 1449 potest
1976 1372 2092 1452 optare

294 1483 377 1539 ειεε,
392 1489 423 1530 rs.
438 1469 511 1555 quis
533 1469 628 1534 alteri
650 1468 735 1554 quod
759 1469 828 1556 ipse
852 1470 917 1533 iam
938 1466 1092 1554 perdidit.
1129 1489 1214 1532 nunc
1237 1473 1326 1532 recta
1343 1467 1438 1533 vobis
1461 1487 1536 1531 cum
1558 1465 1687 1552 profeta
1708 1465 1829 1533 dicam:
1863 1469 1984 1534 ‘omnis
2006 1489 2092 1555 quae

436 1573 579 1658 loquitur
602 1573 742 1660 populus
773 1573 834 1637 iste
866 1571 1046 1637 coniuratio
1074 1577 1138 1651 eet,
1170 1577 1205 1636 et
1232 1571 1381 1636 timorem
1408 1571 1479 1637 eius
1506 1591 1547 1636 ne
1578 1569 1723 1635 timeatis
1750 1592 1858 1656 neque
1886 1570 2112 1639 formidetie.’'

383 1678 423 1740 24
437 1676 580 1742 faecerat
607 1697 627 1740 a
653 1676 746 1741 nobie
774 1676 828 1760 qui
857 1676 892 1739 in
921 1675 1015 1740 vobis
1045 1680 1096 1739 est
1121 1673 1264 1760 pruritus
1296 1673 1360 1738 ieta
1388 1674 1590 1760 linguarum,
1625 1692 1708 1757 quos
1736 1695 1815 1740 vere
1845 1675 1932 1741 idem
1963 1676 2094 1761 profeta

293 1793 345 1838 nu.
354 1800 388 1848 rc,
400 1803 419 1841 1.
435 1781 559 1866 arguit:
595 1779 789 1846 ‘scribentes
819 1779 1011 1845 iniustitiam
1041 1775 1240 1864 scripsistis’.
1284 1798 1350 1842 non
1381 1799 1441 1842 nos
1467 1777 1601 1844 beatum
1623 1776 1777 1860 Petrum,
1808 1778 1892 1843 sicut
1918 1777 2045 1862 dicitis,
2073 1801 2094 1846 a

435 1883 567 1950 domino
604 1904 678 1949 cum
713 1883 801 1949 sedis
840 1883 1021 1969 privilegiis
1055 1882 1109 1947 vel
1149 1901 1357 1947 successores
1396 1883 1467 1948 eius
1505 1880 1666 1967 peccandi
1703 1881 1885 1947 iudicamus
1924 1883 2094 1949 licentiam

436 1987 635 2073 suscepisse.
687 1987 743 2052 ille
781 2007 961 2073 perennem
995 1985 1185 2051 meritorum
1220 1983 1330 2050 dotem
1364 2006 1438 2049 cum
1472 1984 1655 2050 hereditate
1688 1985 1893 2051 innocentiae
1928 1986 2017 2050 misit
2049 1985 2093 2052 ad
2144 2015 2170 2052 sa

434 2095 598 2173 posteros.
643 2089 730 2175 quod
752 2090 800 2154 illi
825 2110 1017 2155 concessum
1040 2096 1091 2155 eet
1113 2109 1172 2174 pro
1196 2094 1327 2153 actuum
1355 2089 1445 2168 luce,
1477 2087 1518 2152 ad
1547 2089 1622 2154 illos
1651 2089 1797 2174 pertinet
1826 2110 1907 2175 quos
1931 2111 1990 2176 par
2012 2111 2091 2156 con·

381 2193 631 2258 reversationis
662 2193 818 2279 splendor
840 2195 1025 2259 inluminat.
1069 2194 1142 2278 quis
1171 2193 1259 2258 enim
1287 2199 1436 2257 sanctum
1463 2213 1538 2257 esee
1567 2192 1710 2274 dubitet,
1742 2212 1838 2277 quem
1866 2214 1953 2289 apex
1979 2199 2092 2260 tantae

309 2367 311 2370 ,
434 2295 604 2382 dignitatis
627 2295 769 2379 adtollit,
799 2297 833 2362 in
856 2318 921 2382 quo
944 2296 971 2360 si
995 2297 1103 2362 desint
1125 2297 1212 2362 bona
1234 2296 1399 2382 adquisita
1422 2318 1481 2383 per
1501 2297 1668 2372 meritum,
1693 2296 1858 2362 sufficiunt
1879 2318 1964 2384 quae
1987 2299 2180 2367 alcoinus

279 2409 421 2456 lotan-VIII
435 2400 611 2467 decessore
643 2407 871 2487 praestantur?
924 2408 981 2465 aut
1012 2401 1100 2465 enim
1133 2402 1239 2466 claros
1274 2400 1315 2466 ad
1346 2400 1428 2466 haec
1461 2399 1594 2485 fastigia
1623 2400 1722 2485 erigit
1748 2406 1805 2465 aut
1834 2401 1892 2486 qui
1921 2401 2094 2487 eriguntur

309 2464 397 2560 §ibii-
434 2504 596 2569 inlustrat.
641 2505 827 2589 praenoscit
850 2504 936 2570 enim
960 2503 1039 2590 quid
1069 2505 1284 2570 ecclesiarum
1312 2503 1524 2570 fundamento
1549 2503 1592 2567 sit
1618 2503 1743 2585 habile,
1776 2525 1875 2591 super
1900 2524 1999 2589 quem
2021 2505 2094 2592 ipsa
2146 2535 2172 2576 20

380 2605 420 2669 26
434 2608 537 2673 moles
560 2608 719 2674 innititur.
764 2607 823 2673 sed
851 2607 928 2673 hinc
957 2608 1085 2700 actibus
1109 2608 1225 2673 vestris
1253 2608 1431 2672 caelestem
1460 2607 1641 2693 potentiam
1667 2607 1788 2694 putatis
1820 2627 1894 2672 esse
1923 2608 2092 2693 suffragio,

433 2711 520 2796 quod
536 2710 578 2775 ad
593 2711 794 2798 praesidium
809 2712 899 2777 beati
915 2712 1056 2799 apostoli
1072 2711 1275 2791 adiutricem,
1298 2716 1334 2776 ut
1349 2711 1467 2792 dicitis,
1491 2710 1663 2777 dexteram
1684 2711 1907 2778 commodatis.
1944 2712 2093 2790 nescitis,

435 2813 558 2895 stolidi,
590 2815 693 2879 solem
720 2815 850 2881 facibus
878 2837 942 2881 non
970 2816 1075 2881 iuvari
1104 2837 1165 2880 nee
1196 2813 1237 2880 ad
1263 2815 1472 2901 praesidium¹
1490 2814 1625 2880 diurnae
1654 2815 1736 2881 lucis
1763 2815 1902 2900 lychnos
1929 2813 2093 2880 adcendit

304 2908 408 3015 ,Ἦ
441 2918 599 3003 scriptum
623 2919 709 2982 enim
732 2925 797 2984 cet:
833 2922 1010 2984 ‘scrutatur
1034 2917 1132 2984 corda
1157 2924 1190 2983 et
1213 2938 1310 2984 renes
1334 2916 1438 2983 deue'.

381 3019 422 3080 21
544 3019 610 3086 Sed
634 3020 668 3084 in
690 3021 746 3086 illa
767 3029 860 3108 parte
884 3024 955 3108 quis
980 3023 1181 3108 argumentis
1205 3023 1322 3087 vestris
1346 3022 1467 3086 audeat
1495 3021 1709 3106 respondere,
1740 3022 1803 3087 nisi
1826 3021 1902 3107 quia
1926 3022 1996 3088 eine
2019 3026 2092 3087 arte

432 3123 550 3210 dicitur
572 3145 686 3190 verum
710 3130 743 3190 et
765 3125 847 3192 tides
869 3125 1039 3191 mendacio
1063 3146 1250 3191 sermonum
1274 3125 1401 3190 technis
1431 3124 1596 3189 adsuitur?
1642 3123 1719 3190 ‘cur’
1746 3127 1896 3213 inquiunt
1923 3126 1976 3192 ‘ad
2002 3127 2093 3213 prin-

431 3229 537 3314 cipem
567 3228 780 3309 convenistis,
814 3231 840 3293 si
869 3231 973 3295 audiri
1003 3251 1069 3295 non
1099 3230 1220 3295 licebat
1248 3227 1452 3315 inpetitumi'
1498 3229 1544 3292 sic
1573 3248 1631 3292 vos
1659 3229 1692 3293 in
1722 3235 1889 3316 stuporem
1921 3230 2094 3318 pecualem

431 3332 560 3418 peccati
584 3332 705 3398 nebula
734 3339 791 3398 aut
818 3332 946 3399 divinus
976 3334 1092 3399 horror
1122 3334 1272 3415 oblimat,
1302 3340 1340 3397 ut
1367 3331 1587 3398 verecundam
1617 3335 1864 3400 excusationem
1890 3339 1948 3399 aut
1976 3334 2094 3400 fraude

379 3440 420 3504 28
434 3421 527 3501 ιεεεε
551 3441 662 3501 vestra
684 3442 832 3502 transeat
855 3444 911 3502 aut
934 3437 1106 3502 beluarum
1128 3457 1244 3522 pressa
1272 3436 1473 3502 hebetudine
1505 3457 1570 3500 non
1597 3441 1776 3522 agnoscat?
1822 3459 1863 3502 an
1891 3437 1977 3504 forte
2005 3437 2095 3504 aliud

431 3539 554 3624 putatis
576 3539 694 3619 fuisse,
725 3539 811 3624 quod
835 3538 957 3605 dictum
981 3547 1047 3623 cst,
1075 3542 1182 3627 ipsum
1211 3540 1364 3607 debuisse
1389 3540 1548 3627 synodum
1571 3561 1767 3622 convocare,
1800 3543 1893 3607 cuiue
1916 3563 1999 3628 opus
2023 3548 2096 3608 erat
2147 3565 2173 3612 so

432 3642 559 3722 officio,
591 3647 628 3706 ut
654 3663 713 3707 vos
740 3641 895 3709 videlicet
921 3665 981 3730 per
1008 3645 1195 3730 pontificale
1225 3666 1363 3710 examen
1392 3645 1555 3710 sententia
1586 3644 1698 3708 divina
1725 3645 1936 3731 percelleret,
1966 3666 2094 3732 quosa

338 3805 352 3808 ,,
400 3803 402 3808 .
433 3745 549 3832 capitis
572 3745 622 3809 sui
645 3765 793 3831 conpage
815 3745 849 3810 in
873 3747 987 3811 salutis
1010 3746 1207 3814 detrimento
1231 3749 1363 3813 insanus
1385 3750 1495 3814 fervor
1518 3747 1723 3814 abscideret?

379 3852 420 3914 29
540 3848 622 3932 Post
644 3846 735 3912 Esau
764 3849 963 3914 mentionem
996 3851 1087 3935 operi
1115 3857 1225 3916 vestro
1254 3852 1366 3916 nescio
1394 3851 1503 3918 verbis
1532 3873 1573 3916 an
1602 3852 1773 3918 latratibus
1802 3851 1978 3935 indidistis,
2012 3873 2092 3918 con·

368 3965 369 3968 ’
432 3955 587 4036 parantes
604 3949 637 4015 ei
652 3951 833 4017 antistitem
848 3958 1004 4035 vestrum,
1028 3955 1082 4039 qui
1098 3955 1235 4020 senioris
1252 3961 1389 4021 naturae
1412 3955 1608 4022 beneficium
1631 3957 1727 4022 unius
1751 3957 1816 4023 cibi
1838 3957 2092 4025 commutatione

534 4175 549 4228 l
567 4176 702 4244 prohibitis
715 4176 740 4226 B
809 4177 970 4230 archeatrum
983 4177 1054 4230 BV¹
1167 4178 1184 4230 2
1202 4180 1446 4234 rennuatisBVLd
1451 4219 1458 4245 ,
1480 4181 1666 4244 renuetisAT,
1688 4177 1798 4234 renuitis¹
1814 4177 1888 4234 cPo'
1992 4178 2091 4248 duint]

429 4271 491 4316 sunt
502 4260 590 4314 131111
687 4262 705 4314 4
723 4263 853 4314 medillam
864 4264 898 4328 B,
915 4266 1038 4318 medelam
1057 4267 1132 4318 ceteri
1231 4266 1248 4318 5
1265 4268 1383 4320 immores
1396 4269 1421 4319 Β
1490 4269 1613 4335 propheta
1625 4267 1650 4318 A
1714 4268 1749 4319 sit
1764 4267 1842 4320 amb
1897 4281 1898 4284 ’
1946 4265 1963 4319 9
1981 4268 2055 4320 uiuet
2066 4267 2093 4318 B

433 4346 467 4400 10
483 4349 607 4417 propheta
620 4350 644 4399 A
767 4347 797 4400 11
817 4351 909 4404 timore
919 4349 961 4402 131
1046 4351 1142 4419 neque]
1161 4369 1209 4404 nec
1223 4353 1282 4404 oPo
1408 4352 1442 4405 12
1461 4354 1551 4421 procul
1567 4354 1602 4405 sit
1619 4371 1635 4403 a
1652 4353 1726 4404 nohis
1748 4355 1858 4406 sacceam
1875 4371 1890 4405 a
1907 4353 1982 4406 nobis
2000 4355 2049 4420 qui,
2059 4353 2093 4417 B,

432 4437 540 4488 iaceam
557 4437 647 4504 procul
658 4453 674 4486 ε
686 4436 760 4488 nobis
772 4453 787 4487 a
800 4438 874 4489 nobis
887 4438 931 4504 qui
942 4439 966 4488 A
1019 4438 1166 4506 proritusB
1218 4439 1376 4507 prophetant
1464 4437 1498 4491 13
1515 4437 1687 4492 scribsistisB
1775 4437 1807 4490 15
1825 4440 1908 4492 dotem
1921 4437 1924 4506 i
1936 4440 2093 4492 mcumB

432 4520 466 4573 18
483 4522 577 4574 attollit
593 4521 639 4572 Vn
704 4523 855 4588 adqueeeim
865 4522 891 4573 B
989 4521 1024 4576 20
1041 4526 1191 4577 eclesiarum
1203 4526 1228 4576 Β
1325 4523 1358 4576 21
1377 4526 1485 4578 molisB
1582 4524 1617 4578 22
1629 4525 1794 4578 commodatis
1805 4543 1854 4577 om.
1864 4523 1913 4590 13¹,
1930 4527 2093 4592 quomodatis

432 4616 486 4660 ont.
500 4607 546 4659 tic.
555 4605 582 4658 Β
586 4604 601 4643 ²
687 4603 722 4658 23
734 4606 851 4674 lychnos]
864 4609 949 4675 lignos
959 4609 993 4674 B,
1008 4611 1092 4678 lignos
1104 4627 1160 4678 casp.
1170 4629 1219 4663 ser.
1231 4613 1264 4663 ch
1276 4611 1305 4676 V,
1321 4612 1439 4678 licghnos
1451 4611 1484 4676 L,
1501 4612 1600 4663 lichnos
1611 4611 1659 4663 rel.
1710 4613 1816 4664 accendi
1827 4610 1874 4662 Vs
1965 4611 2001 4664 24
2012 4613 2092 4666 scrib·

430 4693 523 4745 tumB
636 4689 671 4746 25
688 4693 782 4746 audeat
798 4697 956 4762 argumentis
974 4698 1094 4749 uestrist
1207 4695 1242 4748 26
1259 4694 1369 4763 technis]
1392 4699 1476 4764 regnis
1498 4697 1596 4750 codices
1673 4697 1796 4750 adsuatur
1809 4697 1834 4748 B
1913 4700 1999 4768 regnis
2020 4703 2092 4753 traua

429 4782 474 4834 nel
491 4781 607 4834 caliditas
619 4777 654 4848 (1)
670 4781 788 4834 adsuitur
802 4783 837 4845 A,
854 4784 938 4850 tegnis
957 4784 1074 4836 adsuitur
1091 4785 1117 4835 id
1135 4793 1175 4836 est
1192 4787 1263 4836 t'raus
1280 4785 1324 4836 uel
1341 4782 1502 4836 ealliditssS
1603 4779 1636 4832 27
1654 4783 1743 4836 audire
1753 4783 1781 4834 B
1882 4783 1917 4836 28
1934 4787 2046 4840 nebulae
2058 4786 2093 4852 B,

429 4876 495 4920 rcere
511 4869 575 4933 fort.
645 4867 890 4921 excauaadonemB
954 4867 1052 4935 horror]
1071 4869 1177 4922 errord
1280 4868 1315 4921 29
1333 4887 1406 4923 mens
1423 4867 1518 4936 umtra]
1533 4887 1679 4922 mensuram
1691 4869 1767 4922 ARS
1829 4871 1981 4925 hebitudine
1992 4874 2093 4928 eodm

428 4950 462 5004 31
481 4954 570 5006 (Ιίεἰεε
582 4971 630 5006 εει.
644 4952 724 5006 sim.
786 4952 943 5022 percelleret]
962 4957 1115 5024 procelleret
1125 4957 1159 5021 B,
1180 4957 1319 5025 percoleret
1333 4956 1380 5007 VL
1482 4953 1517 5008 33
1534 4963 1620 5024 postes
1637 4958 1872 5023 augmentationem
1885 4957 1961 5010 ΑΒΒ
2021 4960 2092 5012 inde·

429 5039 502 5092 distis
513 5039 540 5092 Β
644 5036 680 5092 34
696 5037 821 5106 varmum]
841 5048 957 5093 nostrum
976 5040 1057 5092 Sino.
1127 5043 1240 5095 seniores
1251 5042 1298 5094 B⁶

533 5241 567 5295 13
584 5240 654 5296 Acta
674 5256 733 5312 syn.
758 5257 779 5296 c
793 5249 822 5297 9:
850 5241 927 5314 quod
949 5259 1089 5314 possessor
1116 5244 1175 5300 eius
1203 5243 1297 5313 (sedis)
1325 5243 1467 5313 quondam
1494 5243 1593 5298 beatus
1618 5244 1715 5300 Petrus
1741 5246 1860 5312 meruit,
1887 5246 1918 5301 in
1939 5248 2093 5306 nobilitate

434 5325 615 5396 possessionis
632 5327 757 5383 accessit

532 5413 566 5467 21
584 5414 746 5485 Anonymas
770 5413 927 5469 Vermrensir
948 5413 1510 5485 (Btaaam.snaaas.1Vp.LX1x):
1543 5415 1596 5471 hoc
1622 5417 1717 5486 palam
1742 5435 1794 5488 pro
1819 5419 1879 5474 eius
1907 5420 2092 5493 (Symmachi)

428 5497 590 5555 defensione
612 5500 813 5566 clamantibus,
842 5501 958 5570 quoda
979 5501 1057 5556 nullo
1081 5501 1170 5571 possit
1191 5501 1333 5555 Romanus
1357 5501 1497 5570 pontifex,
1526 5502 1636 5579 etiamsi
1661 5504 1727 5559 talis
1753 5504 1791 5560 sit
1817 5506 1910 5575 qualis
1935 5511 2093 5574 accusatur,

428 5584 529 5640 audiri.
550 5617 583 5626 —
610 5587 714 5642 Relatio
735 5588 913 5656 cpiscoporum
935 5587 972 5642 od
991 5603 1074 5656 rapam
1091 5586 1185 5654 (thiel.
1204 5587 1220 5640 l.
1239 5603 1260 5641 c.
1274 5603 1337 5655 εει).
1355 5589 1429 5654 677):
1456 5604 1499 5642 res
1522 5604 1594 5643 nova
1615 5592 1658 5643 est
1681 5593 1710 5644 et
1732 5591 1893 5660 pontificem
1917 5592 1991 5648 sedis
2009 5593 2092 5649 istius

428 5672 505 5744 apud
524 5690 577 5729 nos
594 5675 686 5730 audiri
704 5675 784 5730 nullo
802 5677 913 5730 constat
931 5674 1066 5745 exemplo.
