4612 6442
899 333 1080 389 EPISTVLA
1099 335 1270 391 Annvnnl.
1850 341 1912 396 nxl

254 505 392 590 loquitur
412 507 567 592 exquisita
588 505 724 594 quadam
746 507 941 572 intricatione
962 509 1130 595 complicat
1151 518 1182 574 et
1205 509 1342 590 innodat,
1365 519 1400 575 ut
1425 512 1537 577 rectius
1559 512 1791 581 INNODIVS
1813 536 1907 601 quam

255 609 316 672 EN
318 609 497 678 NODIVS
512 609 625 675 debeat
639 611 797 697 appellari.
831 634 924 698 porro
940 612 972 676 in
987 613 1122 678 metricis
1138 612 1291 700 producta
1307 614 1428 681 breviat
1445 637 1563 702 suaque
1577 615 1779 681 nihilominus
1803 625 1909 682 aucto-

254 713 343 778 ritate
366 713 534 778 brevianda
551 713 697 801 producit
717 715 865 802 nullaque
879 716 991 781 vitium
1006 716 1152 782 falsitatis
1175 719 1289 783 virtute
1307 717 1476 800 redimitur,
1499 720 1573 805 quia
1593 720 1699 806 ipsum
1720 743 1778 786 nce
1800 721 1903 787 cultus

254 817 403 881 emtionis
424 839 482 881 nec
503 817 640 903 dignitas
656 820 803 884 materiae
817 829 1040 906 recompensat.
1073 822 1287 907 unusquisque
1308 831 1411 886 tamen
1434 820 1475 886 ad
1497 821 1709 888 observandas
1725 825 1903 911 propositae
1933 830 1952 892 6

252 919 329 1005 legis
352 930 474 985 tenetur
495 922 669 1007 angustias,
699 921 884 1008 dicendique
905 923 1078 988 libertatem
1106 926 1291 990 necessitate
1317 926 1485 1012 supprimit
1510 927 1652 1012 quisquis
1679 949 1713 991 se
1734 926 1775 993 ad
1799 929 1904 994 obser-

253 1025 375 1092 vantias
397 1026 577 1091 huiusmodi
599 1026 729 1092 arbitrio
750 1028 895 1114 propriae
909 1028 1077 1092 voluntatis
1100 1029 1252 1114 astringit
1285 1029 1407 1094 facilem
1430 1052 1505 1095 vero
1527 1029 1643 1117 duplex
1665 1030 1759 1117 culpa
1780 1033 1905 1098 veniam

252 1153 315 1194 non
338 1140 479 1210 meretur,
501 1153 572 1195 cum
595 1139 626 1196 ct
640 1130 829 1196 intellectum
853 1131 990 1196 retundit
1011 1133 1186 1198 obscuritas
1208 1143 1239 1198 et
1260 1156 1350 1199 aures
1372 1133 1517 1199 metricae
1532 1135 1690 1222 conuptio
1706 1135 1905 1202 iocunditatis

252 1235 391 1301 offendit.
435 1236 527 1300 credo
549 1259 607 1322 ego
630 1237 743 1301 librum
766 1237 849 1301 bunc
871 1235 955 1323 apud
978 1246 1097 1302 veteres
1126 1261 1182 1302 nec
1204 1239 1347 1304 notitiam
1369 1238 1518 1304 habuisse
1539 1261 1596 1304 nec
1617 1238 1749 1324 gratiam
1772 1237 1905 1326 ideoque
1932 1245 1949 1309 7

251 1362 308 1404 nee
329 1339 361 1404 in
391 1363 502 1405 manus
532 1340 654 1404 venisse
687 1340 855 1405 multorum
886 1340 940 1405 sed
978 1342 1135 1427 sepultum
1163 1340 1281 1406 diutins
1315 1342 1414 1408 veteri
1439 1341 1575 1429 quodam
1603 1342 1737 1408 armario
1765 1342 1905 1424 latuisse,

250 1443 349 1509 donec
372 1445 494 1509 noviter
515 1445 548 1509 in
568 1445 670 1508 lucem
685 1444 795 1509 merito
817 1444 1017 1514 obscuritatis
1040 1455 1072 1510 et
1092 1467 1176 1510 nova
1191 1446 1345 1532 peregrini
1367 1446 1503 1510 nominis
1524 1443 1730 1510 admiratione
1744 1447 1905 1532 processit

250 1557 325 1613 sunt
345 1549 428 1614 enim
450 1548 594 1635 quidam,
622 1549 675 1634 qui
698 1571 735 1613 eo
758 1547 899 1613 diflicilia
920 1549 1046 1613 maioris
1070 1550 1248 1628 aestimant,
1274 1549 1349 1634 quia
1370 1549 1474 1614 minus
1497 1549 1653 1614 intellecta
1675 1549 1839 1630 mirantur,
1864 1573 1902 1616 ea
1926 1552 1946 1615 8

251 1653 379 1718 minoris
408 1661 439 1717 et
467 1662 616 1740 tanquam
643 1653 775 1739 puerilia
804 1661 963 1738 reputant,
1000 1675 1080 1738 quae
1112 1652 1248 1717 iucunda
1273 1653 1370 1718 lucidi
1400 1653 1552 1718 semeonis
1580 1652 1729 1717 serenitas
1760 1652 1900 1718 illustrat

249 1765 403 1821 caeterum
432 1757 652 1822 obscuritatem
680 1765 829 1842 tanquam
859 1757 1001 1821 tenebras
1029 1754 1209 1821 evitandam
1236 1755 1354 1821 Seneca
1388 1765 1493 1822 noster
1519 1765 1550 1820 et
1574 1755 1698 1820 Tullius
1726 1765 1758 1820 et
1787 1757 1907 1836 caeteri,

249 1883 382 1946 quorum
409 1862 525 1948 scripta
551 1860 808 1947 comprobantur,
835 1858 1012 1924 ostendunt
1056 1860 1157 1924 Iulius
1185 1883 1308 1947 quoque
1334 1860 1453 1926 Caesar
1481 1855 1530 1924 ¹vir
1551 1860 1682 1924 illustris
1709 1859 1903 1946 eloquentiae
1917 1844 2042 1952 3320}ss
2049 1851 2061 1890 ⁴

249 1965 420 2052 culpabiles
443 1987 511 2030 esse
533 1963 715 2045 denunciat,
736 1964 790 2051 qui
812 1987 850 2029 ea
871 1965 982 2029 volunt
1003 1964 1090 2051 loqui
1107 1957 1161 2028 ¹vel
1185 1965 1333 2044 scribere,
1360 1987 1440 2051 quae
1462 1964 1602 2029 homines
1625 1963 1776 2027 mirentur
1797 1964 1903 2049 potius

248 2093 343 2157 quam
365 2069 552 2155 intelligant,
579 2077 611 2133 et
633 2091 666 2134 se
688 2079 834 2155 tanquam
863 2068 1027 2156 scopulum
1054 2069 1097 2132 ita
1125 2068 1231 2154 fugere
1264 2069 1401 2133 insolens
1431 2077 1523 2154 atque
1554 2066 1731 2153 infrequens
1765 2067 1903 2132 verbum.

247 2174 341 2259 legite
363 2181 465 2238 tamen
489 2173 654 2259 ipsumque
675 2195 738 2237 non
761 2171 800 2236 de
823 2172 1037 2237 aestimatione
1059 2194 1128 2236 mea
1150 2171 1206 2236 sed
1228 2170 1268 2236 de
1289 2180 1396 2238 vestra
1418 2172 1523 2258 potius
1546 2170 1738 2257 experientia
1759 2169 1903 2252 iudicate,
1926 2179 1946 2243 9

248 2300 286 2342 ne
308 2276 426 2342 meritis
449 2276 515 2340 eius
538 2275 714 2361 ignorantia
735 2298 804 2340 mea
826 2274 1049 2362 praeiudicium
1065 2275 1219 2361 irrogasse
1242 2274 1365 2340 dicatur
1385 2275 1551 2362 ipsumque
1573 2275 1669 2340 vestri
1691 2274 1809 2339 favoris
1832 2297 1903 2339 sen·

246 2380 345 2446 tentia
372 2379 582 2445 defraudasse.
633 2379 719 2466 quod
753 2380 780 2444 si
809 2379 1051 2465 irrefragabilem
1085 2379 1234 2466 quaeritis
1265 2378 1304 2443 de
1333 2402 1429 2466 prosa
1457 2379 1536 2444 ferre
1570 2378 1768 2458 sententiam,
1800 2379 1903 2464 ipsam

247 2483 418 2549 secundum
443 2507 587 2551 versuum
608 2485 718 2549 merita
739 2483 883 2563 iudicate,
906 2483 989 2569 quia,¹
1002 2505 1109 2547 vemm
1132 2491 1180 2547 est
1202 2482 1306 2569 ipsum
1328 2481 1396 2569 pari
1412 2482 1522 2568 peritia
1544 2483 1626 2547 circa
1647 2490 1788 2568 tempora
1810 2481 1906 2567 sylla·

246 2589 356 2654 barum
378 2598 411 2653 et
431 2588 603 2653 dictionum
626 2597 767 2652 astruam
790 2587 999 2674 virtutemque
1023 2587 1148 2652 versari.
1192 2586 1315 2654 Valete.
