4612 6442
733 402 754 454 l.
787 398 833 457 DE
853 400 940 456 VITA
960 399 1008 455 ΕΤ
1027 400 1188 456 scalenus
1207 401 1359 459 BNNODI.
1797 407 1876 461 XVII

219 570 363 657 scripsit,
393 579 553 655 tamqnam
586 569 788 656 prodromum
817 573 972 660 quendam
1001 597 1069 640 esse
1095 577 1275 662 panegyrici
1298 575 1491 642 Theoderico
1518 577 1602 642 dieti.
1646 579 1772 645 eaedem
1794 581 1876 645 eninr

219 673 303 758 regis
326 672 457 738 virtutes
486 672 538 737 hio
560 683 653 759 atque
675 675 740 740 illie
767 676 915 743 laudibus
944 677 1129 743 efferuntur:
1158 679 1311 744 fortitudo
1339 680 1460 745 iustitia
1488 680 1651 748 clementia
1678 684 1877 749 continentia.

220 776 340 841 scilicet
353 777 386 840 in
401 778 536 863 epistula
558 779 666 844 leviter
686 782 813 867 attingit
833 792 865 847 et
886 783 995 868 paneis
1018 783 1158 848 absolvit
1178 806 1257 870 quae
1279 785 1311 848 in
1327 786 1514 871 panegyrico
1529 785 1636 852 multis
1659 796 1690 852 et
1704 787 1877 873 magnificis

220 883 324 948 verbis
353 887 563 970 exaggeravit
610 889 697 952 velut
727 890 859 954 victoria
886 913 905 955 a
932 886 1117 955 Theoderici
1145 890 1281 954 exercitu
1309 889 1348 954 de
1378 889 1599 956 Sinniensibus
1629 899 1660 956 et
1687 892 1877 976 Bulgaribus

221 1008 303 1050 auno
326 989 390 1054 504
412 997 579 1074 reportata,
601 1013 696 1076 quam
710 993 743 1055 in
759 993 946 1078 panegyrico
967 994 1113 1059 omnibus
1129 993 1277 1058 orationis
1301 993 1438 1058 artificiis
1453 994 1631 1073 illustravit,
1653 994 1705 1059 hic
1720 997 1878 1081 (palan

221 1093 326 1180 verbis
348 1094 465 1181 pressis
488 1105 520 1159 et
541 1096 682 1162 obscuris
705 1121 770 1185 ,per
791 1121 941 1164 excursus
964 1099 1108 1186 dirigitur
1129 1099 1204 1164 felix
1226 1101 1378 1164 exercitus
1402 1098 1442 1164 ad
1459 1099 1631 1164 ῖιιίιιιιῖιιιιιι
1652 1098 1878 1186 perstringitur.

221 1196 380 1262 simillima
402 1207 504 1262 autern
529 1199 689 1286 utriusque
712 1202 855 1288 opusculi
878 1213 1015 1267 extrema
1037 1227 1110 1290 pars
1132 1212 1179 1268 est
1202 1208 1242 1290 (p.
1258 1206 1331 1283 214,
1342 1207 1383 1269 20
1407 1212 1438 1267 et
1460 1206 1533 1282 319,
1545 1206 1609 1286 23),
1635 1202 1690 1267 ubi
1712 1200 1878 1266 Ennodius

221 1325 279 1389 pro
306 1324 428 1367 summa
455 1303 567 1368 Italiae
592 1304 739 1370 felicitate
766 1306 799 1370 id
821 1330 917 1371 nuum
946 1307 1136 1394 precandum
1164 1330 1232 1371 esee
1259 1306 1352 1385 dixit,
1386 1315 1421 1370 nt
1447 1303 1640 1370 Theoderico
1673 1305 1760 1370 heres
1791 1305 1876 1391 regni

222 1415 399 1472 nasceretur
420 1415 504 1492 (ergo
526 1407 602 1472 haec
625 1432 696 1495 spes
721 1433 803 1476 anno
819 1415 881 1479 507
904 1412 1044 1477 nondum
1066 1422 1131 1477 erat
1153 1413 1312 1498 praecisa).
1346 1411 1479 1495 denique
1495 1411 1549 1475 illa
1564 1409 1697 1495 epistula
1712 1407 1877 1474 Ennodius

221 1533 336 1597 papam
357 1513 480 1576 monuit
501 1535 569 1577 sese
592 1522 734 1598 paratum
761 1538 830 1580 esse
851 1515 1044 1580 Theoderico
1067 1539 1123 1602 pro
1147 1515 1302 1580 beneficiis
1325 1515 1473 1579 eeclesiae
1495 1514 1619 1578 tributis
1641 1511 1757 1597 gratias
1780 1533 1878 1596 agere,

222 1622 315 1700 atque
336 1614 411 1700 qnia
425 1616 456 1679 in
479 1617 666 1702 panegyrico
681 1619 839 1704 professus
859 1629 907 1683 est
922 1625 962 1705 (p.
979 1623 1051 1698 209,
1064 1622 1116 1700 27)
1138 1619 1272 1705 ,suscepi
1288 1618 1424 1682 officinm
1440 1616 1621 1682 laudatoris‘
1643 1624 1674 1679 et
1695 1623 1735 1702 (p.
1747 1617 1878 1694 212,29)

222 1740 314 1797 ,nunc
340 1719 470 1784 ecclesia
496 1726 565 1801 (me)
595 1720 704 1805 dirigit
730 1721 942 1802 laudatorem‘,
971 1724 1001 1786 in
1030 1734 1176 1809 promptu
1205 1733 1253 1786 est
1279 1745 1297 1787 a
1326 1745 1409 1808 papa
1435 1719 1583 1786 Ennodio
1611 1719 1748 1784 officinm
1775 1740 1876 1802 regem

223 1821 361 1885 oratione
389 1822 531 1885 sollemni
558 1822 708 1888 laudandi
731 1823 867 1889 delatum
895 1848 972 1890 esse.
1016 1849 1112 1911 qnare
1139 1849 1201 1889 non
1228 1825 1379 1890 assentior
1402 1824 1556 1909 Cipollae,
1589 1824 1642 1908 qui
1670 1824 1703 1887 in
1726 1821 1878 1886 Archivio

222 1924 371 1989 historico
393 1925 528 1990 Italiano
551 1926 653 2007 (Scric
668 1935 785 2008 maereo
808 1930 867 1993 No.
885 1936 927 1991 33
942 1937 963 1992 t.
982 1931 1040 1994 XI
1052 1935 1136 1992 1833
1152 1953 1186 2010 p.
1204 1935 1282 2004 357)
1305 1952 1458 1994 summam
1483 1929 1674 2014 quaestionis
1697 1927 1877 2014 complexus

223 2027 298 2093 haec
321 2029 480 2094 disseruit:
504 2032 635 2094 tradam
656 2031 723 2095 sola
746 2033 781 2096 ui
802 2055 870 2096 rum
892 2034 927 2096 ‹li
949 2033 1047 2113 qrrcllc
1069 2035 1283 2097 cscrcitosicni
1305 2033 1469 2110 actorides,
1500 2033 1643 2096 clr’cruao
1667 2032 1822 2095 diradare
1844 2031 1879 2094 di

224 2135 314 2198 arada
342 2134 424 2217 areoli
452 2135 558 2198 reltirni
585 2139 679 2216 tcncpi
705 2136 773 2200 alell
797 2140 922 2217 irrqrcro.
969 2138 1152 2203 difficillima
1181 2148 1285 2202 auteur
1312 2136 1484 2202 diiudicata
1512 2146 1560 2201 est
1587 2135 1742 2222 quaesti0,
1776 2143 1877 2198 utrum

223 2238 436 2322 panegyricus,
459 2248 494 2302 nt
517 2240 718 2325 inscriptione
742 2241 926 2320 nffimratur,
949 2240 1051 2306 dietus
1074 2266 1128 2320 an,
1151 2253 1186 2306 ut
1208 2249 1313 2306 censet
1335 2241 1476 2327 Cipolla,
1498 2242 1550 2327 qui
1573 2241 1593 2305 l.
1609 2264 1635 2305 e.
1657 2238 1879 2326 panegyricum

223 2342 361 2428 appellat
382 2363 450 2406 aaa
469 2345 686 2407 ccc-circaea
709 2346 842 2408 actor-ica
864 2348 989 2410 ‘inuicto
1003 2369 1065 2427 per·
1086 2348 1208 2411 amita
1223 2346 1257 2409 ol
1270 2369 1313 2422 rc,
1335 2346 1470 2432 scriptus
1486 2344 1680 2409 Theoderico
1702 2341 1878 2406 innotuerit

223 2467 411 2532 quamquam
434 2447 516 2512 enirn
539 2447 628 2512 illnnr
651 2471 683 2512 re
706 2471 779 2512 vera
801 2449 919 2513 dictrrm
943 2473 1011 2514 esse
1033 2462 1064 2514 et
1091 2450 1248 2514 communi
1276 2473 1361 2514 more
1383 2448 1527 2513 Romano
1549 2457 1580 2512 et
1602 2446 1760 2511 nonnullis
1782 2469 1879 2510 enun-¹

223 2549 318 2628 tiatis,
340 2550 455 2634 quibus
471 2550 636 2615 Ennodius
661 2555 727 2638 ipse
749 2551 787 2616 de
810 2576 867 2617 sno
890 2577 982 2639 opere
1002 2555 1107 2632 utitur,
1130 2553 1324 2640 comprobari
1341 2553 1473 2630 videtur,
1496 2553 1565 2617 aliis
1582 2561 1663 2616 certe
1686 2573 1747 2614 non
1764 2551 1881 2636 impro-

223 2653 323 2733 batur,
346 2654 444 2718 veluti
466 2659 802 2740 pensaurensem,
826 2661 898 2737 204,
910 2661 952 2723 24
974 2660 1129 2734 recurratis,
1154 2661 1226 2738 204,
1240 2661 1280 2723 27
1304 2658 1443 2734 θοιθῖιῖὶιι,
1467 2661 1539 2736 211,
1555 2661 1596 2724 35
1619 2656 1731 2736 eloqui,
1754 2657 1877 2732 212,21

223 2759 333 2834 dicere,
357 2761 429 2836 213,
443 2762 483 2824 10
506 2767 537 2822 θῖ
559 2762 631 2839 214,
644 2764 685 2824 23
713 2763 831 2824 mono:
865 2771 968 2826 tamen
1003 2786 1065 2827 non
1093 2761 1218 2841 desunt,
1253 2763 1367 2847 quibus
1400 2761 1543 2847 Cipollae
1577 2759 1762 2824 sententiam
1795 2757 1879 2822 hand

224 2884 351 2948 prorsus
374 2861 583 2926 damnandam
610 2887 679 2928 esse
707 2864 863 2929 doceatur.
907 2889 980 2930 nam
1002 2867 1124 2930 etiarnsi
1146 2867 1339 2930 enuntiatum
1363 2875 1403 2951 (p.
1420 2868 1492 2943 203,
1508 2867 1556 2940 ln
1585 2863 1699 2927 orario
1722 2861 1881 2925 litteraria

224 2989 286 3030 non
314 2967 498 3052 premimus,
527 2966 612 3052 quod
639 2970 799 3033 enuntiato
828 2970 962 3054 proximi
991 2992 1099 3034 versus
1129 2970 1311 3050 linquerent
1340 2970 1490 3032 cccrcitio
1518 2969 1624 3032 statim
1652 2973 1880 3052 compensatur,

223 3071 359 3156 graviter
381 3069 568 3134 offendimus
591 3073 623 3136 in
648 3072 750 3137 verbis
774 3079 813 3158 (p.
830 3077 957 3152 206,4);
986 3073 1110 3151 ,cursim
1133 3074 1232 3136 multa
1253 3071 1452 3152 transcendo,
1482 3095 1520 3135 ne
1542 3071 1687 3158 pigrioris
1710 3069 1774 3133 stili
1802 3069 1880 3132 vitio

224 3197 311 3240 serus
334 3174 501 3239 advenias‘.
546 3175 623 3261 quid
650 3177 710 3242 sibi
733 3178 803 3241 vult
824 3177 1012 3242 vocabulrun
1036 3178 1111 3254 stili,
1140 3178 1166 3240 si
1190 3178 1409 3264 panegyricum
1438 3177 1600 3240 recitatum
1623 3197 1691 3237 esse
1714 3174 1881 3237 statuitur?

224 3278 353 3362 cogitari
376 3277 502 3364 quidem
525 3289 638 3365 potest,
660 3281 687 3344 si
711 3282 915 3366 panegyricus
939 3305 1001 3344 non
1023 3281 1125 3345 dictus
1150 3291 1206 3360 est,
1229 3305 1299 3344 ennr
1322 3280 1438 3345 dictum
1462 3303 1529 3343 esse
1552 3279 1592 3343 ab
1615 3277 1762 3342 Ennodio
1784 3277 1881 3340 simu·

223 3383 295 3446 lari:
318 3404 393 3445 num
416 3383 509 3446 etiarn
533 3392 634 3468 potest
657 3385 819 3469 explicari,
842 3386 867 3449 si
891 3387 1096 3471 panegiricus
1120 3385 1266 3449 recitatus
1289 3394 1349 3462 est,
1373 3407 1427 3448 cnr
1450 3383 1482 3447 id
1504 3381 1768 3446 dissimulaverit?
1790 3379 1881 3465 quid-

225 3484 301 3572 quid
317 3494 420 3550 autem
440 3485 498 3550 hac
521 3486 559 3550 de
582 3510 614 3552 ne
630 3489 771 3568 senseris
794 3489 821 3552 ei
846 3490 899 3574 qni
922 3488 1039 3568 rnbern,
1061 3490 1115 3554 nbi
1139 3489 1241 3554 dietus
1264 3498 1353 3569 esset,
1375 3489 1534 3575 exquirere
1557 3485 1732 3564 studebant,
1754 3506 1879 3569 operam

224 3600 255 3654 et
281 3591 384 3656 oleum
412 3589 628 3676 perdiderunt,
656 3615 751 3676 qnare
773 3593 840 3678 ipse
862 3593 921 3656 hac
950 3594 1129 3678 quaestione
1153 3593 1301 3657 abstineo.
1346 3604 1468 3678 tempus
1496 3613 1582 3669 vero,
1610 3613 1673 3675 quo
1700 3588 1803 3652 dictus
1830 3586 1879 3650 vel

226 3693 360 3780 scriptus
384 3703 446 3772 est,
475 3695 551 3758 satis
580 3696 642 3758 iarn
665 3695 825 3760 definitrnn
853 3719 920 3760 esse
944 3695 1069 3760 videtur
1094 3720 1130 3760 ea
1152 3720 1197 3774 re,
1228 3695 1312 3781 «qnod
1341 3696 1511 3780 gratiarnm
1541 3694 1694 3758 actionem
1722 3693 1754 3756 in
1777 3691 1880 3755 Theo-

226 3797 380 3875 dericum,
411 3799 500 3862 errius
530 3800 647 3863 erurilio
681 3799 888 3885 Symmachus
917 3823 999 3885 papa
1031 3823 1113 3864 anno
1137 3803 1198 3866 507
1233 3798 1430 3864 adversarios
1461 3799 1590 3876 vicerat,
1622 3797 1768 3860 continet.
1818 3817 1879 3880 qua

226 3902 345 3966 ratione
367 3903 515 3988 temporis
538 3904 614 3966 lines
637 3905 699 3968 iarn
722 3904 762 3968 ab
785 3904 854 3968 aliis
878 3904 1040 3968 constituti
1063 3905 1162 3988 magis
1186 3912 1370 3967 coartantur.
1405 3926 1476 3966 ennr
1498 3902 1579 3964 enim
1604 3899 1677 3964 belli
1700 3899 1879 3963 Sinniensis

226 4029 307 4071 auno
323 4010 387 4074 504
408 4007 490 4092 gesti
512 4007 628 4071 mentio
651 4009 712 4086 fiat,
735 4007 852 4072 bellum
874 4009 1002 4092 gravius
1027 4017 1129 4072 autem
1153 4030 1235 4071 anno
1259 4010 1320 4074 508
1344 4029 1414 4070 θιιιιι
1436 4003 1715 4089 Burgundionibus
1738 4011 1879 4068 exortunr

227 4133 379 4196 nusquam
402 4121 668 4190 commemoretur,
691 4113 814 4176 termini
837 4121 989 4191 constant,
1012 4136 1091 4198 quos
1115 4115 1196 4176 ultra
1219 4113 1357 4196 citraque
1379 4109 1524 4196 progredi
1547 4131 1609 4172 non
1631 4108 1712 4172 lieet.
1744 4117 1879 4171 ceterum

226 4214 341 4279 bellurn
364 4238 435 4279 cum
463 4215 742 4300 Burgundionibus
771 4225 874 4280 ortum
902 4239 1054 4280 essenon
1082 4217 1183 4280 solnm
1212 4238 1365 4301 nusquam
1387 4216 1420 4278 in
1442 4213 1629 4299 panegyrico
1651 4211 1797 4290 traditur,
1824 4210 1879 4276 sed

225 4316 348 4383 disertis
373 4318 475 4383 verbis
499 4341 606 4405 pacem
630 4318 809 4384 diuturnam
832 4321 912 4384 inter
935 4319 1058 4384 Gothos
1082 4329 1112 4384 et
1135 4317 1374 4404 Burgundiones
1397 4341 1465 4381 esse
1487 4316 1660 4380 affirmatur
1682 4323 1722 4401 (p.
1738 4318 1809 4394 209,
1819 4319 1880 4394 32).

328 4422 379 4486 Ex
402 4424 527 4508 reliquis
555 4425 662 4502 rebus,
696 4447 775 4510 quae
807 4423 848 4489 ad
881 4435 1005 4510 tempus
1038 4422 1245 4488 deliniendum
1280 4423 1423 4500 attinent,
1465 4442 1561 4483 unum
1590 4420 1693 4483 locum
1723 4419 1880 4484 nonnullis

226 4527 329 4592 verbis
344 4528 557 4593 enarrabimus
573 4527 675 4592 adhuc
691 4551 852 4616 perperam
872 4530 1104 4615 interpretatum
1127 4535 1167 4612 (p.
1180 4531 1252 4604 213,
1264 4529 1306 4602 il:
1330 4547 1391 4604 ,nex
1412 4547 1498 4588 meus
1514 4525 1557 4587 sit
1571 4524 1636 4587 inre
1647 4523 1879 4603 Alamannicus,

226 4627 348 4695 dicatur
369 4631 506 4695 alienns‘.
552 4654 607 4695 cnr
629 4641 732 4696 antem
754 4631 965 4697 Theodericus
989 4655 1159 4717 cognomen
1183 4630 1381 4694 Alamannici
1404 4638 1547 4706 mereret,
1569 4651 1599 4712 p.
1615 4630 1686 4705 212,
1699 4629 1803 4693 5-12
1826 4651 1879 4692 ex-

226 4733 385 4819 planatum
412 4745 468 4798 est.
514 4745 546 4799 at
574 4737 643 4821 quis
668 4747 720 4800 est
748 4737 799 4800 ille
828 4737 946 4801 alienus
973 4759 1041 4814 rex,
1071 4737 1125 4822 qui
1153 4734 1300 4820 indignus
1330 4733 1418 4796 illurn
1445 4732 1570 4795 titulum
1599 4731 1658 4794 sibi
1687 4729 1880 4795 vindicavit?

227 4860 305 4903 nnus
328 4838 466 4924 intellegi
489 4849 592 4924 potest
614 4840 817 4918 Anastasius
841 4840 968 4904 orientis
991 4841 1167 4925 imperator.
1212 4837 1438 4902 Alamannicus
1466 4837 1548 4899 eninr
1571 4857 1632 4898 non
1661 4834 1761 4897 solum
1784 4834 1881 4898 Iusti·

226 4943 347 5006 nianus
359 4943 607 5028 posterioresque
630 4943 830 5028 imperatores
853 4943 1000 5030 appellati
1024 4953 1109 5022 sunt,
1134 4952 1168 5006 nt
1190 4942 1230 5006 ab
1253 4942 1323 5005 aliis
1346 4941 1406 5004 ianr
1430 4940 1628 5004 observatum
1651 4950 1711 5015 est,
1739 4935 1794 5001 sed
1816 4939 1878 5002 iarn

225 5047 412 5111 Anastasius
442 5046 525 5110 hunc
551 5046 679 5110 titulum
709 5047 776 5133 ipse
804 5048 865 5113 sibi
888 5046 1002 5112 indidit
1029 5049 1061 5110 in
1091 5046 1226 5132 epistula
1254 5044 1294 5109 ad
1324 5053 1464 5108 senatum
1489 5043 1574 5106 urbis
1603 5040 1721 5104 Romae
1746 5040 1781 5106 V
1805 5040 1878 5104 Kal.

226 5151 307 5236 Aug.
334 5151 408 5215 anni
431 5153 493 5218 510
521 5148 594 5213 data
623 5149 728 5230 (Thiel
755 5153 845 5237 epist.
868 5152 978 5237 pontif.
1001 5176 1030 5237 p.
1049 5155 1132 5230 705).
1181 5149 1221 5215 od
1250 5172 1375 5214 causam
1405 5157 1509 5211 autern
1537 5144 1799 5230 cognoscendam,
1825 5168 1880 5210 cur

226 5255 414 5320 Anastasius
430 5254 470 5319 ab
484 5252 632 5318 Ennodio
648 5255 737 5318 tectis
754 5254 857 5319 verbis
874 5255 1100 5341 percelleretur,
1116 5256 1193 5320 satis
1209 5254 1267 5319 erit
1282 5253 1395 5337 legisse
1404 5250 1583 5337 Symmachi
1599 5273 1699 5336 papae
1714 5249 1878 5335 epistulam

225 5357 332 5422 eodem
354 5357 417 5422 fere
440 5367 579 5443 tempore
594 5365 630 5435 (a.
648 5361 753 5440 50617)
776 5360 924 5446 scriptam
941 5360 1167 5447 apologeticam
1184 5358 1335 5424 adversus
1353 5355 1500 5420 Anastasi
1523 5353 1717 5438 imperatoris
1740 5352 1878 5418 libellum

225 5463 394 5541 famosum,
428 5483 490 5546 quo
518 5460 710 5546 pontificem,
743 5485 763 5525 a
790 5484 853 5547 quo
880 5463 948 5549 ipse
977 5463 1263 5528 excommunicat-us
1294 5468 1373 5536 erat,
1408 5457 1514 5522 multis
1549 5457 1745 5521 contumeliis
1776 5457 1880 5522 affecit

225 5564 330 5630 dioens
347 5565 569 5652 Symrnaehrmr
585 5565 805 5631 Manichaeunr
828 5590 927 5654 neque
949 5591 1063 5655 papam
1087 5568 1223 5653 legitime
1238 5571 1450 5629 consecratum
1473 5583 1541 5626 esse
1563 5560 1602 5642 (T
1603 5561 1665 5624 hiel
1679 5560 1699 5625 l.
1715 5584 1740 5625 c.
1756 5586 1785 5647 p.
1799 5565 1880 5640 700).

225 5679 381 5754 praeterea
408 5667 582 5747 Ennodius,
612 5679 646 5733 nt
673 5669 866 5736 Theoderico
893 5683 1018 5760 gratum
1045 5695 1078 5737 so
1107 5671 1245 5752 futurum
1275 5690 1398 5755 sperare
1425 5675 1533 5755 posset
1560 5663 1645 5750 qnod
1674 5666 1877 5730 Anastusinm

330 5782 471 5836 Ennomus,
1710 5795 1724 5832 c
