4538 6436
512 424 563 484 xv
582 421 705 498 (arist.
725 431 748 494 1,
768 430 820 497 ιο),
840 423 903 484 xv1
923 424 1045 498 (neren.
1065 427 1088 492 1,
1108 427 1160 497 11).
1179 425 1259 484 xvu
1277 425 1400 500 (scier.
1420 428 1516 499 1‚12).
1800 429 1834 498 21

186 624 228 669 ea
250 626 315 691 qua
337 603 500 668 insinuavi
522 605 711 670 sinceritate
729 605 938 691 conplecterc
956 611 989 670 et
1005 624 1150 669 amorem
1164 626 1272 670 meum
1289 604 1322 669 in
1338 603 1567 670 admonitionis
1582 605 1646 670 fide
1663 606 1841 693 perpende.

186 707 266 771 scito
290 707 447 793 epistulas
470 714 544 771 tuas
568 710 647 773 nulli
670 709 840 774 doctorum
864 729 883 771 a
905 730 957 773 me
982 730 1057 774 esse
1081 708 1308 793 denegandas,
1339 714 1375 772 ut
1404 708 1490 793 quod
1516 731 1569 774 me
1598 731 1656 794 per
1678 711 1872 775 inscitiamb

186 811 309 896 fugerit
330 833 390 896 per
413 832 482 891 eos,
505 812 561 895 qui
583 810 624 875 ad
647 832 789 895 unguem
814 811 900 876 docti
923 820 1006 888 sunt,
1031 813 1236 888 emendetur;
1261 818 1293 876 et
1314 811 1387 876 ideo
1411 812 1453 876 ad
1477 815 1659 898 scriptionis
1682 815 1841 878 culturam

185 916 289 979 multo
317 915 434 979 sudore
458 922 491 978 te
513 935 690 1000 praepara,
721 921 756 978 ut
779 922 871 996 vota,
902 936 986 1000 quae
1017 917 1104 980 circa
1127 922 1159 979 te
1182 937 1241 1001 pro
1266 916 1444 979 venerandi
1466 917 1568 1001 patris
1592 917 1639 979 tui
1662 905 1785 981 meritis
1809 923 1842 981 et

116 1033 129 1068 Ξ·
187 1039 297 1082 amore
320 1019 466 1104 concepi,
489 1017 531 1082 ad
555 1019 707 1083 ellectum
731 1018 875 1083 subhac
900 1019 1055 1084 claritatis
1079 1027 1154 1084 tuac
1178 1019 1359 1084 intentione
1382 1020 1587 1104 perveniant.

104 3444 130 3484 2⁰

836 1309 923 1378 XVI
946 1312 1056 1398 (arrsr.
1082 1317 1109 1394 1,
1136 1313 1200 1396 11).

614 1506 856 1580 CASTORIO
884 1507 945 1579 ΕΤ
972 1506 1136 1579 FLORO
1164 1506 1414 1582 ENNODIVS.

295 1654 486 1746 Amantem
509 1684 612 1747 vestri
635 1685 741 1768 gratia
763 1683 929 1748 deberetis
952 1683 1100 1747 relevare
1124 1683 1286 1768 conloquii
1310 1691 1342 1748 et
1365 1683 1503 1747 amicam
1528 1681 1728 1766 diligentiam
1752 1684 1870 1749 testi-i

185 1787 294 1850 monio
317 1807 465 1850 reserare
489 1788 657 1868 sermonis,
680 1789 757 1872 quia
779 1794 869 1852 muta
885 1790 1001 1852 caritas
1019 1809 1124 1874 paene
1141 1789 1269 1873 optinet
1284 1789 1372 1852 vices
1389 1787 1509 1871 ingrati
1526 1792 1558 1850 ct
1576 1808 1636 1872 per
1650 1788 1844 1872 paginarum

186 1889 418 1953 abstinentiam
441 1889 645 1974 intercipitur
665 1891 712 1952 vis
736 1892 863 1954 amoris.
910 1890 1081 1954 absentum
1106 1891 1221 1954 animis
1244 1891 1314 1955 sola
1336 1891 1518 1955 litterarum
1540 1890 1689 1955 medetur
1712 1891 1845 1974 oblatio,

186 2012 270 2076 quae
299 1992 440 2077 quodam
467 1993 586 2057 mentis
614 1993 751 2058 artificio
777 1995 882 2082 pingit
912 1995 1086 2079 scriptione
1117 1992 1201 2078 quod
1230 1995 1382 2079 loquitur.
1428 1994 1510 2058 haec
1541 1993 1627 2080 apud
1650 2015 1708 2058 ros
1730 1999 1877 2080 super-2

185 2117 322 2160 vacuum
345 2102 496 2182 putamus
519 2095 690 2177 adserere,
720 2117 799 2182 quos
830 2098 978 2162 instituta
1008 2098 1131 2163 nobilia
1159 2104 1295 2178 acuunt,
1327 2097 1446 2182 quibus
1479 2103 1610 2184 praesto
1642 2103 1693 2162 est
1715 2099 1846 2184 sanguis

185 2199 330 2263 doctrina
354 2200 563 2264 consortium.
610 2200 691 2263 nihil
714 2205 763 2263 est
788 2200 945 2264 bonarum
976 2201 1110 2281 artium,
1142 2198 1228 2285 quod
1251 2200 1378 2264 nescire
1403 2200 1473 2263 sine
1497 2200 1734 2284 neglegentiae,
1750 2201 1845 2287 culpa

184 2303 329 2389 possitis,
366 2323 445 2388 quos
476 2309 548 2389 post
580 2304 686 2368 lucem
723 2304 881 2368 natalium
910 2304 1096 2369 Romanum
1125 2303 1223 2367 decus
1253 2302 1396 2367 Faustus
1430 2304 1578 2368 instituit.
1631 2325 1708 2389 ergo
1742 2306 1847 2390 magis

184 2406 350 2471 fatendum
375 2413 426 2470 est
448 2427 500 2470 me
531 2426 594 2470 non
623 2408 740 2471 mereri
772 2406 857 2492 quod
887 2408 1034 2493 postulo,
1068 2428 1164 2492 quam
1193 2427 1252 2470 vos
1282 2407 1406 2470 nescire
1436 2406 1513 2492 quid
1544 2406 1691 2471 debeatis
1719 2408 1846 2474 offerre.

187 2511 307 2575 domini
330 2511 389 2588 mi,
413 2511 621 2575 salutationis
646 2509 757 2574 debita
780 2511 978 2575 effusissima
1000 2511 1184 2574 humilitate
1207 2510 1396 2595 persolvens
1418 2531 1548 2595 precor,
1571 2518 1608 2575 ut
1630 2511 1762 2577 taudem
1785 2513 1877 2576 ali-3

184 2613 314 2698 quando
338 2635 403 2678 non
426 2615 623 2679 inmemores
652 2612 880 2677 admonitionis
911 2621 945 2678 et
972 2613 1113 2678 foederis
1141 2614 1345 2691 rescribatis,
1378 2614 1465 2678 circa
1493 2635 1577 2699 quae
1607 2636 1707 2700 opera
1735 2617 1847 2701 pigros

182 2739 242 2782 ros
274 2739 349 2782 esse
376 2738 441 2782 non
470 2717 638 2798 convenit,
673 2718 748 2802 quia
777 2739 838 2782 nec
869 2718 1108 2783 conversationi
1144 2725 1274 2782 restrae
1307 2723 1421 2782 sancta
1449 2719 1649 2783 conscientia
1677 2739 1737 2782 neo
1765 2719 1848 2783 uber

184 2843 292 2886 sermo
316 2829 425 2907 potest
447 2821 563 2887 deesse
588 2821 778 2906 conloquiis.

822 3077 930 3146 xvss
954 3079 1063 3166 (seren.
1090 3083 1117 3156 1,
1144 3078 1209 3164 12).

784 3271 962 3344 AVlENO
992 3271 1241 3345 ENNODIVS.

302 3417 345 3511 Si
361 3468 509 3532 quaeras,
532 3469 590 3512 our
605 3449 734 3514 silentio
750 3456 860 3513 vestro
875 3449 1013 3512 multata
1033 3469 1098 3511 non
1118 3447 1235 3511 reticet
1257 3444 1394 3530 prodiga
1415 3445 1505 3509 frons
1529 3445 1672 3532 pudoris,
1696 3452 1730 3510 et
1751 3445 1855 3510 malci

181 3551 427 3636 interpretando
452 3553 642 3638 inpudentia
664 3558 799 3617 vocetur
822 3553 966 3630 affectio,
997 3553 1023 3616 si
1046 3551 1270 3636 garrulitatem
1298 3570 1405 3614 meam
1432 3549 1540 3614 fructu
1570 3550 1659 3614 dicas
1688 3553 1845 3613 cessante

182 3651 333 3718 debuisse
356 3657 524 3740 conpesci:
556 3678 617 3740 ego
641 3663 690 3736 te,
721 3656 946 3720 inlustrissime
975 3655 1157 3734 hominurn,
1185 3655 1242 3718 illa
1270 3656 1409 3740 quaein
1435 3653 1558 3718 familia
1581 3660 1638 3717 tua
1660 3651 1840 3717 domestica

182 3763 233 3820 est
256 3758 444 3823 sinceritate
467 3762 636 3837 convenio,
659 3781 721 3843 ago
744 3758 949 3823 foederatam
972 3757 1222 3844 promissionem
1239 3757 1331 3842 quasi
1348 3757 1495 3821 obsidem
1510 3757 1630 3821 mentis
1646 3757 1836 3842 amplector.

183 3859 279 3924 doleo
301 3860 432 3945 quidem
449 3870 639 3946 procuratas
656 3863 745 3947 longi
762 3882 878 3926 causas
895 3861 1027 3940 silentii,
1050 3858 1127 3923 dum
1151 3866 1184 3923 et
1207 3861 1326 3924 caritas
1350 3868 1383 3926 et
1406 3859 1615 3925 necessitudo
1638 3859 1873 3944 neglegitur;2

118 3987 129 4022 a
184 3962 243 4026 sed
266 3964 342 4049 quia
364 3985 417 4028 me
441 3971 546 4029 totum
570 3966 632 4030 sibi
655 3987 746 4030 amor
769 3972 844 4028 tuus
867 3962 1029 4042 vindieat,
1052 3962 1158 4026 adhuc
1182 3963 1280 4028 credo
1304 3964 1550 4030 exeusationem
1573 3984 1672 4048 posse
1696 3962 1844 4048 recipere

183 4066 270 4150 quod
300 4066 407 4131 fecisti
431 4075 464 4132 ct
491 4071 694 4155 purgationis
724 4077 801 4134 tuae
824 4069 857 4132 in
880 4068 941 4132 hac
964 4074 1058 4153 parte
1082 4088 1199 4131 causas
1223 4067 1361 4130 aestimo
1385 4087 1475 4147 esse,
1504 4087 1585 4152 quas
1609 4065 1755 4130 invenire
1779 4086 1845 4129 non

181 4191 327 4255 possum.
377 4172 410 4235 in
440 4171 527 4237 bona
556 4181 589 4238 te
619 4173 799 4238 valitudine
831 4172 952 4258 degere
982 4173 1049 4235 voti
1080 4191 1214 4257 compos
1244 4192 1373 4257 semper
1403 4171 1522 4235 audivi.
1569 4169 1733 4250 sudorem⁴
1752 4175 1845 4233 tuum

183 4273 270 4337 circa
300 4284 493 4340 ornamenta
524 4277 655 4361 generis
686 4298 787 4363 saepe
818 4276 1004 4362 epistularis
1039 4274 1174 4360 alloquii
1203 4275 1276 4340 luco
1308 4275 1442 4340 tersisti.
1495 4275 1575 4338 nihil
1606 4280 1738 4361 praeter
1766 4293 1844 4337 con·

183 4381 344 4461 temptum
366 4385 537 4462 monstrat,
560 4381 711 4464 quotiens
733 4381 939 4444 taciturnitas
960 4378 1147 4443 nonhabet
1171 4379 1413 4446 necessitatem.
1463 4400 1524 4464 ego
1549 4386 1660 4442 tamen
1690 4399 1782 4464 spem
1802 4375 1876 4441 de3

186 4498 344 4563 responso
378 4482 511 4566 capiens
539 4504 669 4569 semper
700 4483 818 4568 scripsi
850 4489 883 4546 et
914 4482 974 4546 sub
1012 4481 1151 4567 quadam
1185 4483 1343 4546 claritatis
1376 4488 1451 4548 tuae
1483 4483 1672 4569 praesentia
1706 4478 1847 4565 legenda

185 4580 317 4646 dictari.
362 4584 435 4647 sisa
457 4591 508 4650 est
531 4586 626 4667 mihi,
650 4586 725 4651 dum
750 4587 876 4670 loquor,
899 4587 1020 4671 pagina
1042 4607 1116 4649 mea
1139 4591 1171 4650 tc
1195 4586 1395 4668 reddidisse,
1420 4593 1452 4651 te
1476 4608 1592 4673 sapere
1617 4592 1651 4660 et
1674 4586 1736 4650 tuis
1759 4585 1848 4671 picta

183 4684 381 4770 imaginibus
413 4689 516 4754 verba
548 4690 706 4756 conferre.
757 4688 834 4775 quid
869 4699 964 4755 esset
991 4689 1024 4752 in
1057 4690 1200 4774 epistula
1232 4697 1288 4754 tua
1319 4689 1514 4771 dulcedinis,
1550 4691 1578 4755 si
1612 4710 1684 4754 eam
1717 4685 1848 4752 daretur

187 4789 346 4875 accipere,
371 4811 493 4874 quaeso
517 4792 692 4878 diligenter
716 4794 879 4879 expende,
903 4793 1032 4879 quando
1056 4794 1133 4858 licet
1156 4815 1176 4858 a
1199 4795 1294 4859 nobis
1318 4793 1541 4882 procedentia,
1564 4801 1675 4859 tamen
1699 4813 1782 4878 quae
1805 4790 1847 4855 ad

185 4897 218 4956 te
235 4894 370 4957 veniunt
384 4895 487 4961 rerba
502 4899 749 4984 conplectimur.
787 4901 862 4980 iam,
886 4920 976 4984 rogo,
999 4897 1040 4962 ad
1056 4897 1222 4964 adfectum
1243 4899 1427 4983 scriptionis
1451 4897 1579 4983 erigere
1603 4904 1637 4963 et
1659 4896 1876 4961 ariditatem4

285 5184 303 5237 3
320 5186 425 5254 fugerit]
444 5191 534 5256 sugere
545 5189 571 5241 B

288 5288 368 5357 [XVI]
408 5290 575 5346 ssEnnodius
593 5296 621 5345 C.
642 5303 668 5346 et
685 5295 757 5346 uic
875 5291 1008 5348 Sobtinet
1024 5294 1049 5344 V
1127 5293 1210 5362 uices]
1228 5312 1306 5346 uoces
1322 5295 1368 5345 Ba
1486 5292 1725 5362 9intercipeturB
1801 5293 1845 5344 ab·
1887 5341 1891 5344 .

184 5373 299 5442 sentum]
324 5378 457 5430 absentem
477 5377 532 5444 Ba,
556 5388 582 5432 et
601 5382 747 5432 absentium
766 5377 826 5432 01³1>
975 5380 1008 5434 10
1028 5383 1166 5434 scribtione
1182 5379 1210 5432 Β
1296 5378 1374 5448 quod]
1397 5398 1462 5447 quos
1479 5378 1520 5444 Β,
1542 5397 1653 5446 quocum
1676 5379 1786 5440 Harlcl5
1811 5380 1846 5444 cf.

183 5463 333 5514 CCCLXlll
353 5461 385 5514 17
501 5464 534 5518 13
551 5466 665 5535 possitis]
684 5466 838 5536 possidesB
858 5467 936 5534 (corr.
949 5486 1019 5519 mon.
1031 5467 1093 5532 rec.)
1165 5469 1223 5520 luce
1236 5465 1264 5517 B
1374 5465 1407 5518 14
1425 5465 1577 5534 postolon
1686 5464 1720 5516 15
1737 5463 1845 5531 domini]

186 5549 246 5600 dum
259 5549 297 5600 Pa
367 5552 403 5602 mi
422 5551 515 5620 Haupt
532 5571 617 5620 opacae.
637 5554 692 5605 ΙΙΙ
705 5559 769 5618 450,
786 5557 850 5606 milri
868 5557 966 5607 codices
1035 5557 1120 5607 debita
1136 5553 1140 5620 Ι
1156 5563 1181 5606 et
1199 5556 1239 5606 off.
1254 5552 1282 5604 Β
1387 5551 1420 5604 16
1438 5554 1528 5621 pigrus
1541 5551 1569 5604 B

288 5651 749 5720 [XV11119EnnodiusAuienod
861 5657 896 5710 20
913 5676 960 5711 cur
977 5677 993 5710 a
1010 5659 1111 5710 silentio
1125 5653 1184 5709 OPb
1301 5655 1523 5708 absentiente
1632 5653 1805 5723 arrogares
1818 5654 1846 5707 Β

184 5736 218 5790 28
235 5739 378 5812 epistolaris
397 5739 423 5806 (o
441 5759 472 5793 err
490 5760 507 5793 n
526 5741 646 5809 corr.)V
756 5741 791 5796 30
807 5746 898 5797 scribsi
915 5744 944 5796 B
1012 5742 1191 5798 dulcidinisB
1296 5740 1330 5794 34
1348 5743 1494 5795 scribtionis
1507 5741 1535 5798 Β
