4596 6450
451 407 510 468 120
759 397 831 453 XCV
850 398 972 466 (EPIST-
991 399 1016 462 3,
1035 398 1196 466 24tX0V1
1215 400 1335 466 (caan.
1354 409 1380 473 a,
1398 409 1435 476 a),
1455 408 1556 462 xovu
1575 403 1696 474 (onan.
1714 403 1740 466 a,
1758 403 1794 471 s),

416 578 613 656 isublimat,
643 576 781 663 perdere
812 577 917 640 iustae
950 575 1145 640 laudationis
1176 561 1326 644 meritum
1355 582 1473 645 favoris
1502 581 1634 644 affectu.
1679 578 1925 642 excusationem
1954 579 2103 643 veritatis

446 681 621 745 coloratam
657 681 809 766 peniculo
845 702 909 744 non
942 679 1171 765 praetendam,
1205 680 1281 744 dum
1313 684 1452 769 replico,
1486 681 1570 766 quod
1604 680 1699 760 illud,
1735 679 1888 765 quioquid
1924 681 2104 745 studiorum

446 784 583 848 dederat
606 805 684 848 cura
706 783 902 859 liberalium,
926 785 990 847 iam
1015 784 1142 868 reliqui,
1171 786 1255 870 quod
1280 786 1375 851 alveo
1400 786 1563 872 quondam
1594 785 1717 870 copiosi
1740 784 1879 848 fluminis
1901 785 1958 848 vix
1982 787 2104 850 arentis

446 895 540 972 gutta
563 886 718 952 fundatur
740 888 869 972 eloquii.
918 894 1022 964 tacco,
1054 886 1139 971 quod
1164 889 1321 974 linguam,
1354 911 1450 976 quarn
1475 912 1555 954 usus
1578 887 1732 952 mobilem
1755 887 1890 964 fecerat,
1918 888 2002 952 alter
2025 909 2104 952 usus

416 990 634 1055 bhebetavit:
668 1013 740 1055 esse
772 1012 831 1076 pro
863 989 1015 1054 facundia
1043 990 1225 1071 silentium,
1257 994 1473 1058 abiectionem
1497 993 1633 1058 anobis
1661 991 1754 1075 diligi
1782 1011 1841 1075 pro
1870 998 2018 1055 coturno.
2064 991 2104 1055 ad
2165 1033 2169 1044 ·

441 1093 528 1166 ¹illud
552 1092 662 1173 redeo,
687 1095 763 1179 quia
786 1093 864 1157 mihi
887 1115 952 1157 non
974 1095 1066 1158 licuit
1088 1095 1174 1158 intra
1189 1097 1410 1161 verecundum
1427 1097 1597 1185 penetrale
1614 1095 1803 1159 delitiscere
1819 1115 1880 1157 neo
1897 1093 2102 1159 debilitatem

448 1196 570 1282 ingenii
601 1201 714 1281 tegere
747 1197 980 1261 taciturnitatis
1008 1195 1213 1262 indumento:
1248 1199 1310 1262 hoo
1340 1198 1380 1263 ad
1408 1199 1631 1264 defensionem
1656 1197 1819 1281 integram
1846 1195 1933 1281 quod
1962 1197 2103 1283 praetuli

449 1299 643 1385 conputabo.
698 1297 754 1362 sed
793 1320 904 1363 amore
949 1305 1144 1386 provocatus
1187 1300 1380 1386 epistulares
1425 1303 1579 1366 terminos
1620 1300 1863 1364 inconsiderata
1907 1301 2105 1385 loquacitate

331 1419 332 1422 ’
448 1401 645 1466 transcendi.
693 1402 776 1476 vale,
811 1402 854 1465 mi
888 1401 1029 1478 domine,
1068 1403 1119 1466 cui
1153 1403 1309 1467 honorem
1343 1404 1505 1468 exhibens
1544 1404 1714 1470 salutantis
1753 1403 1912 1488 probab0,
1949 1402 2026 1487 quid
2064 1401 2105 1466 de

450 1507 589 1592 epistula
611 1527 685 1570 mea
709 1508 842 1584 sentias,
867 1515 923 1571 aut
946 1507 1168 1572 taciturnitate
1193 1521 1250 1570 aut
1273 1507 1450 1593 scriptione
1474 1507 1658 1593 multiplici.

1100 1780 1212 1849 xovl
1234 1781 1341 1868 (canu.
1360 1786 1390 1863 2,
1407 1783 1454 1869 8).

515 1958 701 2034 VERSVS
727 1960 774 2032 lN
803 1960 1020 2037 BASILICA
1051 1959 1223 2033 SANCTI
1251 1960 1393 2032 SYXTl
1421 1960 1565 2033 FACTl
1593 1959 1653 2032 ET
1681 1959 1870 2034 SCRIPTl
1899 1959 2037 2049 QVAM

898 2098 1200 2172 LAVRENTlVS
1229 2099 1488 2173 EPlSCOPVS
1516 2098 1668 2172 FECIT.

817 2264 967 2329 Antiates
990 2267 1088 2350 genio
1113 2265 1241 2352 pollens
1267 2265 1430 2350 probitate
1454 2265 1578 2351 pudore

818 2368 955 2432 Ornavit
977 2368 1098 2432 donum
1123 2369 1257 2446 meritis,
1282 2375 1315 2432 et
1337 2369 1460 2432 lumina
1484 2371 1569 2434 vitae
1596 2457 1598 2460 Ι

820 2473 871 2538 Ad
894 2474 1034 2559 pretium
1059 2475 1198 2560 iungens
1223 2475 1332 2560 operis
1356 2475 1437 2540 haee
1461 2478 1584 2562 templa
1607 2476 1726 2540 locavit

817 2576 928 2663 Lapsa
952 2600 1009 2665 per
1032 2578 1174 2642 incertos
1198 2617 1239 2626 —
1262 2599 1327 2642 non
1352 2579 1478 2664 spargit
1500 2579 1587 2643 fama
1611 2618 1652 2626 —
1675 2600 1833 2644 recessus.

750 2695 760 2728 ⁵
822 2680 888 2744 Sed
914 2682 1036 2746 veteris
1060 2683 1136 2746 facti
1159 2681 1241 2746 visit
1263 2682 1318 2745 lex
1342 2688 1441 2746 aucta
1463 2703 1522 2766 por
1545 2703 1673 2760 aevum,

818 2783 925 2870 Quam
948 2782 1066 2849 dexter
1089 2786 1197 2870 capiat
1219 2783 1379 2849 Laurenti
1404 2807 1538 2850 munere
1563 2785 1697 2870 Syxtus.

820 2885 874 2949 sie
896 2893 1006 2952 manet
1029 2886 1181 2965 officium,
1206 2885 1291 2972 quod
1316 2887 1439 2951 sanctis
1463 2888 1599 2971 contigit
1623 2889 1709 2951 olim.

820 2989 949 3054 Obtulit
971 2991 1023 3055 hic
1047 2992 1216 3076 templum,
1241 2991 1376 3055 veniens
1401 2991 1487 3076 quod
1511 2999 1682 3057 consecrat
1705 2991 1771 3056 illo.

1094 3262 1229 3333 xcvll
1252 3268 1356 3348 (canu.
1374 3270 1403 3346 2,
1420 3264 1465 3349 9).

505 3443 620 3517 ITEM
648 3443 695 3516 ΙΝ
723 3444 837 3518 ALIO
865 3445 992 3519 LOCO
1020 3443 1208 3520 FACTOS
1235 3443 1283 3516 lN
1312 3444 1531 3517 BASlLlCA
1560 3445 1624 3518 SS.
1655 3444 1770 3535 QVIA
1798 3445 2060 3520 AHSERANT

575 3580 815 3655 AEDlFlCIA
845 3583 974 3672 QVAE
1001 3583 1143 3656 PRIVS
1173 3583 1237 3655 lBl
1263 3580 1491 3655 FVERANT
1517 3582 1579 3655 ΕΤ
1606 3583 1678 3656 SIC
1707 3584 1866 3658 FACTA
1894 3583 1994 3658 EST.

824 3750 915 3815 Vilia
938 3755 1027 3815 tecta
1050 3751 1141 3836 prius
1164 3748 1292 3814 facibus
1316 3770 1445 3815 cessere
1470 3749 1588 3830 beatis,

824 3853 859 3919 Si
882 3854 1037 3940 splendor
1058 3876 1119 3940 per
1141 3852 1260 3918 damna
1283 3853 1381 3933 venit,
1407 3853 1436 3916 si
1459 3853 1603 3919 eulmina
1625 3855 1761 3920 flammis

823 3956 1035 4042 Consurgunt
1057 3957 1210 4022 habitura
1233 3955 1341 4035 deum,
1365 3956 1392 4020 si
1415 3955 1545 4042 perdita
1568 3966 1720 4022 crescunt

822 4062 959 4148 Ignibus
982 4063 1140 4144 innocuis,
1164 4063 1190 4126 si
1213 4060 1293 4126 dant
1314 4059 1488 4146 dispendia
1511 4061 1646 4128 cultum.

753 4180 763 4216 ⁵
822 4162 936 4238 Qualis
961 4164 1022 4230 erit
1044 4184 1201 4250 reparans
1225 4162 1463 4248 crepitantibus
1486 4169 1561 4228 usta
1585 4163 1712 4228 ruinis?

823 4268 991 4349 Laurenti,
1015 4273 1072 4333 tua
1093 4267 1183 4333 bella
1206 4288 1326 4352 gerens
1350 4265 1502 4331 incendia
1524 4267 1628 4333 vince.

824 4370 964 4437 Sordida
985 4371 1147 4436 marcenti
1170 4371 1321 4435 latuisset
1343 4374 1432 4434 terra
1454 4390 1600 4450 recessu,

826 4474 862 4540 Si
885 4481 990 4540 status
1013 4475 1132 4541 taciem
1154 4474 1339 4540 tenuissent
1362 4479 1455 4539 antra
1478 4475 1611 4541 vetusti.

825 4579 892 4644 Sed
915 4586 1090 4666 postquam
1114 4579 1226 4667 superi
1248 4580 1397 4644 flammas
1419 4577 1540 4644 misere
1565 4577 1736 4660 secundas,

742 4697 767 4736 1⁰
824 4681 877 4746 Ad
900 4683 1012 4749 lumen
1035 4684 1163 4749 cineres
1185 4689 1359 4749 traxerunt
1382 4683 1447 4747 ista
1470 4681 1652 4748 colendum.

561 4893 578 4947 3
595 4895 693 4963 cupiosi
705 4892 751 4944 Βῦ
860 4889 877 4942 4
895 4891 1011 4943 funditur
1024 4909 1101 4958 prop.
1116 4891 1212 4943 Hartel
1320 4891 1337 4942 5
1355 4891 1481 4943 habitauit
1492 4890 1518 4941 Β
1625 4890 1807 4958 aepistularis
1820 4891 1853 4955 B,
1871 4890 2016 4958 epistolaris
2033 4885 2116 4940 VLT¹

459 4983 584 5036 terminus
596 4981 622 5032 B

562 5081 662 5152 [XCVI]
701 5083 773 5134 later
790 5081 926 5147 epistelam
943 5080 1020 5131 modo
1037 5081 1148 5132 relatam
1168 5088 1192 5132 et
1209 5080 1255 5131 bas
1280 5095 1368 5130 aereus
1389 5081 1418 5130 ia
1442 5079 1570 5131 codicibus
1586 5079 1705 5130 VLTOP
1719 5089 1826 5146 praeter
1848 5080 1981 5146 epitaphia
2000 5080 2118 5131 samaeas

460 5171 551 5236 (sirm.
564 5186 643 5222 earm.
658 5167 696 5218 ΙΙ
705 5166 732 5231 6)
752 5175 776 5219 et
787 5166 909 5218 Melissae
923 5165 972 5230 (Il
982 5164 1020 5229 6),
1037 5182 1103 5231 qima
1115 5164 1141 5216 Β
1158 5166 1219 5216 aliis
1237 5166 1298 5217 loeis
1315 5165 1423 5216 inseruit
1441 5164 1492 5229 (ar.
1509 5165 1684 5217 edocear!
1691 5175 1715 5216 et
1728 5164 1914 5230 coccam,
1931 5165 1983 5216 dero
2002 5165 2118 5216 sammaa

465 5257 555 5322 (Sirra.
569 5273 588 5306 c.
606 5254 643 5306 ΙΙ
650 5259 667 5305 4
683 5252 743 5318 etl)
768 5271 785 5303 a
803 5253 875 5304 nobis
897 5252 924 5302 ia
940 5252 1045 5318 papiae
1066 5252 1157 5303 altimo
1173 5252 1272 5318 posita,
1296 5267 1362 5316 qaae
1378 5252 1406 5301 io
1419 5250 1444 5301 B
1462 5269 1574 5318 morsare
1595 5253 1698 5316 mat,
1719 5253 1930 5319 interponentem
1952 5253 1986 5316 of.
2005 5251 2119 5302 codicum

459 5343 652 5408 &remptionem
669 5341 697 5391 in
713 5341 801 5407 praef.
906 5339 975 5406 syxti
986 5337 1020 5402 B,
1039 5338 1099 5389 sixti
1116 5337 1144 5402 T,
1162 5339 1216 5389 sisti
1231 5338 1258 5402 0,
1275 5338 1345 5404 xysti
1361 5336 1406 5387 VL
1509 5339 1579 5403 xysti
1595 5338 1708 5406 episcopi
1724 5336 1762 5386 Vt
1901 5355 1925 5386 v.
1946 5335 1958 5387 l
1980 5337 2083 5388 antistis
2095 5335 2120 5386 Β

459 5447 483 5480 v.
502 5428 519 5480 2
537 5429 620 5479 meriti
632 5426 658 5477 Β
762 5443 785 5477 v.
804 5423 822 5476 4
839 5433 943 5492 sparget
954 5425 980 5475 B
1049 5440 1163 5476 reosssos
1175 5423 1200 5474 Β
1304 5421 1359 5474 ab
1377 5425 1451 5476 uiuet
1462 5423 1487 5474 Β
1591 5441 1615 5474 v.
1633 5421 1650 5475 6
1668 5421 1755 5491 quarn]
1775 5440 1835 5476 oum
1847 5423 1944 5474 Harrei
2014 5439 2120 5474 munere

461 5514 556 5579 Sabou,
574 5530 683 5566 munere
700 5511 798 5565 codices
867 5519 959 5578 syxtus
970 5511 1004 5575 B,
1022 5517 1114 5577 xystus
1129 5509 1182 5572 VL,
1200 5509 1313 5563 christus
1331 5508 1412 5560 ΊὈΡῠ

564 5614 679 5683 [xcvn]
714 5633 739 5667 r.
759 5612 776 5665 2
792 5622 816 5666 et
832 5613 849 5665 3
872 5632 921 5681 pro
940 5615 961 5666 si
979 5622 1017 5666 ter
1034 5615 1071 5666 sic
1089 5611 1211 5665 T20P²a
1325 5630 1349 5664 v.
1369 5612 1386 5664 3
1408 5614 1485 5665 deum
1503 5630 1558 5679 sap.
1572 5614 1616 5665 lia.
1630 5611 1673 5664 B¹
1749 5610 1781 5679 sil
1800 5629 1827 5664 ss
1840 5611 1866 5662 Β
1979 5631 2003 5664 v.
2022 5611 2040 5665 5
2062 5623 2120 5671 uste

458 5703 551 5772 scripsi
567 5700 612 5770 (af.
631 5700 944 5772 Verp.G.186)‚auota
962 5702 1030 5766 libs-i,
1048 5702 1142 5754 hama
1154 5701 1302 5769 Pebebmip
1407 5716 1432 5750 v.
1449 5697 1467 5754 8
1485 5699 1581 5755 uetusti
1594 5697 1627 5763 B,
1645 5707 1750 5756 uetusta
1768 5699 1843 5758 aeoeri
