4538 6436
427 405 486 466 ter
1095 395 1403 466 uxxxroeuscap

422 573 557 637 Italicae
585 573 646 636 erit
676 578 786 636 vester
813 577 975 656 aspectus.
1019 570 1206 655 redemptos
1233 569 1357 657 putabo
1385 589 1459 633 esse
1492 588 1572 653 quos
1603 567 1709 652 cupio,
1744 567 1771 630 si
1800 567 1841 630 ad
1869 574 1974 633 terras
2002 555 2076 634 illas

423 675 497 739 talis
519 672 710 760 redemptor
731 675 920 739 accesserit.
966 693 1062 761 quam
1086 693 1205 757 magno
1228 671 1382 757 suffragio
1398 672 1571 736 vincuntur
1593 671 1689 746 oculi,
1713 670 1830 756 quibus
1846 677 1879 736 te
1896 669 2077 739 offerimus!

267 776 482 846 camaras-sed
512 777 586 862 quid
610 777 760 843 demoror
788 799 903 842 manus
932 799 1010 842 arva
1039 777 1230 863 poscentia?
1267 775 1421 861 polliceor
1453 767 1514 839 tibi
1548 773 1729 838 redivivum
1763 780 1882 839 statum
1911 771 2077 861 Liguriae,

422 882 577 968 polliceor
604 881 664 946 soli
692 882 851 946 laetitiam
882 887 916 948 et
945 887 1019 966 post
1046 881 1295 966 Transalpinam
1324 879 1622 966 peregrinationem
1649 877 1803 943 reducem
1833 878 2076 945 fecunditatem.

423 1007 466 1050 ex
488 985 651 1049 accidenti
674 1005 789 1050 aurum
812 985 871 1049 tibi
894 984 1119 1049 commodatur
1140 1001 1198 1070 pro
1222 1005 1285 1068 qua
1308 983 1384 1047 talis
1408 983 1538 1068 legatus
1562 987 1694 1046 acturus
1718 975 1789 1048 est!

350 1087 409 1148 142
530 1087 583 1152 Ad
619 1089 701 1153 haec
734 1089 961 1174 episcoporum
992 1089 1050 1152 lux
1077 1087 1248 1173 Epiianius
1277 1086 1465 1174 respondit:
1504 1090 1647 1172 ‘quanta
1682 1073 1882 1150 venerabilis
1916 1087 2078 1173 princeps,

420 1199 537 1278 pectus
569 1212 678 1257 meum
709 1191 852 1278 tripudio
884 1193 1073 1278 repleveris,
1108 1192 1136 1255 si
1167 1212 1317 1256 sermone
1345 1197 1456 1276 posset
1489 1187 1616 1268 ambiri,
1651 1211 1709 1277 pro
1738 1187 1858 1254 divitiis
1887 1190 2077 1256 meritorum

421 1303 549 1361 tuorum
572 1294 767 1360 inmeditate
790 1302 824 1360 et
846 1296 1000 1359 continua
1023 1296 1124 1360 verba
1147 1291 1389 1381 profunderem.
1429 1295 1486 1360 sed
1508 1315 1604 1381 quam
1627 1295 1769 1361 sermoni
1784 1307 1859 1359 mee
1876 1293 2077 1382 interceptus

420 1400 606 1485 denegetur
641 1421 827 1480 successus,
862 1405 1043 1464 monstrant
1074 1400 1228 1464 lacrimae
1264 1398 1473 1485 gaudiorum,
1514 1419 1595 1485 quas
1624 1397 1772 1462 dolorum
1806 1397 1954 1462 alumnas
1991 1417 2077 1463 nuuc

352 1499 410 1559 143
422 1505 561 1591 parturit
584 1504 752 1568 exultatio.
797 1502 931 1590 proinde
954 1503 1121 1587 intellege,
1152 1501 1193 1566 ad
1217 1501 1407 1568 referendas
1439 1503 1560 1588 optimo
1588 1501 1658 1586 regi
1687 1504 1755 1564 tam
1777 1511 1835 1585 pro
1858 1501 1955 1565 nobis
1979 1521 2076 1588 quam
2130 1520 2155 1559 ιο

275 1597 481 1700 Vifflgflpro
506 1631 542 1674 se
566 1609 637 1694 ipso
666 1608 786 1692 gratias
818 1608 891 1694 plus
922 1627 974 1672 me
1005 1608 1127 1672 sentire
1158 1625 1256 1692 posse
1284 1626 1381 1690 quam
1411 1605 1530 1690 eloqui.
1575 1605 1698 1669 iustitia
1725 1604 1815 1690 prius
1846 1625 1887 1668 an
1915 1603 2075 1668 bellorum
2089 1623 2163 1671 o⁴⁰⁰

422 1711 658 1776 exercitatione
683 1733 739 1792 an,
771 1709 857 1796 quod
880 1710 929 1774 his
951 1710 1172 1796 praestantius
1195 1715 1260 1790 est,
1291 1729 1405 1774 omnes
1429 1716 1515 1772 retro
1538 1709 1752 1795 imperatores
1775 1714 1808 1772 le
1830 1707 1954 1794 pietate
1978 1727 2076 1794 supe-

422 1835 512 1879 rasse
529 1821 806 1880 commemorem?
835 1813 939 1878 babes
955 1813 1042 1879 unde
1066 1815 1173 1898 gentis
1196 1819 1330 1877 nostrae
1353 1819 1499 1878 rectores
1523 1831 1675 1876 accuses:
1698 1817 1735 1875 tu
1757 1810 1900 1890 redimis,
1924 1832 2006 1897 quos
2029 1812 2077 1877 illi

352 1914 410 1972 144
424 1937 584 2004 persaepe
619 1925 675 1983 aut
708 1919 929 2005 permiserunt
957 1918 1028 1981 lieri
1062 1923 1119 1982 ant
1145 1917 1294 1982 iecerunt
1326 1917 1389 2003 ipsi
1425 1917 1581 2003 captivos.
1625 1913 1733 1980 David
1761 1915 1901 2001 legimus
1929 1938 1987 2003 pro
2010 1918 2077 1982 sin-

422 2021 544 2107 gularis
573 2022 771 2086 laudationis
808 2023 960 2108 exemplo
988 2021 1107 2086 idcirco
1134 2021 1277 2086 maxime
1310 2021 1475 2085 caelorum
1510 2019 1739 2105 proximitates
1772 2019 1954 2107 indeptum,
1992 2021 2078 2108 quod
2131 2039 2155 2078 ιε

425 2125 536 2189 oblato
571 2126 720 2190 manibus
759 2126 826 2190 suis
863 2124 954 2190 Sauli
989 2125 1139 2213 pepercit
1173 2125 1305 2188 inimico
1341 2129 1374 2190 et
1407 2125 1441 2188 in
1474 2123 1657 2189 testimonio
1692 2144 1868 2189 concessae
1902 2128 2076 2211 potestatis

422 2228 613 2293 exuviarum
650 2229 721 2293 eius
750 2229 945 2314 particulam
977 2230 1096 2316 rapuit,
1125 2247 1184 2314 per
1212 2248 1309 2313 quam
1339 2233 1372 2293 et
1400 2227 1567 2292 licentiam
1595 2225 1750 2312 probaret
1773 2233 1806 2292 et
1829 2233 1951 2294 votum.
1997 2228 2079 2294 deus

422 2332 520 2411 boue,
553 2332 586 2396 in
617 2339 739 2417 quante
770 2333 1035 2398 remuneratione
1066 2332 1163 2396 huius
1196 2332 1318 2396 focam
1350 2330 1489 2416 suscipis
1520 2350 1578 2416 pro
1612 2335 1662 2394 tot
1691 2329 1816 2394 milium
1850 2351 2080 2418 oppressorum

350 2429 409 2488 145
423 2436 575 2500 libertate
598 2438 779 2516 tractantis,
809 2437 865 2522 qui
888 2436 979 2500 illum
1003 2457 1060 2522 pro
1082 2437 1181 2500 nnius
1210 2435 1331 2500 servati
1359 2435 1500 2498 hominis
1529 2433 1687 2519 sanguine
1711 2433 1910 2499 sublimasti!
1956 2457 2079 2523 perage

423 2561 499 2625 ergo
523 2547 640 2626 coepta
663 2541 801 2605 festinus
827 2547 860 2604 et
882 2540 1049 2604 felicitatis
1072 2545 1148 2606 tuac
1174 2540 1371 2604 oblationem
1395 2540 1504 2603 laetus
1528 2537 1664 2622 adporto
1687 2557 1816 2622 meque,
1845 2541 1993 2623 quamvis
2017 2542 2077 2604 sim
2130 2554 2156 2594 2⁰

422 2649 567 2729 paratus,
603 2645 744 2725 stimula,
779 2666 821 2709 ne
849 2644 881 2707 in
911 2642 1078 2708 offerendo
1108 2649 1176 2707 tam
1211 2643 1346 2707 odorato
1380 2639 1541 2705 sacrificio
1573 2639 1738 2705 tarditatis
1769 2641 1863 2706 obice
1891 2642 2077 2708 refreneris.

423 2746 545 2810 Christi
572 2735 796 2834 redemptoris
820 2748 923 2811 nostri
955 2747 1016 2809 erit
1046 2746 1241 2826 concedere,
1282 2747 1368 2810 sicut
1397 2765 1440 2809 ex
1467 2742 1619 2829 oporibus
1648 2743 1792 2808 futurum
1821 2746 2015 2824 conicimus,
2043 2754 2080 2811 ut

352 2842 410 2902 146
424 2870 501 2914 vere
524 2849 716 2916 holocausta
734 2858 867 2938 tuaper
881 2872 973 2914 meas
990 2870 1105 2914 manus
1127 2851 1233 2936 possis
1249 2850 1379 2915 offerre.
1413 2867 1528 2935 precor
1543 2853 1665 2927 tamen,
1687 2853 1724 2912 ut
1739 2848 1865 2913 indultu
1883 2851 2079 2916 clementiae

422 2957 498 3015 tuae
522 2952 646 3030 Victor,
676 2953 861 3018 Taurinatis
884 2953 973 3017 urbis
997 2955 1180 3040 episcopus,
1209 2973 1318 3018 comes
1342 2953 1420 3019 mihi
1445 2958 1478 3017 et
1507 2951 1669 3038 particeps
1693 2951 1789 3016 buius
1812 2953 1940 3018 itineris
1963 2953 2078 3019 adiun-

424 3061 529 3139 gatur.
565 3056 599 3118 in
627 3076 690 3140 quo
719 3056 842 3120 clarum
871 3061 922 3119 est
950 3056 1124 3141 epitomem
1153 3056 1296 3119 omnium
1326 3062 1477 3120 constare
1509 3056 1673 3119 virtutum.
1719 3076 1782 3140 quo
1814 3057 1902 3121 socio
1931 3055 2078 3122 adhibito
2131 3075 2156 3114 2⁵

424 3155 464 3219 da
492 3156 555 3220 deo
583 3166 696 3222 nostro
727 3181 862 3224 securus
893 3158 1051 3244 spondeo,
1082 3161 1206 3224 nullum
1236 3159 1390 3223 effectum
1417 3160 1556 3246 propriis
1584 3159 1795 3245 petitionibus
1825 3160 2078 3245 abnegandum!

352 3260 410 3320 147
532 3258 658 3333 Quibus
696 3262 814 3326 auditis
850 3283 908 3327 rex
939 3263 1215 3328 eminentissimus
1249 3263 1373 3329 adnuit.
1419 3269 1452 3327 at
1483 3262 1670 3327 tremendus
1704 3257 1852 3349 pontiiex
1886 3264 1975 3329 dicto
2005 3267 2080 3330 vale

420 3361 580 3427 discessit.
626 3385 668 3429 ex
692 3372 840 3451 tempore
864 3366 1044 3451 portandae
1067 3389 1125 3453 pro
1156 3366 1381 3453 redemptione
1409 3367 1568 3453 pecuniae
1596 3365 1811 3444 destinantur,
1842 3369 2165 3456 suscipiuntur:r·⁴⁰¹

421 3465 597 3550 egreditur,
629 3467 778 3533 Ticinum
809 3469 936 3557 inpiger
958 3472 1058 3534 venit.
1104 3475 1137 3534 et
1166 3472 1312 3556 quamvis
1344 3470 1452 3535 adbuc
1481 3471 1612 3534 hiemali
1641 3477 1773 3556 torpore
1797 3469 1933 3535 Martius
1956 3474 2079 3537 mensis

421 3571 580 3653 glaciales
603 3572 789 3638 fluminibus
812 3575 924 3638 irenos
947 3575 1119 3660 inponeret
1143 3581 1178 3639 et
1194 3596 1275 3639 cana
1291 3574 1419 3638 nivibus
1435 3575 1512 3659 iuga
1527 3573 1658 3660 Alpium
1674 3575 1861 3639 transituris
1876 3577 2080 3641 minarentur
2132 3596 2158 3634 ω

422 3674 574 3753 exitium,
598 3675 656 3740 sed
679 3677 878 3741 mortiferum
903 3677 1004 3762 frigus
1027 3683 1061 3741 et
1083 3684 1252 3741 concretas
1276 3677 1389 3760 algore
1413 3677 1527 3761 glebas
1550 3675 1626 3740 fidei
1649 3675 1746 3740 ardor
1770 3685 1940 3765 exuperat.
1986 3700 2080 3743 uum-

351 3778 521 3861 tuaquom
549 3779 582 3841 iu
610 3779 687 3864 gelu
716 3781 846 3862 labitur,
873 3783 965 3844 cuius
992 3781 1241 3846 fundamentum
1269 3787 1364 3866 petra
1395 3780 1559 3846 solidavit.
1604 3779 1752 3844 ordinato
1777 3802 1856 3866 ergo
1880 3782 2006 3848 itineris
2031 3784 2081 3847 sui

423 3881 541 3945 viatico
558 3882 722 3968 proiectus
740 3891 801 3948 est.
839 3883 965 3948 diceres
982 3885 1068 3969 quod
1092 3885 1244 3949 universa
1266 3885 1440 3970 inpelleret
1464 3904 1548 3969 quae
1572 3889 1700 3970 poterat
1723 3885 1865 3949 retinere
1889 3887 2081 3964 necessitas,
2114 3963 2122 3972 .

423 4004 483 4048 uec
514 3985 578 4048 cibi
611 3986 713 4072 ipsius
743 3987 893 4072 capiendi
925 4010 1015 4052 mora
1046 3989 1285 4064 sustinebatur;
1320 3995 1353 4052 et
1383 4008 1456 4052 cum
1486 3987 1634 4072 singulos
1665 4008 1738 4051 cum
1769 3988 1841 4074 ipso
1870 3990 1996 4074 positos
2024 3990 2080 4055 ille

421 4088 539 4172 plenus
571 4089 813 4154 discriminibus
844 4091 935 4155 callis
971 4093 1133 4168 turbarat,
1172 4093 1261 4156 solus
1290 4093 1375 4156 inter
1408 4091 1553 4177 pericula
1580 4091 1696 4155 timere
1725 4113 1790 4155 non
1820 4101 1954 4157 noverat
1983 4115 2079 4181 quem
2132 4113 2156 4152 ss

351 4190 411 4252 149
424 4213 500 4276 spes
523 4194 609 4257 vitae
634 4201 723 4257 certa
747 4195 973 4259 comitabatur.
1017 4197 1145 4260 interea
1169 4195 1225 4259 illa
1248 4215 1332 4280 quae
1356 4194 1480 4259 itineris
1504 4196 1573 4259 eius
1594 4195 1656 4258 fuit
1680 4215 1811 4281 semper
1832 4197 1966 4281 praevia
1990 4205 2024 4261 et
2047 4199 2079 4261 in

424 4302 583 4382 apparatu
612 4297 753 4381 diligens
782 4299 964 4382 praecessit
990 4298 1079 4362 fama
1103 4305 1136 4363 et
1166 4306 1256 4363 tanta
1280 4297 1392 4363 Gallos
1422 4300 1597 4383 insignium
1628 4300 1699 4363 eius
1722 4299 1881 4364 relatione
1905 4302 2081 4387 conplevit,

423 4406 459 4462 ut
482 4402 575 4484 quasi
598 4403 729 4486 superni
754 4403 894 4467 numinis
918 4401 1060 4466 adventu
1083 4410 1140 4467 aut
1163 4404 1350 4490 praesentia
1374 4403 1594 4466 turbarentur.
1634 4403 1850 4467 concurrebat
1866 4405 1971 4467 omnis
1988 4411 2081 4469 aetas

423 4509 457 4567 et
480 4524 594 4585 sexus,
627 4513 659 4569 ct
682 4525 762 4590 quos
788 4527 809 4568 a
829 4506 996 4569 vicinitate
1021 4506 1094 4571 viae
1122 4509 1225 4593 ipsius
1254 4508 1351 4592 longa
1383 4508 1557 4571 intervalla
1586 4507 1817 4584 seiunxerunt,
1849 4505 1947 4570 ardor
1979 4497 2080 4572 animi

527 4829 617 4882 lasse
629 4831 724 4898 putabo
737 4832 816 4882 Sir-ra.
913 4831 931 4882 3
949 4833 1120 4884 rondininum
1134 4834 1167 4897 Β,
1184 4835 1302 4886 rediuum
1321 4836 1476 4902 araphani
1493 4835 1517 4885 Β
1610 4833 1772 4886 baccedenti
1787 4835 1812 4884 B
1864 4833 1911 4886 tibi
1929 4844 2081 4902 carpemus,

422 4919 459 4968 rei
477 4918 517 4967 ecl
535 4918 617 4968 simile
636 4919 742 4984 aliquod
759 4920 860 4969 verbam
880 4921 1057 4985 aepponterim
1127 4919 1176 4988 est]
1195 4937 1222 4973 es
1235 4922 1323 4973 richolt
1339 4923 1367 4973 ia
1382 4939 1441 4988 asp,
1459 4922 1537 4984 Ball,
1555 4921 1650 4972 Harsa
1753 4919 1770 4971 6
1788 4922 1919 4988 respondit
1936 4937 1985 4972 cm.
1999 4919 2079 4973 Sim.

423 5000 632 5069 impleberisB
695 5005 774 5071 possit
791 5003 889 5058 socha
984 5002 1000 5054 9
1018 5008 1188 5059 successusB
1287 5007 1558 5076 septennatim,
1576 5009 1681 5075 proinde
1699 5005 1826 5059 Solottet
1844 5007 1922 5059 sim.
1983 5009 2081 5075 optimo

422 5105 470 5138 cm.
489 5087 581 5153 Sirra,
602 5089 758 5156 episcopos
878 5087 911 5140 13
928 5090 1002 5140 habia
1020 5089 1040 5158 (i
1057 5093 1216 5160 corruptrice)
1229 5093 1254 5144 B
1335 5094 1462 5162 gentesB
1541 5092 1692 5146 redemesB
1815 5091 1847 5143 la
1865 5094 2028 5160 proximitate
2040 5091 2082 5144 Bt

422 5175 490 5240 quod
509 5174 537 5240 (d
548 5175 576 5225 ia
588 5174 672 5241 tale
777 5175 809 5228 16
827 5176 972 5228 testimonio
984 5176 1017 5241 B,
1034 5179 1209 5230 testimonium
1221 5180 1304 5243 σείοντ’,
1321 5187 1411 5232 testam
1425 5178 1503 5231 Siras.
1610 5177 1642 5230 18
1660 5179 1759 5231 milium
1777 5178 1880 5243 Harrei,
1898 5177 2003 5232 milibus
2021 5181 2083 5230 libri

421 5259 453 5309 21
473 5263 578 5313 stimulo
590 5259 636 5313 13⁹
653 5271 676 5313 ct
688 5262 777 5314 Scitott
836 5263 940 5315 adorato
951 5261 991 5312 Β1
1095 5263 1130 5315 22
1146 5266 1293 5318 conieemus
1304 5265 1331 5316 B
1434 5264 1468 5317 23
1486 5281 1577 5318 manns
1595 5279 1664 5318 mus
1676 5265 1810 5317 Barcas'roe
1911 5263 1947 5316 34
1964 5267 2044 5318 cornia
2056 5263 2083 5316 B

421 5343 457 5396 25
474 5349 602 5414 opithoma
619 5349 730 5413 codices,
754 5349 888 5416 epitomem
909 5348 996 5400 Sabell
1020 5381 1022 5386 -
1091 5358 1207 5403 censure
1224 5369 1273 5402 oar.
1291 5351 1369 5403 Sirra.
1462 5353 1588 5404 uirtutium
1605 5359 1722 5404 coaetus
1736 5351 1832 5403 Har-tal
1923 5352 2043 5404 adhibeto
2056 5351 2084 5402 B

422 5430 864 5501 etnatalfi.uvr1,n0nt0
915 5433 1027 5500 spondeo
1041 5435 1074 5499 B,
1092 5438 1232 5504 respondeo
1249 5437 1325 5489 ceteri
1376 5438 1556 5505 abnegandum
1569 5438 1595 5488 Β
1688 5435 1722 5488 27
1741 5435 1776 5503 at]
1794 5437 1864 5489 adB
1920 5439 2028 5505 poetiflx
2040 5435 2082 5488 B¹

422 5520 527 5571 dictaB
639 5519 674 5572 28
692 5521 871 5573 distenatrrrB
978 5519 1013 5571 29
1030 5520 1140 5589 torpore]
1159 5531 1271 5590 ternpore
1290 5523 1378 5575 Scbctt
1394 5533 1418 5574 et
1436 5524 1513 5575 Sirra.
1623 5522 1657 5576 31
1675 5533 1812 5592 exsuperat
1828 5523 1851 5574 l'
1955 5521 1990 5575 32
2006 5521 2081 5592 ergo]

422 5606 501 5671 igitur
514 5605 601 5656 Sclrott
706 5605 741 5656 33
758 5607 850 5658 diceris
864 5603 905 5656 Β1
1009 5603 1043 5657 34
1060 5607 1183 5659 necibiB
1245 5609 1463 5661 sustenebaturB
1566 5609 1601 5662 36
1618 5610 1835 5663 comittabsturB
1939 5607 1974 5660 38
1991 5609 2082 5672 autB,

422 5709 469 5741 aar.
484 5693 559 5741 ceteri
664 5691 698 5743 33
715 5695 895 5744 seiuucxerant
908 5690 933 5740 B
941 5690 985 5741 Vt
