4538 6436
885 395 974 450 vrrs
993 395 1149 450 arrnxrn.
1803 403 1841 464 et

186 567 359 636 terminat'.
396 575 473 634 tunc
489 587 555 632 uno
572 587 685 633 omnes
708 589 764 634 ore
789 569 1044 656 responderunt:
1068 571 1189 632 ‘vester
1211 567 1436 632 tantummodo
1459 567 1500 632 ad
1524 589 1639 656 pacem
1663 563 1845 638 declinetur
1859 575 1900 635 54

186 672 355 738 adsensus.
401 677 452 738 est
480 671 575 735 nobis
608 692 749 757 persona
778 693 884 758 nuper
911 671 951 736 ad
981 671 1199 737 sacerdotium
1223 671 1409 736 Ticinensis
1438 672 1527 737 urbis
1556 672 1699 754 adscita,
1731 657 1784 752 cui
1815 679 1848 738 et

187 777 305 842 beluae
329 774 464 840 rabidae
488 774 573 838 colla
596 775 802 855 submittunt,
827 775 880 840 cui
903 783 979 840 ante
1002 796 1118 862 preces
1142 775 1297 840 offeratur
1319 775 1526 858 beneficium,
1550 777 1678 864 quoda
1701 777 1848 866 quolibet

187 882 347 968 petiturus
377 877 562 958 advenerit,
592 878 643 944 cui
674 885 725 942 est
747 878 857 944 uultus
882 879 968 942 vitae
992 879 1123 956 similis,
1156 899 1252 964 quem
1275 880 1426 945 venerari
1448 881 1554 966 possit
1578 881 1787 968 quicumque,
1818 881 1847 962 si

123 1011 135 1047 a
188 991 237 1050 est
260 983 438 1052 catholicus
463 988 495 1046 et
517 979 694 1059 Romanus,
722 1001 833 1048 amare
858 989 957 1062 certe,
981 982 1009 1046 si
1033 982 1145 1048 videre
1168 990 1343 1062 mereatur,
1368 989 1401 1048 et
1425 983 1616 1049 Graeculus.
1663 984 1727 1049 iarn
1752 986 1779 1050 si
1804 983 1846 1050 ad
1859 987 1899 1047 55

188 1110 371 1154 sermonem
405 1086 492 1151 illius
521 1085 707 1165 veniamus,
743 1105 919 1171 numquam
953 1086 1000 1150 sic
1032 1085 1120 1151 dirae
1151 1086 1283 1173 aspides
1313 1087 1486 1152 verborum
1520 1086 1631 1174 digitis
1664 1089 1848 1154 incantator

188 1195 368 1260 Thessalus
391 1191 543 1256 violentis
571 1190 692 1277 poterit
721 1211 861 1255 evocare
884 1184 1099 1270 carminibus,
1130 1191 1292 1279 quomodo
1317 1192 1372 1256 ille
1397 1191 1551 1258 effectum
1573 1193 1743 1280 petitionis
1767 1201 1846 1258 suae

95 1320 118 1362 n·
133 1311 171 1351 ²²⁴
189 1299 287 1364 etiam
311 1319 330 1362 a
352 1295 520 1382 negaturis
549 1301 733 1381 extorquet.
778 1294 901 1382 pendet
929 1296 960 1360 in
991 1295 1124 1361 arbitrio
1154 1296 1240 1376 eius,
1271 1317 1343 1361 cum
1373 1296 1462 1383 loqui
1489 1299 1647 1384 coeperit,
1682 1279 1847 1364 sententia

187 1402 361 1468 audientis.
405 1399 586 1487 perditius
610 1419 705 1462 suum
729 1399 782 1485 qui
807 1420 965 1464 excusare
995 1399 1168 1486 disposuit,
1201 1400 1228 1464 si
1252 1400 1300 1464 illi
1322 1400 1488 1484 allegandi
1511 1402 1605 1489 copia
1627 1399 1847 1469 concedatur'.

112 1530 137 1567 ro
186 1513 262 1571 tunc
285 1505 441 1592 patricius
464 1503 618 1568 Ricemer
640 1503 686 1568 ita
710 1503 893 1589 respondit:
926 1504 1055 1569 ‘detulit
1078 1504 1195 1570 adme
1219 1505 1305 1570 hunc
1336 1505 1517 1588 hominem,
1548 1528 1644 1594 quem
1668 1507 1844 1594 exponitis,
1858 1505 1899 1566 56

187 1611 273 1676 fama
289 1610 479 1696 gloriosum,
504 1613 536 1678 et
552 1606 585 1670 in
609 1606 670 1670 hoc
694 1607 799 1691 magis
824 1607 1028 1680 admirationi
1052 1607 1131 1672 mibi
1154 1614 1215 1688 eet,
1240 1607 1326 1696 quod
1350 1630 1424 1673 cum
1447 1631 1561 1676 omnes
1585 1611 1707 1678 babeat
1730 1611 1845 1676 lauda-

186 1721 284 1792 tores,
308 1714 415 1778 nullos
432 1712 515 1793 eius,
538 1711 656 1796 quibus
673 1732 733 1796 per
748 1711 906 1776 invidiam
928 1711 1097 1777 abundare
1121 1712 1205 1778 solet
1221 1713 1360 1794 novitas,
1383 1712 1492 1799 prodit
1507 1714 1666 1781 inimicos.
1705 1716 1750 1780 ite
1768 1735 1845 1802 ergo

187 1823 219 1883 et
243 1824 356 1902 rogate
386 1816 550 1880 bominem
572 1813 640 1895 dei,
671 1821 707 1878 ut
728 1815 889 1879 ambulet:
925 1816 1050 1901 iungite
1074 1817 1174 1881 etiam
1197 1838 1287 1882 meas
1311 1815 1448 1903 preces’.
1495 1818 1621 1905 egressi
1643 1817 1684 1882 de
1708 1817 1899 1882 concili057

187 1922 297 1986 statim
320 1920 470 1984 Ticinum
498 1925 630 2006 petunt,
662 1941 794 1984 causam
824 1927 967 1986 narrant.
1012 1920 1109 2000 fusis,
1139 1927 1175 1984 ut
1205 1922 1303 1984 istum
1331 1922 1478 1987 laborem
1500 1923 1697 2010 susciperet,
1729 1921 1846 1987 beatus

188 2025 358 2114 Epifanius
383 2030 514 2109 rogatur
537 2023 689 2104 lacrimis,
713 2024 766 2108 qni
789 2045 831 2089 ne
855 2031 1052 2091 extenuaret
1075 2026 1282 2107 beneficium,
1307 2025 1334 2091 si
1351 2025 1434 2092 tilios
1457 2026 1583 2090 diutina
1605 2025 1845 2114 supplicatione

186 2135 362 2216 torqueret,
387 2127 567 2192 antecessit
590 2127 755 2192 desideria
778 2129 1011 2215 postulantum.
1050 2151 1130 2217 quos
1154 2138 1265 2195 tamen
1283 2130 1393 2194 taliter
1408 2130 1579 2196 adlocutus
1597 2135 1662 2194 est:
1688 2130 1846 2216 ‘quamvis

187 2243 298 2300 tantae
322 2234 371 2300 rei
393 2232 574 2297 necessitas
598 2231 849 2317 probatissimae
873 2255 1036 2320 personae
1061 2234 1187 2321 pondus
1211 2235 1356 2320 inquirat
1378 2240 1411 2298 et
1434 2233 1554 2299 titubet
1570 2232 1631 2297 sub
1647 2233 1740 2320 gravi
1756 2233 1846 2300 fasce

186 2340 322 2426 portitor
344 2338 536 2416 inmaturus,
566 2335 719 2400 affectum
744 2343 854 2400 tamen
878 2359 974 2423 quern
999 2337 1104 2404 debeo
1128 2339 1255 2424 patriae
1279 2359 1344 2402 non
1367 2336 1517 2423 negabo'.
1563 2338 1679 2423 quibus
1702 2337 1848 2404 breviter
1859 2335 1900 2396 58

186 2443 334 2520 narratis,
358 2440 510 2525 quoniam
535 2445 606 2503 erat
628 2438 781 2523 loquendi
806 2461 935 2526 parcus,
959 2439 1001 2505 ad
1018 2441 1223 2507 Ricemerem
1246 2441 1417 2527 patricium
1441 2441 1597 2528 perrexit,
1620 2461 1641 2505 a
1662 2462 1725 2529 quo
1750 2441 1846 2506 simul

111 2569 116 2580 ·
188 2547 278 2611 risus
301 2552 335 2610 et
359 2545 483 2609 electus
507 2549 569 2608 eet.

295 2649 450 2715 Mandato
474 2669 553 2734 ergo
576 2648 638 2711 sibi
652 2648 826 2734 legationis
842 2647 954 2712 ordine
971 2647 1108 2713 Romam
1126 2648 1230 2734 petiit.
1269 2648 1301 2712 in
1319 2669 1382 2735 quo
1399 2649 1516 2714 itinere
1533 2648 1608 2734 quid
1624 2649 1846 2714 molestiarum

187 2754 379 2820 sustinuerit
408 2752 526 2837 quidve
551 2752 706 2816 virtutum
736 2752 893 2836 gesserit,
926 2752 1086 2817 festinans
1114 2752 1156 2817 ad
1185 2753 1311 2817 maiora
1338 2760 1523 2840 praetereo.
1567 2774 1644 2817 mox
1673 2758 1783 2817 tamen
1811 2757 1847 2816 ut
1859 2752 1900 2814 59

186 2881 284 2948 supra
313 2859 421 2924 dictae
450 2857 542 2922 urbis
573 2862 684 2942 portas
715 2855 882 2940 ingressus
913 2864 980 2936 est,
1014 2856 1100 2920 fama
1131 2877 1215 2941 quae
1245 2857 1417 2921 absentem
1446 2857 1536 2922 illum
1569 2863 1680 2921 notum
1711 2855 1845 2932 fecerat,

187 2964 287 3048 digito
310 2963 417 3049 coepit
439 2959 623 3026 ostendere.
663 2958 814 3024 conversi
838 2960 913 3024 ilico
937 2961 1082 3024 omnium
1106 2961 1204 3036 oculi,
1230 2966 1385 3046 stupuere
1408 2965 1536 3025 mentes
1559 2960 1737 3040 adtonitae,
1760 2958 1846 3044 quod

109 3083 133 3120 ²⁵
186 3074 309 3132 tantam
334 3067 397 3130 sibi
421 3065 570 3156 exhiberi
594 3063 813 3129 reverentiam
837 3064 944 3148 imago
968 3064 1039 3128 eius
1063 3063 1162 3129 index
1187 3064 1371 3129 sanctitatis
1395 3064 1592 3148 exquireret.
1637 3062 1846 3150 inexpiabilis

95 3195 169 3242 aaa
188 3192 223 3236 se
254 3173 370 3256 culpae
403 3191 495 3236 reum
526 3168 693 3232 fatebatur
725 3167 866 3250 quilibet
894 3173 1081 3253 potentum,
1118 3167 1144 3230 si
1174 3173 1301 3232 tantum
1336 3187 1445 3252 genua
1479 3167 1549 3231 eius
1581 3168 1754 3252 amplexus
1786 3172 1847 3231 est.

186 3275 363 3338 tollebatur
386 3273 508 3337 clamor
531 3272 564 3334 in
588 3271 730 3344 caelum;
760 3291 856 3336 nemo
879 3271 970 3334 illurn
995 3269 1028 3334 in
1052 3271 1238 3336 mortalium
1261 3291 1396 3336 numero
1420 3269 1636 3357 computabat,
1665 3269 1718 3334 oui
1740 3270 1848 3334 omnia

186 3378 339 3442 caelestis
362 3377 487 3462 gratiae
512 3375 667 3440 videbant
689 3374 777 3438 bona
800 3381 960 3439 constare.
1006 3375 1170 3461 perfertur
1198 3374 1239 3440 ad
1274 3367 1456 3462 prinoipem
1481 3374 1707 3454 Anthemium,
1739 3372 1845 3438 studio
1858 3373 1900 3435 60

186 3481 358 3566 legationis
375 3482 564 3568 episcopum
582 3478 714 3543 venisse
732 3478 899 3562 Liguriae,
924 3478 1090 3543 hominem
1107 3499 1204 3564 quem
1222 3479 1329 3543 nullus
1349 3479 1454 3565 possit
1477 3479 1576 3544 etiam
1600 3478 1692 3544 dives
1716 3477 1845 3563 eloquio

108 3603 134 3640 ³⁰
186 3585 389 3650 sufficienter
419 3604 596 3670 exponere.
642 3587 675 3646 at
704 3582 777 3646 ille:
810 3580 943 3646 ‘callida
973 3603 1100 3646 mecum
1125 3581 1279 3648 Ilicemer
1309 3589 1342 3647 et
1372 3584 1403 3648 in
1432 3584 1651 3668 legationibus
1682 3583 1750 3649 suis
1776 3587 1847 3646 arte

184 3688 344 3754 decertat:
369 3689 452 3754 tales
475 3687 598 3771 dirigit,
622 3686 678 3771 qui
702 3686 943 3773 supplicatione
968 3692 1160 3772 expugnent
1183 3706 1264 3771 quos
1281 3686 1337 3752 ille
1354 3687 1488 3752 lacessit
1504 3687 1638 3753 iniuriis.
1678 3685 1847 3774 perducite

183 3799 291 3857 temen
316 3793 359 3856 ad
380 3813 433 3856 me
457 3792 620 3856 hominem
643 3789 706 3868 dci,
730 3790 785 3873 qui
803 3789 830 3852 si
847 3789 1021 3876 possibilia
1037 3796 1200 3877 precatur,
1222 3789 1404 3872 admittam,
1430 3791 1458 3855 si
1475 3790 1629 3872 difficilia,
1652 3790 1846 3878 supplicabo

183 3919 224 3961 ne
254 3896 498 3962 excusationem
526 3915 633 3958 meam
664 3899 819 3977 gravetur
849 3894 1010 3980 accipere.
1056 3892 1169 3957 dubito
1193 3899 1304 3958 tamen
1327 3916 1369 3958 an
1393 3894 1547 3961 Ricemer
1570 3895 1658 3982 apud
1681 3917 1733 3961 me
1758 3891 1895 3981 quodtil

185 4001 291 4086 poscit
315 4001 476 4087 optineat,
506 3999 599 4064 cuius
623 3997 690 4070 scio
714 4003 861 4060 votorum
886 3998 1162 4083 intemperantem
1186 4019 1262 4062 esse
1285 4019 1460 4086 personam
1484 3999 1573 4064 etin
1598 3997 1846 4066 condicionibus

110 4119 133 4156 '⁵
186 4103 405 4191 proponendis
435 4102 571 4167 rationis
602 4100 778 4166 terminum
807 4121 871 4164 non
902 4108 1027 4166 tenere.
1072 4100 1130 4166 sed
1154 4102 1265 4180 veniat
1295 4101 1439 4166 directus
1463 4102 1602 4167 antistes
1625 4108 1659 4167 et
1682 4102 1847 4168 laudatam

186 4207 396 4296 iampridem
420 4211 612 4292 praesentet
636 4202 801 4290 effigiem'.
841 4205 1055 4289 egrediuntur
1071 4205 1180 4270 officia
1198 4205 1343 4293 palatina
1358 4210 1428 4268 tota
1449 4206 1547 4270 urbe:
1572 4206 1670 4282 iube,
1693 4202 1846 4292 rogarisl’

186 4313 340 4379 audiebat
363 4312 548 4401 episcopus.

292 4416 338 4482 nt
361 4414 557 4481 venerabilis
586 4420 619 4478 ct
652 4414 795 4478 saeculis
823 4413 973 4478 omnibus
1005 4413 1162 4500 probatus
1194 4412 1345 4499 pontifex
1379 4419 1594 4500 posteaquam
1624 4413 1845 4498 introgressus
1859 4410 1901 4471 62

186 4528 236 4586 est
252 4527 286 4586 et
301 4519 488 4608 proferendi
506 4520 668 4585 sermonis
684 4519 825 4583 donatus
842 4519 986 4602 lieentia,
1010 4519 1157 4606 quamvis
1178 4517 1337 4603 fugitivae
1361 4517 1536 4604 potestatis
1561 4517 1701 4603 insignia
1724 4523 1846 4582 ostrum

289 4817 303 4867 1
323 4835 374 4869 rino
392 4835 435 4869 ore
453 4835 497 4870 ore
510 4814 559 4880 13¹,
571 4816 649 4883 prim
661 4831 705 4866 ore
723 4831 779 4880 corp.
799 4822 823 4865 et
840 4830 929 4866 omnes
945 4830 1001 4880 sap.
1014 4829 1063 4864 aer.
1076 4809 1120 4862 132
1229 4809 1371 4866 2adiscita
1382 4812 1408 4864 B
1515 4811 1703 4866 dsnbmittant
1720 4809 1808 4863 Sebott
1825 4819 1848 4861 ct

185 4903 254 4956 Bell.
371 4903 388 4956 4
406 4906 562 4957 esteuultns
573 4903 599 4954 B
714 4901 731 4954 5
749 4902 863 4969 graculis
875 4900 901 4952 B
907 4910 922 4939 α
1038 4898 1179 4968 daspedee
1191 4899 1217 4950 B
1286 4900 1432 4952 monetator
1443 4898 1469 4950 B
1590 4895 1605 4949 'f
1624 4898 1733 4951 tenedus
1750 4897 1848 4948 codices

184 4989 201 5042 8
217 4993 293 5043 etiarn
310 5009 326 5043 a
343 5009 392 5044 orn.
404 4992 432 5056 b,
455 4993 530 5044 etiam
549 5007 598 5044 om.
612 4990 635 5041 0
649 4997 672 5042 et
691 4987 770 5041 mm.
912 4985 929 5037 9
951 4987 1035 5054 perdit
1052 4987 1144 5052 scripsi
1148 5024 1156 5051 ,
1180 4987 1269 5053 perdet
1287 4986 1347 5037 libri
1452 5001 1588 5038 excussare
1604 4983 1630 5034 B
1734 4984 1811 5050 capia
1822 4982 1848 5034 B

187 5073 218 5126 10
234 5079 369 5144 exponetis
380 5076 405 5127 Β
521 5075 553 5128 11
571 5093 631 5128 cum
643 5074 677 5139 B,
694 5073 834 5126 emactari
954 5069 985 5122 12
1005 5073 1097 5140 prodet
1108 5070 1134 5122 B
1251 5069 1284 5122 13
1302 5073 1378 5123 etism
1395 5088 1452 5138 arcp.
1465 5073 1509 5122 lin.
1528 5069 1565 5122 V¹
1635 5085 1704 5122 meas
1721 5071 1797 5122 etiarn
1812 5069 1846 5121 Cb

183 5165 289 5216 consilio
307 5163 387 5216 Sina.
526 5162 560 5214 15
581 5162 645 5229 quin
668 5167 819 5213 extenuaret
840 5177 897 5226 arcp.
915 5159 961 5212 lin.
980 5175 994 5210 e
1015 5158 1039 5208 V
1176 5155 1209 5208 16
1233 5159 1362 5210 allocutus
1383 5158 1405 5208 V
1546 5155 1579 5208 19
1601 5152 1731 5223 quoniam]
1756 5151 1799 5222 qr'ir
1814 5154 1848 5219 B,

183 5247 234 5316 qn'o
248 5249 346 5315 VLOP,
365 5252 491 5318 quomodo
506 5249 561 5301 Tet
573 5247 652 5301 Sirm.
753 5244 788 5296 23
807 5246 876 5298 orbis
886 5245 931 5296 Ba
1030 5241 1065 5294 24
1083 5253 1239 5310 stupuerunt
1251 5241 1331 5295 Siren.
1393 5244 1515 5294 attonitae
1533 5241 1558 5292 V
1657 5238 1693 5293 25
1709 5250 1810 5294 tanturn
1822 5241 1848 5292 Β

183 5337 254 5388 indix
277 5339 433 5390 scenctitatis
450 5337 476 5388 B
573 5335 719 5402 exquireret
742 5331 843 5396 Sabou,
866 5338 1005 5398 exquaerot
1023 5328 1061 5394 B,
1085 5331 1198 5382 extiterit
1216 5329 1341 5393 VMUP,
1362 5330 1503 5396 requireret
1519 5329 1534 5379 b
1629 5329 1797 5396 inexpiabiles
1813 5327 1847 5393 B,

184 5421 370 5490 inexplicabilis
382 5421 462 5474 aiem.
480 5473 483 5482 ,
560 5419 595 5472 29
613 5421 702 5472 nullus
718 5417 742 5484 (s
753 5419 782 5470 in
794 5417 843 5480 lit.)
854 5417 879 5468 Β
939 5415 1042 5468 diuisB
1143 5413 1178 5468 30
1195 5414 1232 5484 at]
1246 5415 1313 5467 adB
1373 5413 1575 5483 ligationibnsB
1670 5412 1700 5466 31
1722 5414 1849 5483 dirigotB

184 5505 217 5560 33
234 5510 439 5562 excusationem
454 5507 480 5558 B
561 5524 682 5575 accepero
697 5506 722 5557 Β
843 5502 878 5554 34
896 5511 984 5572 poscet
996 5502 1021 5552 Β
1108 5500 1172 5569 seio]
1191 5504 1259 5554 socio
1274 5500 1313 5580 J⁷¹
1399 5499 1434 5552 35
1451 5501 1552 5553 antistis
1563 5500 1589 5551 B
1676 5501 1808 5553 laudatam
1820 5501 1846 5552 Β

183 5592 216 5646 36
237 5595 353 5664 'palatina
375 5597 433 5647 ltota
451 5596 515 5648 urbe
530 5593 559 5659 V,
576 5603 629 5646 tota
647 5595 711 5646 urbe
730 5593 842 5660 palatina
858 5591 905 5654 Cb,
924 5592 988 5642 urbe
1005 5597 1058 5641 tota
1076 5590 1189 5656 palatina
1201 5585 1279 5640 Sim.
1372 5585 1444 5655 iube]
1464 5589 1531 5639 bave
1542 5590 1609 5655 sort.
1704 5605 1807 5655 rogares
1822 5587 1847 5638 Β

183 5679 217 5732 38
233 5681 269 5749 at]
288 5684 320 5734 ad
333 5681 358 5732 Β
460 5679 495 5732 39
513 5680 686 5750 protererendi
699 5679 724 5728 Β

1588 5799 1641 5854 12*
