4538 6436
683 388 771 442 LXXI
790 388 913 460 (EPlS'l'.
932 391 957 452 3,
975 389 1012 454 4),
1032 388 1133 442 LXXII
1153 387 1275 454 (EPIS'I'.
1294 388 1319 450 3,
1337 390 1373 452 b).

850 679 971 746 nxxl
994 679 1103 765 (srrsr.
1119 685 1149 761 3,
1166 681 1211 767 l).

676 875 913 950 ENNODIVS
943 876 1123 951 ABBA'l'l
1151 874 1382 949 STEFANO.

317 1024 525 1117 Litterarum
555 1059 736 1117 vestrarum
769 1074 865 1139 quarn
901 1053 996 1118 dulce
1031 1055 1199 1138 nogotium
1229 1057 1294 1123 est,
1329 1051 1414 1136 quod
1451 1050 1528 1113 milri
1561 1051 1706 1135 spiritale
1742 1050 1886 1114 munusl

203 1154 364 1220 exhibuit!
403 1175 500 1239 quam
514 1157 624 1220 votiva
639 1157 838 1243 perlatorum
856 1159 1043 1236 necessitas,
1069 1179 1153 1243 quae
1170 1155 1310 1220 remedii
1326 1155 1375 1218 sui
1392 1153 1500 1218 studio
1517 1152 1689 1218 desideriis
1710 1154 1860 1218 medetur

202 1259 332 1324 alienis!
379 1260 543 1341 confiteor,
574 1261 635 1324 nisi
664 1269 865 1346 repugnaret
893 1261 1076 1348 proposito,
1108 1260 1240 1324 inimica
1263 1280 1369 1344 paene
1393 1257 1435 1322 ad
1460 1256 1654 1322 turbandam
1679 1257 1858 1342 aliquorum

138 1386 149 1418 -ι
203 1364 411 1428 securitatem
440 1369 518 1428 vota
551 1365 768 1450 conciperem.
819 1386 897 1430 eece
936 1370 1107 1451 praestant
1141 1363 1293 1442 adversa,
1328 1360 1411 1447 quod
1440 1361 1585 1425 secunda
1610 1381 1674 1424 non
1702 1360 1859 1425 tribuunt.

201 1472 386 1531 sanctorum
410 1467 536 1532 litteras
559 1467 743 1554 tranquillis
766 1469 864 1533 rebus
888 1468 974 1533 unde
990 1473 1144 1556 peccator
1158 1469 1352 1552 acciperem,
1377 1486 1458 1550 quas
1475 1485 1652 1550 numquam
1668 1464 1859 1529 meritorum

203 1580 348 1635 meorum
371 1571 458 1635 nitor
480 1571 612 1656 exegit?
651 1593 730 1637 ecce
753 1577 911 1656 quantum
933 1571 1011 1636 mihi
1028 1571 1235 1636 contulerunt
1255 1569 1446 1655 suffragium
1462 1570 1517 1654 qui
1534 1591 1553 1632 a
1570 1567 1661 1633 vobis
1678 1564 1893 1632 obtinuisse2

203 1695 238 1738 se
262 1673 465 1740 confitentur.
511 1673 652 1740 divinam
675 1677 813 1741 aestimo
841 1674 1082 1761 providentiam
1110 1675 1175 1738 ista
1204 1673 1359 1738 tribuere.
1405 1673 1542 1736 multum
1564 1673 1629 1736 iam
1653 1670 1751 1736 credo
1775 1670 1860 1756 quod

203 1776 243 1841 de
277 1778 383 1841 malae
418 1780 676 1844 conversationis
709 1781 800 1845 fasce
836 1781 985 1867 deposui.
1038 1781 1207 1866 proximus
1244 1786 1293 1844 est
1327 1780 1549 1859 innocentiae,
1586 1778 1639 1863 qui
1674 1783 1861 1842 sanctorum

204 1887 347 1944 meretur
369 1880 522 1966 alloquia.
563 1904 661 1967 quare
686 1883 763 1948 dum
786 1906 838 1950 mo
862 1884 1040 1950 saecularis
1064 1884 1199 1948 licentia
1222 1883 1377 1947 inmunda
1400 1882 1556 1967 possedit,
1581 1902 1755 1966 numquam
1778 1881 1861 1944 tanti

203 1983 263 2047 viri
286 1985 397 2069 apices
419 1987 539 2065 merui,
569 1995 645 2072 post
674 1990 773 2053 etiam
801 1990 982 2075 perlonga
1005 1989 1177 2053 intervalla
1199 2009 1376 2073 numquam
1401 1986 1586 2051 huiusmodi
1608 1985 1696 2050 bona
1719 1986 1861 2071 suscepi.

202 2087 284 2152 deus
313 2109 450 2174 magne,
482 2111 579 2175 quam
607 2089 799 2175 dignitatem
828 2092 1045 2158 servientibus
1074 2092 1133 2156 tibi
1163 2092 1292 2169 tribuis,
1325 2099 1362 2156 ut
1391 2112 1472 2175 quos
1502 2092 1667 2176 respicere
1697 2081 1889 2175 coeperis,3

202 2190 300 2254 etiam
324 2191 438 2257 amicis
461 2193 527 2257 tuis
550 2193 667 2259 reddas
690 2201 860 2281 acceptos!
897 2217 975 2261 vere
993 2217 1124 2281 semper
1142 2217 1199 2259 vos
1224 2195 1384 2280 singulari
1408 2194 1536 2259 cultura
1560 2194 1706 2279 suspexi,
1731 2204 1863 2278 semper

202 2294 396 2359 venerandis
419 2296 564 2362 moribus
587 2307 723 2383 gravata
742 2301 887 2386 peccatis
910 2300 995 2364 eolla
1020 2299 1177 2365 summisi.
1225 2321 1303 2363 eece
1327 2300 1392 2362 iam
1414 2299 1508 2383 quasi
1532 2298 1679 2381 aequalis
1703 2297 1861 2382 appellor.

139 2447 143 2458 .
204 2401 309 2464 erexit
324 2421 377 2466 me
393 2400 448 2464 diu
464 2401 628 2466 custodita
644 2402 816 2470 subiectio.
854 2404 927 2468 fove
944 2424 1023 2488 ergo
1040 2423 1091 2467 me
1109 2403 1311 2467 orationibus
1335 2402 1415 2476 tuis;
1440 2400 1585 2466 ostendis
1610 2400 1696 2464 enim
1721 2399 1862 2485 paginis,

203 2505 319 2590 fragile
343 2527 364 2570 a
385 2504 478 2570 vobis
500 2526 567 2569 non
590 2506 740 2571 exhiberi
764 2507 990 2594 patrocinium.
1036 2528 1111 2570 narn
1135 2513 1168 2570 ct
1191 2506 1245 2570 isti
1274 2505 1418 2591 suscepti
1449 2512 1537 2584 sunt,
1571 2505 1626 2590 qui
1654 2503 1734 2568 mihi
1761 2504 1859 2580 bona,

204 2607 391 2693 dequibus
422 2610 545 2695 gestio,
575 2610 794 2674 contulerunt.
840 2607 879 2674 ad
906 2631 973 2673 rem
998 2607 1109 2674 redeo.
1155 2607 1303 2694 perditus
1326 2608 1383 2672 ille
1407 2608 1545 2671 clericus
1570 2607 1703 2693 expavit
1726 2599 1891 2671 oausam4

204 2710 312 2776 dicere
344 2712 429 2798 apud
458 2714 664 2799 episcopum,
695 2719 868 2799 postquam
897 2712 1028 2777 delendi
1052 2734 1072 2776 a
1094 2733 1146 2775 me
1176 2710 1255 2775 vidit
1283 2733 1353 2790 eos,
1386 2711 1503 2797 quibus
1533 2733 1641 2776 meum
1675 2710 1856 2796 deputastis

204 2816 405 2901 obsequium.
451 2837 606 2902 suggero,
638 2817 665 2880 si
689 2817 824 2895 iubetis,
855 2824 891 2880 ut
917 2837 1001 2880 uuus
1025 2815 1065 2880 de
1089 2816 1168 2902 ipsis
1191 2814 1385 2879 Ravennam
1409 2814 1554 2880 ambulet
1578 2835 1651 2878 cum
1675 2814 1793 2878 vestris
1817 2814 1858 2878 ad

124 2965 135 2980 .
203 2919 304 2983 filiurn
332 2926 477 2985 vestrum
506 2920 660 2984 domnum
683 2920 841 2985 Faustum
873 2919 1169 2998 commendaticiis,
1201 2940 1242 2982 ne
1270 2921 1303 2983 in
1331 2917 1531 3004 praeiudicio
1561 2918 1705 3004 ipsorum
1732 2918 1857 2982 venalis

203 3023 356 3105 iudicum,
380 3025 435 3110 qui
458 3023 638 3090 Mediolani
662 3023 854 3105 exuberant,
878 3025 1043 3088 sententia
1066 3024 1287 3110 depromatur.

840 3348 981 3417 LXXII
1002 3349 1113 3436 (errsr.
1131 3354 1161 3430 3,
1179 3350 1224 3434 5).

799 3545 1037 3620 ENNODIVS
1064 3544 1270 3619 MAXIMO.

315 3690 480 3786 Grandes
497 3721 606 3788 hiatus
622 3730 754 3810 paterer
769 3723 951 3787 litterarum
968 3727 1149 3785 vestrarum
1167 3721 1315 3785 elevatus
1331 3719 1484 3802 alloquio,
1508 3720 1534 3783 si
1552 3738 1616 3781 non
1634 3717 1697 3780 mci
1713 3717 1862 3779 conscius
1877 3711 1906 3804 1Δ

205 3823 391 3909 inperitiam
413 3824 539 3911 pudore
563 3826 803 3912 conprimerem
828 3832 862 3891 et
884 3825 997 3889 iudicii
1019 3827 1148 3889 lancem
1164 3831 1321 3902 tenerem,
1346 3823 1447 3888 etiam
1463 3843 1536 3887 oum
1552 3820 1668 3885 laudor
1682 3820 1863 3884 inmeritus.

206 3949 263 3992 vos
289 3928 436 4014 dignatio
460 3951 618 3996 censurae
641 3930 721 3996 lecit
744 3931 953 4011 inmemores,
976 3952 1029 3996 me
1054 3929 1256 4016 propositum
1279 3929 1365 3992 intra
1380 3925 1602 3991 verecundum
1624 3922 1746 4009 degere
1762 3942 1863 4010 pene-

206 4031 289 4096 trale
320 4033 485 4118 conpellit.
529 4055 587 4099 vos
619 4035 741 4120 scripta
772 4055 847 4099 mea
877 4039 1045 4119 tamquam
1077 4038 1226 4097 amantes
1257 4029 1431 4112 adtollitis,
1461 4051 1514 4095 me
1544 4049 1682 4094 necesse
1712 4033 1764 4091 est
1792 4026 1864 4091 illos

206 4140 366 4218 metuere,
390 4137 446 4222 qui
470 4127 602 4202 rancido
626 4136 847 4224 despicientes
872 4142 990 4203 cuneta
1013 4136 1168 4221 neglectu
1192 4135 1290 4200 etiam
1315 4135 1508 4199 edocumata
1531 4132 1760 4197 condemnant.
1799 4124 1894 4215 ag02

206 4243 316 4303 tamen
339 4240 472 4324 gratias,
497 4240 582 4326 quod
605 4242 693 4328 apud
715 4242 870 4306 domnum
886 4239 1063 4304 Patricium
1087 4241 1187 4304 talem
1204 4259 1255 4303 me
1274 4238 1412 4304 iudicari
1428 4237 1582 4316 scribitis,
1606 4235 1735 4322 qualem
1752 4241 1862 4299 vestro

207 4343 393 4407 testimonio
418 4343 614 4410 reddidistis.
653 4348 867 4412 insinuationi
884 4367 963 4432 ergo
987 4363 1079 4411 amor
1101 4345 1242 4410 debetur
1264 4345 1336 4426 iste,
1360 4364 1426 4407 non
1449 4342 1601 4428 paginae,
1626 4360 1723 4425 quam
1747 4338 1863 4402 scaber

208 4445 301 4509 stilus
325 4447 396 4512 sine
420 4448 628 4534 eloquentiae
652 4451 728 4516 dote
752 4451 903 4536 signavit.
950 4449 1181 4515 salutationem
1210 4455 1320 4513 tamen
1343 4446 1559 4533 magnitudini
1581 4451 1709 4510 vestrae
1732 4443 1863 4528 dignam

207 4550 352 4616 reterens
374 4551 437 4618 deo
461 4554 583 4638 gratias
606 4577 680 4641 ago,
704 4555 790 4641 quod
813 4555 930 4619 votivis
951 4577 1010 4619 vos
1034 4560 1145 4619 auctos
1170 4552 1378 4618 successibus
1401 4550 1534 4616 reduxit
1556 4549 1597 4615 ad
1619 4549 1760 4635 propria,
1783 4567 1863 4632 quos

207 4674 300 4718 mens
322 4675 397 4720 mea
418 4677 478 4742 pro
502 4659 682 4724 conexione
706 4658 851 4724 caritatis
875 4678 1052 4742 numquam
1077 4657 1175 4721 sentit
1197 4655 1364 4720 absentes.

312 4963 418 5035 [LXXI]
455 4967 469 5019 1
488 4968 576 5021 Huius
592 4971 715 5037 paulas
728 4971 846 5036 primaru
863 4979 967 5038 partem
984 4967 1027 5036 (-
1042 4987 1064 5020 u.
1081 4973 1097 5020 9
1114 4969 1246 5035 proximus
1257 4963 1349 5030 sst.;.)
1373 4965 1410 5016 bia
1428 4972 1451 5015 et
1468 4963 1571 5014 dicare
1588 4977 1669 5012 meaa
1688 4959 1741 5026 (Br
1759 4967 1783 5012 et
1799 4957 1863 5024 Ba)

208 5061 232 5103 et
248 5053 276 5103 in
293 5052 396 5106 &aare
407 5055 522 5122 plaputc
539 5057 661 5124 seraptem
671 5058 780 5123 praebet
792 5056 818 5107 Β
851 5071 853 5074 ·
892 5058 991 5108 stefano
1003 5054 1029 5105 Β
1034 5073 1045 5111 r
1056 5053 1110 5117 VL,
1128 5054 1252 5120 stephano
1267 5051 1293 5102 Β
1298 5069 1312 5106 a
1424 5046 1441 5098 2
1460 5065 1552 5100 munos
1566 5047 1622 5110 Br,
1640 5063 1732 5098 munos
1749 5063 1806 5112 sup.
1819 5046 1864 5096 lta.

209 5155 227 5190 u
238 5137 282 5193 Ba
381 5137 398 5190 3
416 5142 569 5198 exibuitBr
629 5139 723 5210 studio]
737 5144 841 5195 stimulo
853 5142 897 5198 Β)
996 5137 1014 5191 4
1032 5155 1112 5207 penae
1122 5137 1155 5202 B,
1173 5155 1238 5206 pene
1250 5137 1275 5188 V
1328 5137 1451 5188 elicorum
1461 5135 1503 5190 Β]
1599 5133 1616 5185 5
1635 5149 1800 5199 conceperam
1810 5131 1836 5180 Β
1841 5149 1853 5188 1
1858 5169 1866 5196 ,

209 5227 368 5293 conceperim
379 5227 425 5280 Ba
502 5237 617 5296 prestant
628 5231 654 5282 B
778 5229 795 5281 6
813 5245 960 5296 acceperam
973 5225 1031 5290 Br,
1053 5225 1194 5292 acceperim
1207 5224 1251 5278 Ba
1384 5221 1398 5272 7
1418 5221 1583 5272 contuerunt
1605 5217 1634 5284 (u
1652 5219 1679 5270 in
1697 5237 1712 5270 ο
1730 5215 1809 5282 cerr.)
1823 5217 1866 5273 Βι

107 5357 109 5362 ,
208 5309 301 5378 buu]
318 5312 364 5364 illa
382 5312 462 5366 Sirra.
587 5313 604 5367 9
622 5317 689 5368 mule
700 5316 757 5366 BV
878 5311 912 5365 10
929 5313 1057 5379 colloquia
1075 5311 1154 5364 Sirra.
1283 5309 1316 5361 11
1334 5310 1430 5377 suscipi
1447 5306 1473 5359 B
1604 5304 1636 5356 12
1654 5305 1751 5374 ceperis
1769 5304 1867 5356 codices

212 5393 244 5448 13
261 5405 382 5466 acceptus
394 5399 420 5450 Β
523 5401 556 5453 15
573 5420 614 5455 me
625 5419 687 5471 crgo
701 5403 759 5455 OPb
862 5397 896 5450 21
915 5400 1077 5466 deprometur
1088 5396 1114 5447 Β

313 5497 433 5570 [LXXII]
475 5502 510 5557 23
531 5507 625 5572 potirer
640 5503 682 5557 Β1
818 5502 853 5556 26
875 5503 970 5556 scribis
983 5501 1010 5553 Β
1103 5501 1230 5552 adtollites
1243 5497 1292 5564 B¹‚
1317 5498 1432 5551 attollitis
1450 5497 1476 5547 V
1608 5491 1642 5545 27
1664 5495 1828 5562 dispicientes
1841 5493 1867 5544 Β

209 5584 368 5654 adsensun]
390 5590 585 5643 edocumentab
602 5600 625 5644 et
641 5610 713 5644 esau.
730 5608 780 5644 rec.
797 5593 825 5642 ia
838 5590 864 5640 B
992 5585 1026 5639 29
1043 5589 1135 5656 pagine
1147 5587 1184 5652 Β,
1207 5587 1302 5654 pagius
1314 5583 1360 5636 Β2
1381 5582 1462 5649 (usca.
1480 5582 1542 5649 ree.)
1559 5583 1574 5633 b
1702 5578 1735 5631 31
1753 5597 1829 5647 agno
1842 5579 1867 5630 B

210 5671 312 5724 uctiuca
323 5671 350 5723 B
419 5693 467 5729 uos
484 5684 573 5731 sutecs
591 5695 619 5731 re
633 5678 639 5744 1
653 5679 816 5731 successibus
834 5677 872 5741 (re
889 5674 951 5740 del.)
963 5673 988 5724 B

312 5802 454 5863 &sonus
