4538 6436
418 401 459 466 20
942 391 1006 450 inv
1024 389 1158 463 (croso.
1176 394 1213 461 a),
1234 391 1286 448 xv
1304 392 1426 464 (uersa.
1451 397 1471 459 r,
1491 389 1543 462 ιο).

417 573 540 638 habere
563 578 652 638 terra
675 569 761 655 quod
784 571 868 635 caeli
892 575 957 644 est;
987 591 1070 655 quae
1099 591 1158 657 per
1186 569 1300 634 domos
1327 590 1440 644 cereas
1469 569 1580 634 divino
1609 570 1732 656 stipant
1755 568 1854 634 mella
1877 567 2071 656 conpendio,

417 676 535 762 quibus
559 697 660 741 causa
682 680 734 739 est
755 694 951 740 numerosae
974 675 1151 759 progenies
1175 674 1322 738 nescisse
1346 675 1545 758 coniugium,
1569 696 1610 739 no
1627 675 1704 738 dum
1719 675 1909 760 copularum
1932 673 2073 738 nexibus

415 785 630 864 occupantur,
665 778 835 843 laborandi
867 786 994 863 tempus
1022 778 1158 862 effugiat
1181 784 1214 842 et
1242 783 1433 863 expectent,
1469 785 1506 842 ut
1534 779 1659 865 prolem
1694 799 1787 844 suam
1818 778 1948 862 turgida
1976 779 2071 842 alvus

369 883 583 965 lllelfundat,
617 904 713 968 quam
743 882 918 947 herbarum
945 884 1033 946 lucro
1065 880 1252 966 diligentius
1282 889 1419 966 possunt
1448 903 1504 947 ore
1533 882 1705 968 profligare
1737 901 1834 965 quarn
1860 883 1994 946 semine.
2038 882 2072 946 in

416 987 509 1050 huius
533 993 643 1051 autern
666 986 753 1050 cerei
775 986 905 1050 luminis
934 991 1138 1072 corporate,
1170 985 1313 1067 domine,
1342 986 1559 1071 postulamus,
1587 992 1623 1050 ut
1645 1006 1806 1070 supernae
1835 985 2072 1050 benedictionis

415 1110 531 1154 munus
563 1089 791 1155 adcommodes
822 1094 870 1170 et,
905 1091 932 1154 si
961 1092 1031 1176 quis
1065 1090 1140 1154 hinc
1169 1089 1342 1174 sumpserit
1371 1088 1525 1154 adversus
1558 1089 1662 1152 flabra
1695 1094 1879 1168 rentomm,
1915 1087 2072 1153 adversus

415 1193 548 1279 spiritus
571 1193 787 1279 procellarum
811 1199 868 1257 tua
891 1194 979 1256 iussa
1001 1193 1169 1276 facientes,
1193 1192 1234 1256 sit
1250 1193 1297 1256 illi
1312 1193 1476 1277 singulare
1498 1192 1694 1277 perfugium,
1717 1193 1758 1256 sit
1780 1213 1891 1255 murus
1914 1193 1954 1257 ab
1979 1193 2073 1258 hoste

367 1299 399 1359 11
417 1297 577 1362 fidelibus.
622 1298 717 1361 simul
748 1297 846 1361 etiam
874 1318 1070 1382 quaesumus
1099 1303 1132 1361 te
1159 1304 1210 1377 ut,
1241 1297 1317 1381 quia
1344 1296 1385 1360 ad
1407 1297 1572 1361 vernantis
1601 1296 1678 1359 anni
1706 1295 1821 1358 faciem
1850 1296 2007 1380 passionis
2035 1318 2073 1360 ac

416 1401 662 1465 resurrectionis
694 1407 771 1464 tuae
800 1405 929 1486 tempus
956 1401 1089 1485 aptasti,
1119 1421 1192 1464 cum
1219 1406 1294 1486 post
1320 1405 1487 1465 concretas
1515 1400 1648 1464 hiemali
1677 1405 1806 1484 torpore
1830 1398 1944 1482 glebas
1968 1405 2000 1462 et
2021 1400 2072 1463 in-

326 1583 331 1592 ,
417 1505 544 1569 frenata
566 1506 672 1590 glacie
695 1505 828 1569 flumina
851 1506 996 1570 novellas
1018 1504 1181 1569 frondium
1204 1505 1329 1568 tunicas
1351 1524 1481 1588 gemma
1499 1501 1685 1566 conscendit
1703 1507 1824 1566 etcum
1841 1508 1971 1566 auctore
1995 1523 2071 1586 ger-

416 1607 538 1673 minum
561 1607 689 1673 domino
712 1609 805 1673 nobis
829 1609 938 1673 omnia
959 1609 1172 1674 reviviscunt:
1196 1607 1238 1672 da
1260 1608 1458 1694 multiplices
1482 1607 1603 1670 fructus
1626 1607 1659 1670 in
1682 1606 1786 1687 terris,
1809 1612 1953 1670 nostrum
1978 1607 2072 1671 ellico

416 1710 501 1796 quod
524 1712 685 1792 ostendis,
714 1718 747 1776 et
770 1713 949 1777 sacerdotis
972 1714 1074 1777 nostri
1097 1713 1151 1776 rel
1173 1713 1271 1777 totius
1295 1712 1373 1775 cleri
1396 1713 1465 1775 eius
1488 1711 1710 1774 incolumitate
1735 1715 1865 1773 servata
1888 1707 2072 1772 ubertatem

415 1822 598 1901 temporum
622 1817 691 1880 sine
715 1815 854 1880 adversa
875 1823 1074 1900 tempestate
1097 1815 1253 1881 concede.

1066 2105 1133 2173 XV
1157 2105 1269 2192 (amer.
1297 2110 1324 2188 1,
1351 2104 1415 2190 10).

1006 2300 1207 2375 IOHANNI
1234 2299 1483 2376 ENNODIVS.

384 2471 395 2530 ¹
523 2450 654 2544 Vicem
687 2478 874 2561 redderem,
912 2479 975 2543 nisi
1009 2485 1159 2543 oneraret
1196 2477 1398 2562 diligentiam
1431 2477 1525 2542 amici
1561 2477 1702 2563 pectoris
1734 2477 1884 2541 restituta
1917 2477 2071 2559 laudatio,
2126 2499 2150 2536 n

268 2576 403 2682 ,Ἧι-,Τ
415 2606 456 2649 ns
473 2583 549 2648 dum
565 2584 597 2648 in
613 2584 796 2670 praeconiis
816 2588 964 2646 mutuum
981 2581 1129 2646 videmur
1151 2582 1296 2662 scabere,
1321 2581 1517 2646 adulationis
1539 2581 1721 2666 suspicione
1743 2581 1908 2666 polluatur
1932 2581 2074 2645 adfectio

413 2693 446 2752 et
463 2708 553 2751 amor
568 2692 677 2751 currat
692 2687 725 2750 in
741 2687 866 2766 vitium,
890 2684 967 2749 dum
983 2685 1074 2766 illud,
1098 2685 1182 2770 quod
1199 2684 1286 2771 apud
1302 2685 1382 2748 alios
1398 2684 1556 2750 debemus
1572 2685 1691 2766 facere,
1715 2685 1808 2749 nobis
1822 2685 2071 2770 inconpetenter

411 2790 600 2876 ingerimus.
645 2790 825 2854 amantium
854 2789 940 2853 enim
973 2793 1167 2852 ornamenta
1198 2789 1283 2853 inter
1311 2787 1490 2852 familiares
1519 2788 1657 2873 paginas
1686 2787 1858 2854 retinenda
1887 2793 1976 2869 sunt,
2008 2808 2072 2851 non

413 2891 592 2978 loquenda,
622 2914 663 2958 ne
692 2899 819 2957 tantum
846 2892 1061 2956 conscientias
1089 2899 1217 2956 nostras
1245 2892 1357 2956 vacuis
1386 2891 1537 2956 sensibus
1564 2890 1724 2954 relatione
1757 2890 1862 2955 laudis
1890 2912 2072 2956 oneremus.

382 2993 489 3060 2sunt
511 2995 567 3060 ubi
589 2995 677 3060 bona
698 3003 770 3078 tua,
793 3002 830 3059 ut
853 2997 939 3080 apud
962 3002 995 3058 te
1018 3000 1153 3082 propter
1175 2995 1339 3060 adfectum
1361 3003 1505 3074 taceam,
1529 2995 1647 3075 amice,
1673 2993 1909 3060 concelebrem.
1953 2996 1986 3059 in
2010 2994 2071 3074 his,

412 3119 495 3184 quae
524 3098 565 3163 de
594 3098 744 3184 profectu
771 3106 828 3164 tuo
856 3099 975 3176 sentio,
1010 3100 1197 3184 religiosam
1234 3098 1293 3163 tibi
1326 3104 1453 3163 tantum
1491 3098 1595 3162 debeo
1626 3099 1890 3163 taciturnitatem.
1939 3121 2072 3186 possem

410 3201 539 3286 quidem
564 3203 642 3266 vitia
673 3203 826 3288 temporis
855 3209 985 3268 secutus
1013 3203 1128 3267 laudes
1157 3210 1230 3267 tuas
1261 3222 1347 3266 nunc
1377 3201 1575 3272 inexhausta
1597 3201 1844 3286 praedicatione
1868 3223 2015 3268 reserare
2039 3211 2073 3268 et

410 3309 512 3368 totam
534 3305 689 3390 paginam
711 3305 829 3369 fucatis
851 3306 996 3370 colorare
1020 3304 1196 3369 blanditiis.
1234 3303 1294 3368 sed
1309 3305 1394 3369 absit
1410 3303 1471 3368 hoc
1488 3325 1507 3368 a
1522 3305 1698 3390 proposito,
1720 3305 1863 3370 facessat
1880 3307 2070 3383 amoribus.

378 3408 446 3469 3ut
475 3427 572 3491 quem
603 3414 712 3473 mente
744 3414 857 3488 teneo,
890 3408 955 3473 ista
984 3414 1109 3473 tantum
1132 3410 1232 3474 velim
1264 3430 1338 3473 esse
1367 3409 1631 3474 remuneratione
1663 3415 1863 3473 contentum.
1913 3409 1973 3474 tibi
2006 3432 2072 3474 non

409 3508 613 3575 delenificam
637 3513 828 3592 oraticnem,
853 3511 910 3577 sed
934 3533 1048 3576 rocem
1072 3511 1177 3576 debeo
1201 3511 1403 3596 castigantis,
1427 3531 1492 3575 non
1515 3511 1574 3575 tibi
1596 3512 1691 3598 pictis
1716 3513 1887 3577 verborum
1912 3512 2064 3578 inludens
2117 3529 2148 3568 2⁵

408 3613 567 3696 artificiis,
599 3615 656 3680 sed
684 3621 789 3678 totum
821 3615 982 3701 profunda
1009 3621 1120 3680 mente
1144 3620 1176 3679 te
1199 3615 1354 3680 retinens.
1399 3635 1529 3704 possem
1559 3614 1683 3679 dicere:
1716 3614 1757 3679 ad
1781 3637 1889 3680 arcem
1914 3617 2071 3681 scientiae

408 3717 478 3781 sine
495 3723 630 3782 tenerae
646 3719 764 3783 aetatis
779 3717 979 3804 praeiudicio
1001 3719 1191 3804 pervenisti,
1215 3738 1374 3783 summam
1392 3718 1601 3803 perfectionis
1624 3716 1765 3804 adeptus
1788 3741 1833 3799 es,
1857 3720 1947 3784 nulla
1971 3720 2071 3785 debes

377 3823 487 3884 leura
521 3821 685 3907 distringi,
722 3821 780 3887 sed
811 3823 905 3887 bonis
936 3823 999 3886 tuis
1030 3828 1195 3906 tamquam
1225 3822 1371 3909 locuples
1399 3842 1570 3907 possessor
1598 3823 1715 3887 ornari.
1766 3822 1824 3886 sed
1855 3823 1952 3904 haec,
1988 3825 2071 3888 sicut

404 3923 567 4009 praedixi,
591 3947 611 3989 a
633 3947 685 3991 me
708 3927 818 3991 aliena
841 3932 926 3992 sunt.
972 3947 1028 3991 ore
1052 3932 1086 3990 te
1108 3926 1254 4012 parentis
1277 3926 1419 4005 stimulo,
1443 3925 1531 3989 dico:
1564 3925 1628 3988 siut
1650 3925 1728 3991 licet
1751 3925 1899 4016 grandia,
1931 3928 2069 4012 quaein

405 4047 488 4090 cano
512 4028 720 4112 eloquentiae
742 4029 822 4095 flore
845 4030 1020 4116 polliceris,
1045 4051 1106 4115 ego
1130 4035 1239 4096 tamen
1261 4031 1323 4094 nisi
1348 4028 1389 4094 de
1413 4049 1517 4093 messe
1535 4050 1600 4093 non
1615 4029 1771 4114 gratulor,
1793 4035 1830 4093 ut
1846 4031 1931 4094 solet
1947 4051 2067 4094 avarus

405 4130 561 4215 agricola,
585 4133 641 4217 qui
655 4125 850 4199 'ubertatem
875 4136 951 4198 anni
973 4135 1037 4198 nisi
1059 4135 1092 4198 in
1116 4134 1241 4198 horreis
1264 4154 1329 4197 non
1352 4133 1494 4198 metitur.
1540 4132 1605 4196 iam
1628 4133 1660 4196 in
1684 4138 1716 4196 te
1741 4133 1804 4197 etsi
1827 4154 1892 4197 non
1915 4133 2070 4218 gravidas

406 4233 540 4314 aristas,
570 4237 673 4301 multo
700 4242 811 4301 tamen
834 4236 984 4302 ridemus
1014 4238 1098 4303 lacte
1126 4243 1315 4322 turgentes:
1351 4238 1415 4300 iam
1439 4257 1541 4323 prope
1564 4235 1606 4301 ad
1629 4257 1740 4302 aream
1763 4244 1840 4301 rota
1863 4239 2069 4324 perveniunt.

381 4335 470 4400 5sed
492 4338 567 4421 plus
590 4339 770 4404 timendum
794 4347 860 4420 est,
892 4341 1042 4425 quotiens
1071 4341 1233 4406 desideria
1260 4346 1371 4405 nostra
1394 4362 1470 4426 spes
1492 4339 1599 4404 vicina
1621 4340 1799 4405 succendit.
1846 4342 1959 4406 labora
1990 4363 2069 4426 ergo

408 4438 495 4503 circa
518 4441 636 4522 studia,
659 4443 767 4507 lucem
789 4443 824 4507 in
848 4444 1028 4529 conloquiis
1051 4443 1162 4530 dilige,
1185 4445 1316 4509 lectioni
1339 4443 1477 4508 devotus
1500 4444 1624 4522 insiste,
1654 4451 1690 4508 ut
1713 4445 1837 4509 fructus
1861 4446 2069 4530 eloquentiae

406 4541 638 4629 multiplicium
661 4552 829 4610 auctorum
853 4548 1066 4614 ventilatione
1089 4554 1259 4635 purgetur.
1303 4549 1442 4635 pulchra
1465 4553 1541 4611 sunt
1563 4567 1646 4632 quae
1670 4547 1802 4630 scribis,
1826 4548 1884 4614 sed
1908 4569 1969 4633 ego
1992 4570 2066 4613 amo

403 4645 478 4732 plus
501 4646 615 4724 fortia3
641 4649 800 4751 'redimita
821 4657 897 4714 sunt
918 4651 1072 4733 floribus,
1103 4651 1161 4716 sed
1183 4673 1281 4737 poma
1304 4653 1378 4738 plus
1403 4651 1511 4737 diligo.
1557 4652 1662 4734 salve,
1691 4652 1736 4718 mi
1759 4653 1904 4733 domine,
1929 4659 1962 4717 et
1986 4653 2068 4718 haec

479 4957 481 4960 .
506 4903 675 4974 2progeniea
687 4907 726 4970 B,
749 4909 870 4975 progenie
891 4909 974 4975 VLT,
996 4913 1126 4981 progeniei
1140 4908 1200 4963 0Ρό
1322 4907 1340 4961 3
1362 4911 1488 4976 effugiant
1507 4910 1545 4962 Pb
1666 4908 1684 4962 4
1708 4929 1785 4978 quam
1803 4909 1839 4977 la]
1864 4929 1940 4979 quem
1957 4913 1982 4962 h.
1999 4907 2071 4965 Vno

402 4990 530 5043 lucraB¹
607 4990 754 5060 profligare]
773 4994 900 5062 preligare
912 4996 956 5048 Ba
1064 4998 1227 5066 frsupemsa
1246 4995 1399 5062 (sarasan
1509 4994 1717 5049 bacccmmodas
1733 4997 1757 5046 V
1863 4996 2019 5050 lfacientos
2031 4999 2066 5078 B,

403 5079 499 5130 faciens
522 5079 610 5140 courir
636 5080 670 5145 cf.
694 5079 738 5130 Pr.
756 5083 821 5145 148,
840 5084 858 5130 8
953 5086 1102 5152 profugium
1120 5084 1186 5134 ΡΗ)
1317 5081 1350 5135 10
1373 5084 1527 5135 conscendet
1548 5082 1642 5150 (—dat
1658 5083 1714 5151 Ba)
1732 5085 1772 5149 Β,
1804 5087 1947 5137 conscindit
1968 5085 2067 5137 Hartel

406 5163 437 5214 11
462 5166 631 5218 reuiuescunt
652 5165 724 5216 m
816 5168 966 5236 multiplicis
983 5171 1009 5223 Β
1134 5169 1168 5222 12
1191 5172 1247 5223 aius
1269 5188 1318 5222 orn.
1344 5167 1408 5222 CPb
1501 5172 1672 5240 incolomitate
1689 5171 1715 5221 B
1843 5169 1875 5222 13
1897 5171 1999 5223 adoarn
2018 5170 2065 5222 131

406 5257 555 5318 tempestate
573 5253 620 5302 Ba

509 5351 576 5420 [XV]
613 5353 926 5409 llumouius10mnic
1032 5358 1065 5410 15
1083 5361 1217 5411 honoraret
1233 5359 1311 5424 VLT,
1332 5360 1505 5411 honoraretB
1521 5359 1721 5427 (cernam.)
1826 5358 1859 5412 16
1876 5359 2065 5411 adolationisB

402 5435 434 5488 18
449 5439 596 5506 iuberem
608 5440 714 5504 6θῶθή
731 5441 828 5493 emend.
843 5440 922 5495 Siras.
1030 5443 1063 5498 19
1083 5463 1164 5499 rocus
1182 5447 1272 5497 malim
1335 5463 1470 5498 oneremus
1484 5447 1516 5512 B,
1534 5449 1689 5500 honoramus
1701 5448 1776 5499 ceteri
1879 5443 1912 5496 21
1931 5447 2026 5512 possim
2039 5445 2065 5496 Β

400 5522 435 5575 22
452 5526 540 5577 laudes
562 5525 631 5594 tuas]
655 5528 730 5578 laude
754 5535 851 5580 stamas
867 5528 908 5578 Va
1000 5539 1026 5584 at
1050 5535 1130 5584 anab
1273 5531 1308 5584 24
1331 5531 1417 5599 velim]
1440 5534 1534 5585 uellem
1552 5533 1578 5584 Β
1664 5532 1825 5600 contentum]
1848 5541 2022 5599 arrrtenrptum
2040 5532 2066 5582 B

399 5608 434 5662 26
453 5613 547 5679 possim
560 5612 586 5662 B
700 5610 734 5663 27
752 5621 839 5666 tenera
850 5615 884 5679 Β,
902 5625 990 5669 tenera
1005 5618 1050 5668 Vn
1166 5616 1199 5668 29
1217 5620 1301 5671 aliona
1317 5627 1380 5670 sunt
1396 5637 1412 5671 a
1429 5637 1469 5672 mo
1483 5617 1519 5672 Ob
1632 5619 1664 5671 31
1683 5619 1837 5688 agriculaB
1949 5616 1983 5669 33
2001 5636 2065 5688 orgo

399 5717 452 5755 orn.
470 5695 533 5750 0Ρὸ
638 5696 672 5749 35
689 5701 847 5770 purgitan
