4612 6442
729 396 750 450 1.
780 396 827 450 nn
844 380 933 450 (515
952 394 1000 450 nr
1019 394 1180 450 scamus
1199 396 1347 451 eunom.
1791 398 1869 453 xxv

214 569 245 633 in
268 569 452 633 contrariam
477 576 595 655 partem
610 568 702 655 plane
724 568 801 633 nihil
823 578 929 656 potest
944 569 1084 655 proferri,
1107 591 1202 635 unum
1218 569 1332 635 rationi
1354 579 1595 636 consentaneum
1611 580 1665 636 est
1699 595 1782 636 nunc
1796 595 1870 637 vero
1937 645 1939 654 y

215 672 401 758 Eustorgius
433 673 579 758 Augusto
606 672 679 736 anni
711 675 774 740 512
808 673 975 760 episcopus
1009 672 1255 739 Mediolanensis
1286 674 1402 738 electus
1433 684 1494 754 est3
1530 697 1619 760 ergo,
1652 677 1799 762 quoniam
1829 675 1870 740 ad

215 775 430 863 baptisterium
460 774 702 841 construendum
731 776 891 862 aliquanto
922 778 1070 864 temporis
1105 800 1184 866 opus
1216 778 1288 858 fuit,
1318 777 1482 844 Ennodius
1509 779 1671 845 etiamtum
1701 804 1783 845 anno
1806 784 1869 846 513

215 879 386 945 Mediolani
410 878 514 944 sedem
537 879 685 944 habuisse
707 877 839 945 videtur.

317 981 427 1069 'Usque
460 981 500 1047 ad
535 982 619 1046 hunc
650 983 816 1048 terminum
844 985 937 1049 etiam
966 985 1028 1050 alio
1061 983 1177 1051 indicio
1205 985 1411 1072 perducimur.
1459 988 1540 1052 inest
1567 987 1694 1052 Ennodi
1723 988 1869 1075 operibus

213 1087 347 1174 epistula
368 1085 408 1151 ad
431 1086 613 1152 Caesarium
635 1087 827 1174 episcopum,
850 1088 968 1154 scilicet
982 1089 1204 1169 Arelatensem,
1226 1113 1289 1176 qua
1310 1090 1339 1154 ei
1360 1091 1543 1176 gratulatur,
1565 1091 1649 1178 quod
1673 1115 1692 1155 a
1714 1113 1786 1176 rege
1808 1113 1869 1158 nou

213 1192 314 1257 solum
342 1191 525 1256 criminibus
552 1191 715 1257 absolutus
744 1191 920 1257 sedetiam
948 1193 1093 1258 omnibus
1121 1193 1293 1258 honoribus
1320 1203 1484 1281 susceptus
1511 1196 1561 1260 sit
1611 1195 1642 1259 in
1675 1195 1740 1259 vita
1767 1204 1869 1260 autem

212 1295 295 1360 illius
322 1293 450 1360 Caesari
472 1296 646 1361 *memoriae
677 1295 837 1384 proditum
869 1307 917 1362 est
948 1321 1018 1362 eum
1052 1307 1181 1385 propter
1211 1299 1291 1364 falsa
1323 1299 1453 1364 crimina
1481 1298 1521 1364 ad
1555 1297 1783 1364 Theodericum
1810 1280 1869 1364 sub
1997 1339 2001 1342 -=

212 1397 356 1465 custodia
376 1406 581 1486 pertractum,
616 1399 672 1465 sed
701 1401 879 1466 absolutum
909 1410 941 1466 et
966 1425 1038 1466 cum
1060 1401 1231 1468 honoribus
1260 1400 1425 1468 dimissum
1451 1401 1605 1468 Ravenna
1632 1402 1766 1468 Romam
1797 1425 1870 1490 pro-

211 1503 325 1569 fectum
347 1511 379 1568 et
400 1503 440 1569 ab
464 1503 653 1589 Symmacho
675 1527 759 1592 5555
780 1505 945 1592 privilegio
968 1505 1056 1592 pallii
1078 1504 1257 1571 decoratum
1280 1529 1356 1572 esse.
1393 1507 1481 1593 atqui
1502 1515 1606 1573 exstat
1627 1506 1762 1594 epistula
1777 1505 1869 1574 VIII

211 1606 260 1673 Id.
282 1607 437 1673 Novemb.
458 1608 565 1673 Probo
587 1609 715 1674 consule
737 1612 774 1692 (a
791 1612 864 1692 513)
887 1608 928 1674 ad
955 1610 1120 1697 episcopos
1144 1610 1267 1676 Galbae
1289 1611 1400 1691 missa,
1430 1611 1463 1674 in
1485 1633 1548 1698 qua
1570 1609 1775 1696 Symmachus
1798 1634 1868 1675 cum

213 1711 276 1776 alia
296 1722 364 1778 tum
386 1711 462 1778 haec
489 1711 649 1778 disseruit:
678 1713 854 1792 ,Caesarius
882 1714 1141 1801 metropolitanae
1162 1714 1354 1779 Arelatensis
1382 1714 1519 1779 civitatis
1547 1713 1693 1779 sacerdos
1721 1714 1869 1780 ecclesiae

211 1815 293 1882 beati
316 1816 450 1904 apostoli
476 1816 564 1882 Petri
593 1817 754 1883 liminibus
784 1826 999 1904 praesentatus
1022 1819 1205 1906 postulavit
1305 1827 1399 1906 atque
1427 1817 1535 1885 eodem
1564 1818 1615 1884 die
1638 1818 1786 1884 Caesario
1814 1841 1870 1904 per

212 1918 329 1986 litteras
352 1921 524 1986 nuntiavit:
551 1921 695 2002 ,Caritati
716 1930 789 1987 tuae
816 1921 1033 1987 tantummodo
1059 1945 1116 2010 per
1138 1945 1245 1988 omnes
1268 1922 1450 1988 Gallicanas
1477 1923 1618 2008 regiones
1641 1920 1750 1987 utendi
1773 1921 1869 2009 pallio

211 2024 422 2089 concessimus
445 2025 642 2091 facultatem‘.
686 2049 761 2112 ergo
783 2024 966 2092 Caesarium
988 2026 1084 2114 paulo
1106 2037 1177 2092 ante
1199 2027 1412 2093 Novembrem
1435 2030 1497 2095 513
1520 2026 1640 2092 Rornae
1663 2035 1756 2113 atque
1778 2035 1871 2091 antea

211 2127 382 2192 1151155555
403 2127 500 2194 fuisse
522 2129 554 2194 in
577 2139 725 2216 promptu
748 2139 803 2195 551.
847 2153 946 2217 neque
975 2153 1044 2196 mea
1070 2129 1197 2217 quidem
1220 2130 1375 2195 sententia
1400 2129 1532 2195 dubium
1553 2151 1622 2194 esse
1643 2139 1763 2218 potest,
1793 2130 1869 2216 quin

211 2231 377 2297 Ennodius
399 2233 504 2298 verbis
527 2236 567 2319 (p.
583 2235 657 2313 321,
670 2236 714 2314 71:
745 2232 881 2319 ,quando
904 2233 1086 2321 principalis
1113 2255 1253 2322 purpura
1274 2243 1329 2298 aut
1355 2233 1458 2298 cilicia
1479 2231 1623 2320 despexit
1645 2241 1700 2298 aut
1721 2232 1869 2319 pallium‘,

210 2334 289 2400 illud
311 2336 510 2422 privilegium
532 2336 619 2422 pallii
642 2360 662 2401 a
683 2335 873 2423 Symmacho
889 2337 1037 2403 Caesario
1059 2359 1241 2402 concessum
1264 2337 1418 2422 significet
1439 2340 1640 2423 (quamquam
1662 2345 1756 2422 negat
1777 2335 1870 2400 Thiel

212 2441 338 2525 5100).
371 2440 479 2526 511555
501 2449 602 2505 autem
626 2439 660 2505 id
681 2465 739 2527 pro
756 2442 919 2528 explorato
939 2440 1089 2507 habemus
1101 2440 1197 2505 xillam
1211 2438 1338 2505 Ennodi
1353 2439 1520 2528 epistulam
1536 2461 1618 2504 anno
1641 2441 1705 2507 513
1720 2439 1869 2526 scriptam

211 2563 287 2606 esse.
327 2564 407 2628 quae
429 2551 532 2608 utrum
556 2542 668 2608 Ticino
691 2567 729 2608 55
753 2542 936 2609 Mediolano
959 2543 1034 2608 data
1054 2544 1111 2623 sit,
1140 2543 1227 2608 nulla
1248 2543 1367 2608 ratione
1389 2542 1555 2608 diiudicari
1577 2550 1693 2630 potest,
1723 2541 1777 2607 sed
1800 2565 1869 2608 eam

212 2668 274 2710 non
303 2646 343 2711 ab
371 2647 520 2734 episcopo
549 2645 591 2711 ad
618 2647 800 2735 episcopum
831 2647 936 2712 datam
965 2670 1033 2713 esse
1065 2657 1132 2712 toto
1160 2648 1226 2712 eius
1254 2656 1360 2711 tenore
1390 2648 1603 2711 confirmatur:
1630 2644 1795 2712 Ennodius
1825 2645 1869 2711 ibi

212 2749 393 2815 Caesarium
432 2751 603 2838 appellavit
636 2752 866 2818 nobilissimum
899 2753 930 2816 in
969 2751 1088 2818 Christi
1126 2751 1275 2816 servitute
1307 2749 1487 2838 pontificem
1519 2758 1551 2814 et
1581 2748 1744 2814 dominum
1777 2772 1869 2815 surim

213 2858 258 2940 (p.
273 2856 387 2934 321,5.
401 2857 468 2935 13),
495 2879 558 2921 555
579 2855 721 2937 fiatrem3
748 2865 779 2922 et
801 2865 937 2921 extrema
959 2856 1094 2942 epistula
1121 2856 1243 2922 veniam
1272 2855 1376 2942 petiit,
1404 2852 1489 2942 quod
1511 2876 1581 2918 eum
1603 2852 1791 2940 loquacitate
1813 2878 1870 2920 sua

212 2966 388 3043 gravasset,
416 2967 510 3045 atque
537 2958 671 3025 addidit:
699 2960 833 3046 ,benigni
857 2960 1017 3025 servitutis
1046 2982 1132 3024 meae
1158 2982 1271 3024 munus
1299 2959 1430 3046 accipite
1456 2967 1488 3022 et
1508 2980 1559 3022 me
1586 2957 1645 3023 deo
1671 2967 1779 3023 nostro
1802 2981 1870 3024 ora-

213 3061 334 3126 tionum
361 3060 521 3149 suffragiis
544 3064 701 3130 intimate‘.
745 3087 935 3151 quamquam
957 3063 1040 3128 enim
1063 3061 1270 3128 omittendum
1297 3086 1360 3128 non
1383 3072 1432 3128 est
1453 3049 1633 3129 Caesarium
1657 3070 1871 3150 515555555-

212 3164 343 3230 litonum
366 3166 548 3252 episcopum
571 3167 680 3232 ceteris
702 3167 909 3254 praestitisse,
936 3189 1035 3252 neque
1062 3167 1179 3245 nescio,
1207 3190 1270 3252 qua
1295 3189 1442 3254 perversa
1469 3165 1623 3231 modestia
1649 3163 1814 3230 Ennodius
1837 3166 1870 3230 iu

214 3266 345 3334 dicendo
367 3270 470 3347 fuerit,
491 3292 681 3356 quamquam
707 3271 803 3356 igitur
829 3271 946 3358 optime
967 3270 1170 3356 intellegitur,
1198 3292 1254 3334 cur
1276 3269 1458 3335 Caesarium
1484 3293 1547 3335 non
1576 3270 1701 3334 fratrem
1729 3269 1871 3334 nomina·

213 3373 304 3453 verit,
327 3383 443 3454 tamen,
466 3375 494 3439 si
517 3375 584 3461 1555
606 3376 668 3440 iam
690 3376 858 3463 episcopus
880 3376 999 3455 fuisset,
1021 3384 1086 3439 tarn
1108 3375 1273 3440 submissis
1298 3375 1402 3440 verbis
1425 3397 1501 3440 5555
1524 3397 1587 3456 555
1609 3383 1692 3438 esset
1712 3383 1744 3439 et
1766 3373 1871 3460 aliqua

214 3485 355 3541 contorta
376 3477 550 3543 elocutione
563 3517 604 3526 -
616 3479 712 3544 veluti
733 3477 896 3565 indignum
916 3501 950 3544 se
970 3499 1047 3557 esse,
1069 3478 1123 3564 qui
1139 3477 1319 3546 Caesarium
1340 3477 1466 3542 fratrem
1485 3475 1621 3563 appellet
1633 3517 1674 3525 —
1686 3476 1870 3563 dignitatem

214 3601 302 3644 suam
325 3579 553 3647 declaravisset.

316 3683 379 3748 His
407 3685 593 3750 testimoniis
616 3685 840 3752 adminiculum
863 3684 1022 3772 quoddam
1045 3687 1223 3772 suggeritur
1250 3708 1286 3750 ea
1318 3707 1365 3765 re,
1397 3683 1482 3771 quod
1510 3707 1548 3749 ne
1575 3683 1621 3749 illi
1643 3682 1787 3770 quidem,
1816 3683 1871 3770 qui

214 3788 395 3856 Ennodium
416 3791 478 3856 iarn
502 3813 584 3857 anno
607 3794 666 3859 511
692 3792 742 3857 vel
765 3795 828 3860 510
851 3793 1034 3879 episcopum
1056 3792 1253 3857 Ticinensem
1276 3799 1491 3856 consecratum
1520 3811 1588 3854 esse
1610 3786 1733 3867 dicunt,
1759 3809 1871 3874 negare

214 3903 346 3980 possunt
372 3903 442 3959 ante
469 3916 585 3960 annum
608 3897 671 3964 515
694 3905 924 3982 argumentum,
953 3919 1015 3983 quo
1038 3898 1104 3962 eius
1132 3897 1331 3985 episcopatus
1361 3893 1557 3974 ostendatur,
1586 3891 1720 3957 inveniri
1741 3892 1870 3957 nullum.

215 3998 349 4084 primum
372 3997 455 4061 enirn
469 3998 638 4085 episcopus
653 4000 833 4065 nominatur
853 4001 886 4064 in
901 4000 1044 4088 epistula,
1066 4023 1160 4087 quam
1176 3997 1351 4064 Hormisda
1364 4021 1448 4085 papa
1469 3996 1525 4061 III
1546 3995 1596 4060 Id.
1611 3995 1694 4082 Aug.
1709 3995 1870 4061 Florentio

215 4101 340 4166 consule
364 4103 382 4166 i.
398 4124 424 4166 5.
446 4124 528 4167 5555
551 4105 615 4170 515
642 4125 708 4190 ,per
735 4101 915 4169 Ennodimn
946 4114 1039 4191 51555
1060 4105 1269 4169 Fortunatum
1292 4103 1403 4169 batres
1434 4111 1465 4167 et
1486 4101 1699 4187 coepiscopos‘
1728 4121 1802 4164 suos
1830 4098 1870 4164 ad

215 4207 434 4285 Anastasium,
461 4206 589 4271 orientis
612 4207 845 4294 imperatorem,
873 4207 1002 4274 dederat
1023 4209 1146 4291 (Hono.
1167 4211 1251 4295 558
1273 4206 1384 4285 Thiel).
1427 4203 1592 4270 Ennodius
1616 4213 1684 4268 tum
1704 4203 1765 4268 fnit
1786 4203 1871 4290 prin-

214 4332 287 4396 ceps
309 4309 487 4396 legationis,
516 4333 596 4396 quae
617 4311 658 4376 ab
680 4309 854 4376 Hormisda
877 4321 924 4394 (ex
948 4313 1080 4378 consilio
1102 4311 1286 4377 Theoderici
1309 4311 1406 4396 regis,
1432 4318 1467 4373 ut
1487 4307 1621 4373 traditur
1642 4307 1675 4371 in
1698 4307 1765 4371 vita
1786 4305 1872 4371 Hor·

215 4412 342 4492 misdae)
365 4423 401 4478 ut
422 4415 651 4480 controversiae
674 4416 754 4479 inter
775 4416 902 4480 orientis
925 4425 957 4482 et
979 4416 1149 4482 occidentis
1178 4418 1342 4503 episcopos
1371 4415 1433 4479 iam
1456 4411 1576 4478 dudum
1598 4419 1724 4477 exortae
1746 4432 1872 4496 compo-

215 4527 358 4581 nerentur
372 4518 470 4582 missa
484 4529 557 4583 erat
591 4541 703 4584 555555
717 4529 830 4600 autem,
853 4542 908 4584 cur
926 4520 972 4585 illi
988 4520 1047 4584 hoc
1062 4521 1222 4606 negotium
1234 4528 1266 4584 et
1280 4518 1407 4584 difficile
1422 4527 1453 4581 et
1469 4515 1672 4582 honorificum
1688 4513 1870 4579 mandatum

215 4621 264 4700 sit,
285 4623 458 4686 enumerari
481 4631 614 4709 possunt
635 4623 757 4710 plures:
786 4623 1030 4711 primumquod
1052 4648 1174 4689 summa
1196 4624 1390 4710 eloquentiae
1411 4619 1504 4687 laude
1525 4619 1667 4698 florebat,
1697 4627 1763 4682 tum
1785 4614 1870 4702 quod

215 4735 337 4790 etcum
360 4724 536 4790 Hormisda
556 4749 640 4813 papa
668 4727 806 4792 amicitia
828 4728 1012 4792 coniunctus
1035 4737 1067 4793 et
1088 4727 1282 4792 Theoderico
1303 4727 1368 4812 regi
1390 4734 1499 4812 gratus
1522 4732 1602 4804 erat,
1631 4721 1764 4808 denique
1786 4719 1871 4808 quod

215 4828 275 4893 iam
298 4829 358 4894 sub
381 4827 570 4915 Symmacho
591 4853 675 4916 papa
689 4839 793 4918 partes
816 4831 963 4896 ecclesiae
981 4830 1142 4896 Romanae
1164 4841 1273 4896 contra
1289 4828 1668 4915 Constantinopolitanam
1684 4823 1871 4890 defenderat

215 4954 415 5019 quaecunque
436 4934 520 4998 enim
542 4934 622 4999 ratio
648 4935 728 4999 inter
749 4934 877 5001 Ennodi
899 4939 939 5022 (p.
955 4938 1019 5001 322
1042 4939 1169 5016 51323)
1197 4946 1227 5000 51
1250 4934 1430 5022 Symmachi
1457 4955 1556 5020 papae
1584 4931 1682 5018 (epist
1708 4928 1871 5008 13Τ11151)

215 5035 369 5099 orationes
399 5047 507 5101 contra
535 5036 749 5123 Eutychianos
780 5037 955 5118 intercedit,
982 5037 1111 5103 alteram
1140 5061 1179 5102 ex
1205 5037 1301 5103 altera
1327 5034 1461 5124 pendere
1483 5035 1559 5100 satis
1588 5044 1637 5098 est
1663 5033 1871 5121 perspicuum.

216 5179 255 5186 —
278 5139 390 5226 Legati
418 5163 451 5203 re
481 5140 594 5205 infecta
619 5140 753 5206 Romam
783 5149 990 5221 reverterunt;
1023 5141 1079 5206 sed
1107 5140 1139 5206 id
1167 5164 1229 5206 uon
1261 5140 1386 5206 Ennodi
1414 5138 1609 5226 neglegentia
1637 5137 1687 5202 vel
1716 5136 1873 5222 imperitia

215 5241 329 5307 sactum
356 5265 424 5308 5555
451 5242 524 5308 iude
552 5245 783 5330 cognoscimus,
810 5244 896 5331 quod
923 5268 994 5310 cum
1017 5246 1086 5310 aliis
1113 5245 1225 5331 legatis
1252 5246 1348 5331 paulo
1375 5252 1449 5329 post
1475 5243 1577 5307 denuo
1603 5240 1644 5306 ad
1666 5240 1870 5306 Anastasium

215 5346 328 5411 missus
355 5355 402 5410 est
429 5345 485 5411 III
516 5347 599 5412 Non.
621 5349 722 5435 April.
745 5349 885 5435 Agapito
912 5349 1040 5414 consule
1061 5350 1081 5413 i.
1101 5372 1126 5413 5.
1149 5373 1231 5414 anno
1254 5352 1326 5417 517.
1370 5370 1448 5434 quas
1477 5347 1509 5410 iu
1537 5368 1585 5411 res
1616 5344 1670 5431 qui
1697 5343 1871 5409 accuratius

215 5449 367 5536 inquirere
391 5451 477 5531 vult,
505 5450 589 5538 legat
610 5452 802 5518 Hormisdae
824 5453 975 5539 epistulas
994 5456 1020 5519 7.
1035 5457 1065 5520 8.
1082 5456 1132 5518 10.
1150 5457 1198 5521 10.
1214 5456 1264 5518 21.
1280 5455 1330 5519 22.
1346 5455 1396 5518 27.
1412 5455 1463 5516 30.
1479 5454 1529 5518 33.
1545 5452 1587 5516 34
1604 5447 1733 5531 (Thiel);
1760 5446 1811 5511 hic
1839 5445 1872 5512 id

214 5551 374 5619 addidisse
400 5555 533 5620 sufficiet
559 5557 640 5621 hanc
666 5580 790 5644 quoque
817 5557 944 5623 alteram
973 5557 1160 5644 legationem
1195 5556 1276 5621 male
1303 5555 1461 5621 cecidisse.
1512 5553 1588 5641 quin
1617 5553 1807 5617 Anastasius
1834 5575 1872 5617 eo

214 5659 366 5743 prooessit
387 5660 565 5747 superbiae,
592 5669 629 5724 ut
650 5661 731 5726 vitae
754 5662 926 5748 legatorum
949 5661 1088 5749 pericula
1110 5661 1243 5726 inferret
1287 5681 1350 5746 qua
1372 5657 1411 5725 de
1433 5657 1618 5744 relegimus
1642 5655 1675 5720 in
1697 5656 1764 5722 vita
1787 5655 1873 5721 Hor-

319 5769 460 5826 Euncmus.
1697 5765 1716 5824 d
