4538 6436
775 362 948 416 LIBELLVS
967 361 1039 415 PRO
1058 361 1213 418 SYNODO.
1783 367 1820 426 61

164 536 341 602 obnoxiam
371 536 491 622 linguis
520 536 658 621 gloriam
688 556 752 600 non
785 535 937 621 requirit,
974 534 1014 600 ad
1043 534 1174 600 laudem
1204 556 1295 600 suam
1325 535 1476 601 iniuriam
1505 535 1609 601 eredit
1638 555 1711 600 esse
1740 535 1825 621 qnod

165 641 321 726 iungitur.
374 639 531 726 respicite
572 639 665 726 quasi
704 639 787 704 libre
826 661 890 725 qua
928 640 1171 726 dispensatione
1206 638 1406 704 venerabilis
1445 659 1618 704 causarum
1652 638 1826 704 trutinator

166 743 362 830 inspexerit,
394 749 431 807 ut
453 764 527 808 cum
549 743 700 830 petitioni
731 748 859 808 vestrae
888 743 1027 807 effectus
1059 743 1182 807 artifex
1210 748 1445 828 praestaretur,
1475 743 1508 806 in
1536 742 1685 808 omnibus
1712 748 1824 807 tamen

167 847 238 911 iura
260 846 488 912 ecclesiastica
515 845 705 912 custodiret.
750 864 835 931 quae
865 842 906 909 ad
937 843 1022 909 hane
1054 845 1314 911 aestimationem
1346 847 1493 933 quamvis
1526 846 1674 911 acutiora
1704 845 1824 911 ceteris
1836 846 1877 910 87

98 973 110 1009 a
167 948 267 1014 corda
294 950 480 1016 sufficient?
525 971 590 1016 uno
626 957 787 1036 tempore,
824 969 890 1014 una
924 948 1098 1035 scriptione
1127 950 1198 1015 sine
1230 951 1406 1036 aequitatis
1436 949 1631 1015 detrimento
1661 948 1826 1015 desideria

70 1074 91 1116 s·
106 1067 147 1108 ιιι
167 1060 279 1118 vestra
306 1055 508 1141 supplentur,
539 1060 573 1119 et
602 1054 719 1118 eadem
742 1058 835 1117 carta
857 1051 898 1116 ad
921 1052 1137 1116 ministerium
1160 1052 1330 1137 religionis
1353 1059 1386 1118 et
1408 1060 1555 1119 vestrum
1577 1053 1762 1118 destinatur
1784 1052 1826 1116 ad

166 1156 331 1242 gaudium.
382 1157 459 1223 boni
494 1159 580 1223 enim
617 1156 773 1244 principis
807 1155 969 1242 praevidit
1002 1155 1183 1242 inquisitio,
1223 1157 1375 1224 servilem
1410 1157 1630 1224 adsertionem
1661 1156 1826 1222 innocenti

166 1262 319 1327 examine
342 1283 408 1327 non
431 1262 644 1349 probandam.
690 1261 723 1326 in
753 1261 915 1326 electione
944 1260 1033 1325 bnim
1060 1258 1321 1326 venerandorum
1353 1260 1497 1326 iudicum
1527 1262 1598 1347 ipsc
1630 1265 1824 1326 accusantes

166 1373 261 1430 extra
284 1365 432 1432 ordinem
456 1366 609 1453 reppulit,
633 1365 705 1451 ipse
729 1363 769 1428 od
794 1385 886 1450 apem
910 1364 1023 1428 retulit
1046 1370 1245 1430 accusatum.

84 1497 112 1534 ro
274 1468 453 1534 Videamus
482 1476 608 1546 tamen,
647 1469 712 1534 ista
742 1468 770 1533 si
796 1469 885 1534 facta
914 1474 1005 1548 sunt,
1040 1468 1067 1533 si
1095 1467 1147 1532 dei
1176 1467 1299 1532 inimici
1326 1468 1425 1534 etiam
1454 1467 1576 1535 terreni
1607 1467 1729 1532 domini
1757 1487 1823 1532 non
1836 1467 1877 1532 88

166 1571 284 1654 fuistis,
304 1571 386 1639 'dnm
403 1572 570 1638 Christum
595 1579 629 1638 et
652 1594 765 1658 regem
788 1572 884 1658 parili
908 1571 1094 1636 temeritate
1118 1570 1286 1658 despicitis
1310 1577 1344 1637 et
1366 1593 1451 1636 unns
1466 1571 1561 1637 vobis
1585 1571 1627 1636 ad
1649 1577 1822 1657 utramque

166 1679 398 1744 eontumeham
427 1678 545 1744 duetus
577 1684 629 1744 est
656 1678 838 1745 eriminum.
883 1678 1067 1744 destinatus
1097 1678 1236 1742 antistes
1264 1677 1305 1742 ab
1333 1676 1406 1762 ipsc
1435 1676 1639 1763 conplendas
1668 1675 1824 1742 iussionis

167 1781 307 1847 confinio
336 1783 402 1847 oris
429 1782 531 1847 vestri
562 1780 658 1868 spiris
692 1781 853 1868 abripitur
883 1790 917 1848 ct
945 1781 986 1847 ad
1018 1783 1221 1848 incentivum
1254 1781 1456 1846 confusionis
1491 1786 1632 1868 aptatur,
1665 1781 1720 1866 qui
1749 1779 1823 1866 paci

167 1883 365 1950 militaturus
394 1884 583 1952 advenerat.
633 1885 747 1951 invisis
781 1886 870 1952 beati
908 1887 1050 1973 apostoli
1082 1885 1250 1951 liminibus
1281 1883 1322 1950 ad
1353 1905 1449 1950 usum
1479 1885 1599 1951 furoris
1629 1884 1730 1950 vestri
1758 1883 1823 1949 iam
1834 1887 1877 1952 89

98 2017 110 2052 a
164 1988 297 2054 nescius
326 1990 376 2054 sui
406 1989 595 2070 advocatur,
627 1997 660 2056 et
690 1989 785 2066 illud,
819 1988 906 2075 quod
935 2009 978 2054 ex
1006 1989 1158 2054 omnibus
1181 1988 1269 2054 orbis
1293 1987 1480 2054 cardinibus
1508 1988 1645 2054 devotos
1668 1985 1822 2066 adtrahit,

163 2091 306 2177 positum
321 2093 355 2157 in
370 2093 540 2160 vicinitate
554 2094 723 2160 transitur.
759 2093 975 2159 ecclesiarum
990 2092 1237 2158 fundamentum
1253 2092 1343 2160 adire
1361 2114 1426 2157 non
1443 2093 1641 2179 permittitur
1656 2097 1822 2157 structura

164 2193 345 2263 mediocris.
384 2203 461 2262 tunc
485 2219 578 2285 spem
601 2197 762 2263 bonorum
785 2197 949 2263 fruetuum
972 2196 1116 2283 perdidit
1138 2195 1286 2262 aradiec
1311 2202 1493 2283 separatus.
1532 2195 1648 2262 dicatis
1671 2195 1820 2276 forsitan,
1834 2197 1875 2260 90

163 2298 304 2383 apostoli
332 2300 430 2384 genio
462 2299 612 2387 decerpi,
646 2302 674 2366 si
697 2308 831 2388 putatur
859 2302 942 2366 caeli
964 2301 1046 2366 civis
1069 2307 1230 2365 terrarum
1254 2300 1337 2365 locis
1362 2299 1494 2365 includi.
1540 2308 1649 2367 tamen
1672 2299 1821 2385 quamvis

164 2400 350 2468 benedictio
373 2403 587 2490 poscentibus
611 2404 734 2492 ubique
755 2411 943 2491 praestetur
958 2411 991 2470 et
1007 2404 1121 2490 exigat
1136 2405 1358 2492 praesentiam
1374 2405 1525 2492 martyris
1541 2404 1623 2470 tides
1640 2411 1673 2470 et
1688 2403 1821 2470 devotio

81 2531 110 2571 so
164 2506 389 2592 supplicantis,
412 2508 528 2594 negari
544 2529 610 2574 non
627 2515 748 2596 potest,
771 2509 965 2595 diligentiae
989 2509 1092 2574 natali
1116 2508 1186 2573 solo
1209 2509 1283 2595 plus
1306 2508 1405 2573 tribui
1430 2514 1464 2575 et
1486 2508 1644 2574 maiorem
1667 2508 1821 2573 affectum
1931 2505 1939 2524 ‘

163 2608 237 2674 loos
266 2611 459 2697 impetrare,
491 2612 533 2678 de
563 2612 680 2699 quibus
712 2612 752 2677 ad
783 2633 926 2700 superna
948 2613 1115 2678 transitur.
1162 2633 1259 2697 quarn
1282 2611 1380 2677 fidem
1403 2611 1593 2698 allegationi
1617 2611 1821 2676 curationum

66 2737 144 2788 aare
163 2713 334 2780 multitudo
358 2716 422 2781 iam
445 2717 630 2802 praestitit?
675 2724 708 2782 et
730 2717 851 2782 utimur
874 2723 949 2804 poet
972 2715 1178 2782 obsidionem
1209 2714 1407 2781 diabolicam
1433 2715 1574 2781 testibus
1597 2715 1662 2780 iam
1685 2715 1821 2781 sanatis.

163 2815 247 2884 haec
270 2819 348 2885 licet
370 2841 430 2908 per
452 2819 692 2908 redemptorem
719 2827 866 2886 nostrum
889 2822 922 2886 in
946 2828 1014 2887 tote
1042 2821 1121 2886 orbe
1145 2821 1363 2900 celebrentur,
1393 2826 1578 2887 esttamen
1601 2840 1667 2886 non
1691 2819 1820 2885 modica
1832 2815 1866 2878 91

53 2993 64 3008 .
162 2925 365 2990 monumenti
387 2925 477 2991 illius
499 2946 559 3012 per
588 2925 806 3011 frequentiam
837 2931 1014 3012 conparata
1047 2925 1220 3004 nobilitas,
1252 2925 1328 3010 quia
1360 2946 1420 3012 per
1448 2945 1539 3004 eum,
1573 2924 1628 3010 qni
1655 2923 1821 2988 hominem

97 3052 108 3086 ,ι
164 3027 301 3091 mutavit
323 3027 356 3093 in
380 3029 549 3115 angelum,
581 3029 748 3094 inlustrari
779 3030 887 3117 potuit
908 3035 1025 3095 natura
1049 3029 1187 3096 telluris.
1232 3029 1318 3094 hano
1340 3028 1502 3094 visitatori
1525 3035 1635 3094 vestro
1659 3026 1821 3092 invidistis

161 3130 316 3216 gratiam,
349 3132 567 3197 aestimantes
591 3132 668 3218 quia
691 3153 838 3198 errorum
861 3140 1046 3198 vestrorum
1070 3140 1214 3198 sectator
1237 3154 1313 3198 esse
1336 3131 1532 3213 desisteret,
1563 3131 1591 3198 si
1617 3129 1820 3197 reverendae

160 3234 323 3320 passionis
353 3235 536 3322 penetralia
566 3235 769 3322 contigisset.
800 3276 841 3286 -
873 3258 951 3302 eece
981 3258 1046 3302 non
1074 3236 1204 3302 habetis
1233 3238 1266 3302 in
1290 3237 1382 3323 regia
1404 3236 1598 3302 auctoritate
1622 3235 1821 3310 subsidium

160 3357 239 3403 eece
272 3344 348 3425 post
383 3339 563 3406 caelestem
601 3341 855 3407 commotionem
890 3342 976 3406 iuste
1006 3362 1063 3406 vos
1096 3347 1130 3406 et
1163 3339 1369 3428 principalis,
1405 3360 1503 3426 quam
1538 3340 1651 3426 sperni
1684 3339 1821 3421 fecistis,

162 3461 302 3508 censura
323 3443 487 3530 percellit.

269 3545 450 3612 Videamus
485 3547 514 3612 si
550 3553 703 3634 superest
735 3547 846 3634 aliqua
878 3546 919 3613 de
955 3546 1098 3633 regulari
1139 3547 1364 3634 propositione
1398 3546 1558 3616 defensio.
1610 3544 1820 3614 ‘visitatores’
1834 3538 1875 3601 9²

159 3648 314 3734 inquiunt
337 3653 382 3716 ‘ct
404 3651 479 3716 aliis
503 3651 667 3737 episeopis
692 3651 763 3738 ipse
787 3649 892 3732 dedit,
916 3657 950 3716 et
972 3650 1096 3716 iustum
1120 3656 1180 3732 est,
1203 3656 1240 3715 ut
1263 3649 1342 3714 faeti
1365 3650 1415 3715 aui
1438 3651 1513 3736 lege
1537 3649 1711 3718 teneatur’.
1756 3670 1821 3716 non

158 3773 217 3818 vos
240 3753 274 3818 in
297 3753 360 3819 hoe
384 3754 482 3820 titulo
507 3754 661 3820 falsitatis
685 3755 831 3836 incesso,
859 3753 917 3819 diu
947 3754 1127 3824 mendaciis
1151 3752 1365 3820 adhaerentia
1387 3754 1491 3820 verba
1511 3776 1577 3819 non
1600 3775 1717 3840 arguo:
1748 3753 1821 3819 dieo

159 3862 280 3932 tamen,
304 3858 443 3924 latorem
465 3859 545 3923 iuris
572 3857 772 3926 definitionis
797 3880 887 3940 suae,
910 3858 976 3923 nisi
991 3857 1081 3936 velit,
1105 3857 1253 3923 terminis
1277 3877 1342 3922 non
1366 3857 1499 3942 includi,
1523 3865 1557 3924 et
1580 3857 1643 3924 nisi
1666 3858 1822 3945 princeps

161 3960 284 4048 fastigii
308 3983 436 4027 summa
458 3963 662 4046 moderetur,
685 3963 805 4028 frustra
829 3963 870 4027 ad
894 3961 975 4026 illud
998 3960 1086 4048 quod
1109 3960 1238 4027 dederit
1260 3961 1311 4026 ius
1327 3967 1470 4028 vocatur.
1508 3963 1566 4027 lex
1587 3961 1764 4049 probitatis
1788 3953 1875 4028 et93

94 4087 106 4124 a
163 4066 281 4131 mentis
305 4073 367 4147 est,
391 4087 474 4152 quae
497 4066 664 4134 hominem
688 4068 855 4132 viventem
879 4067 949 4132 sine
973 4066 1048 4151 lege
1072 4065 1223 4151 castigat.
1260 4065 1392 4153 proprie
1415 4065 1561 4132 moribus
1584 4065 1743 4153 inpendit,
1766 4067 1821 4154 qui

159 4170 351 4236 necessitati
378 4191 443 4236 non
475 4170 576 4236 debet
598 4170 817 4257 disciplinam.
863 4171 1001 4236 aliorum
1032 4169 1117 4235 forte
1147 4168 1316 4234 hominum
1345 4190 1462 4235 causas
1489 4168 1571 4236 deus
1594 4170 1734 4236 voluerit
1763 4191 1823 4257 per

1833 4259 1886 4302 [sid.
1897 4258 1963 4302 Alex.

160 4272 309 4339 homines
339 4275 534 4354 terminare,
574 4274 663 4340 sedis
692 4275 787 4340 istius
821 4274 1010 4361 praesulum
1043 4293 1102 4337 suo
1135 4273 1207 4340 sine
1237 4273 1430 4359 quaestione
1462 4273 1644 4340 reservavit
1672 4273 1819 4342 arbitrio.
1852 4322 1887 4366 0„
1902 4310 1945 4366 g„

159 4377 263 4444 soluit
282 4377 372 4443 beati
389 4377 480 4444 Petri
496 4378 640 4465 apostoli
663 4399 874 4445 successores
899 4378 991 4443 eaelo
1015 4383 1143 4442 tantum
1167 4375 1290 4442 dehere
1314 4377 1535 4443 innocentiam
1559 4383 1593 4443 et
1616 4376 1820 4443 subtilissimi

159 4478 354 4547 discussoris
371 4481 529 4567 'indagini
559 4482 749 4548 inviolatam
779 4481 938 4548 exhibere
968 4481 1213 4547 conscientiam.
1257 4481 1360 4546 nolite
1394 4481 1571 4548 aestimare
1602 4501 1659 4546 eas
1691 4481 1818 4547 animas
1832 4472 1872 4535 94

78 4605 108 4644 ιο
160 4583 201 4649 de
225 4584 472 4672 inquisitoribus
496 4607 561 4652 non
585 4585 707 4652 habere
724 4586 943 4668 formidinem,
966 4605 1047 4673 quas
1064 4585 1146 4650 deus
1162 4605 1242 4672 prae
1259 4585 1378 4650 ceteris
1396 4605 1455 4650 suo
1470 4585 1652 4650 reservavit
1667 4584 1821 4650 examini.

64 4722 87 4764 p.
101 4714 141 4754 ae
160 4708 225 4753 non
254 4687 357 4755 habet
384 4689 471 4776 apud
500 4689 593 4756 illum
627 4711 705 4756 reus
728 4689 769 4756 de
799 4691 1009 4777 allegationis
1036 4689 1143 4755 nitore
1172 4688 1369 4766 subsidium,
1402 4688 1533 4776 quando
1561 4689 1634 4776 ipso
1662 4687 1821 4754 factorum

267 5049 280 5102 l
300 4998 591 5120 gloriamhbenerabilis
610 5052 638 5116 V,
662 5053 770 5121 gloriam
797 5049 832 5105 hii
850 5054 1006 5106 uenerabilis
1023 5053 1051 5119 T,
1074 5054 1182 5122 gloriam
1200 5051 1368 5104 munerabilis
1381 5051 1445 5116 AB,
1466 5051 1573 5120 gloriam
1591 5051 1747 5104 uenerabilis
1763 5051 1822 5114 ret,

157 5138 234 5188 uerbo
251 5155 303 5190 non
322 5139 430 5206 requirit
449 5165 479 5176 -
500 5139 689 5207 dispensatione
706 5157 775 5192 unus
792 5139 891 5193 subibat
903 5140 929 5191 Β
994 5142 1108 5208 requiret
1120 5139 1146 5190 B
1206 5137 1336 5208 iniuriam]
1357 5139 1482 5191 incuriam
1494 5137 1591 5192 Horu!
1687 5135 1821 5208 2iugitur

158 5225 276 5290 surpatio.
289 5243 306 5276 n
319 5225 346 5275 Β
406 5226 542 5278 uotinator
554 5226 580 5277 Β
678 5225 695 5279 3
713 5227 827 5295 inpexit
839 5227 898 5278 0Ρὸ
999 5225 1017 5278 4
1035 5227 1193 5278 eclesiastica
1205 5225 1230 5276 Β
1292 5225 1427 5291 sarmatici
1443 5225 1509 5278 raB
1610 5222 1628 5276 5
1645 5225 1776 5277 sufficiant
1788 5223 1822 5288 B,

157 5311 291 5364 sufiiciunt
306 5312 382 5364 ceteri
451 5313 589 5366 scribtione
602 5311 628 5362 B
740 5310 757 5362 6
775 5314 914 5366 destinator
926 5314 952 5365 Β
958 5313 1004 5364 V⁶
1114 5311 1144 5364 11
1164 5313 1288 5381 dispicitia
1300 5311 1326 5363 B
1435 5310 1585 5366 lumentis
1599 5311 1625 5362 Β
1735 5309 1768 5363 13
1785 5312 1822 5364 in·

157 5398 287 5449 cautinum
304 5414 363 5449 esua
380 5397 438 5450 edit.
450 5399 541 5451 const
556 5399 643 5451 Gelon.
656 5400 758 5466 scripsi,
775 5401 932 5453 incentiuam
951 5401 1012 5452 libri
1082 5398 1298 5452 abtaturBVLA
1405 5395 1437 5450 15
1454 5398 1564 5451 deuoms
1577 5396 1603 5447 Β
1671 5397 1824 5451 adtrahetB

158 5481 191 5534 16
208 5483 359 5536 eclesiarum
371 5484 398 5534 Β
470 5487 601 5537 stmetmt
618 5486 753 5538 mediocris
772 5487 890 5553 intellege
907 5487 1039 5552 ecclesias,
1057 5486 1108 5538 aiei
1125 5486 1208 5538 ιιιαιιίι
1225 5485 1333 5537 scribere
1351 5485 1472 5537 mediocri
1594 5481 1627 5535 19
1645 5484 1742 5552 ubique
1760 5485 1823 5552 (quo

157 5587 213 5636 sup.
233 5569 290 5636 lia.)
305 5571 331 5622 Β
455 5567 491 5622 20
508 5589 603 5640 negare
621 5571 720 5622 codices
846 5570 1120 5624 recompensatorem
1136 5569 1178 5620 131
1304 5569 1340 5622 30
1357 5567 1484 5638 superest]
1502 5578 1540 5621 est
1565 5587 1621 5635 erp.
1640 5571 1685 5623 liu.
1703 5571 1765 5622 odd.
1780 5569 1823 5622 Β1

157 5653 191 5706 34
211 5659 305 5724 fastigii
320 5657 365 5720 Pu,
385 5657 479 5708 fastidii
501 5659 584 5720 ceteri,
602 5661 636 5723 cs.
649 5677 676 5724 p.
689 5661 730 5722 63,
747 5661 783 5709 38
887 5657 920 5710 37
939 5659 1082 5727 praesulem
1097 5657 1156 5708 L'Pb
