<?xml version="1.0" encoding="UTF-8"?>
<!DOCTYPE html PUBLIC "-//W3C//DTD XHTML 1.0 Transitional//EN"
    "http://www.w3.org/TR/xhtml1/DTD/xhtml1-transitional.dtd">
<html xmlns="http://www.w3.org/1999/xhtml" xml:lang="en" lang="en">
 <head>
  <title>
</title>
<meta http-equiv="Content-Type" content="text/html;charset=utf-8" />
  <meta name='ocr-system' content='tesseract 3.04.00' />
  <meta name='ocr-capabilities' content='ocr_page ocr_carea ocr_par ocr_line ocrx_word'/>
</head>
<body>
  <div class='ocr_page' id='page_1' title='image "./monumentagerman06mittgoog_0265.png"; bbox 0 0 4596 6450; ppageno 0'>
   <div class='ocr_carea' id='block_1_1' title="bbox 426 321 1619 394">
    <p class='ocr_par' dir='ltr' id='par_1_1' title="bbox 426 321 1619 394">
     <span class='ocr_line' id='line_1_1' title="bbox 426 321 1619 394; baseline -0.013 -2"><span class='ocrx_word' id='word_1_1' title='bbox 426 330 487 392; x_wconf 76' lang='lat'>192</span> <span class='ocrx_word' id='word_1_2' title='bbox 884 323 1017 380; x_wconf 81' lang='lat' dir='ltr'>ccxnm</span> <span class='ocrx_word' id='word_1_3' title='bbox 1035 323 1139 394; x_wconf 85' lang='lat' dir='ltr'>(DICT.</span> <span class='ocrx_word' id='word_1_4' title='bbox 1160 324 1212 391; x_wconf 86' lang='grc'><strong>18),</strong></span> <span class='ocrx_word' id='word_1_5' title='bbox 1230 321 1362 379; x_wconf 77' lang='lat' dir='ltr'>ccxnlv</span> <span class='ocrx_word' id='word_1_6' title='bbox 1381 321 1505 388; x_wconf 78' lang='lat' dir='ltr'>(EPIST.</span> <span class='ocrx_word' id='word_1_7' title='bbox 1522 323 1548 386; x_wconf 85' lang='lat'>5,</span> <span class='ocrx_word' id='word_1_8' title='bbox 1569 322 1619 392; x_wconf 79' lang='lat' dir='ltr'>lv).</span> 
     </span>
    </p>
   </div>
   <div class='ocr_carea' id='block_1_2' title="bbox 369 495 2148 3793">
    <p class='ocr_par' dir='ltr' id='par_1_2' title="bbox 369 495 2148 3793">
     <span class='ocr_line' id='line_1_2' title="bbox 424 495 2076 586; baseline -0.003 -21"><span class='ocrx_word' id='word_1_9' title='bbox 424 500 542 586; x_wconf 92' lang='lat' dir='ltr'>quibus</span> <span class='ocrx_word' id='word_1_10' title='bbox 566 501 598 564; x_wconf 92' lang='lat' dir='ltr'>in</span> <span class='ocrx_word' id='word_1_11' title='bbox 621 501 725 564; x_wconf 89' lang='lat' dir='ltr'>altero</span> <span class='ocrx_word' id='word_1_12' title='bbox 749 503 890 563; x_wconf 89' lang='lat' dir='ltr'>statuam</span> <span class='ocrx_word' id='word_1_13' title='bbox 907 497 1084 563; x_wconf 76' lang='lat' dir='ltr'>contulisti.</span> <span class='ocrx_word' id='word_1_14' title='bbox 1119 519 1256 563; x_wconf 88' lang='lat' dir='ltr'>necesse</span> <span class='ocrx_word' id='word_1_15' title='bbox 1273 503 1333 577; x_wconf 91' lang='lat' dir='ltr'>est,</span> <span class='ocrx_word' id='word_1_16' title='bbox 1357 495 1550 581; x_wconf 79' lang='lat' dir='ltr'>amplissimi</span> <span class='ocrx_word' id='word_1_17' title='bbox 1567 496 1747 576; x_wconf 91' lang='lat' dir='ltr'>hominum,</span> <span class='ocrx_word' id='word_1_18' title='bbox 1769 496 1941 560; x_wconf 90' lang='lat' dir='ltr'>universos</span> <span class='ocrx_word' id='word_1_19' title='bbox 1964 495 2076 560; x_wconf 84' lang='lat' dir='ltr'>fovere</span> 
     </span>
     <span class='ocr_line' id='line_1_3' title="bbox 424 597 2076 690; baseline -0.004 -21"><span class='ocrx_word' id='word_1_20' title='bbox 424 603 510 690; x_wconf 91' lang='lat' dir='ltr'>quod</span> <span class='ocrx_word' id='word_1_21' title='bbox 533 603 663 680; x_wconf 88' lang='lat' dir='ltr'>inerint,</span> <span class='ocrx_word' id='word_1_22' title='bbox 689 623 749 668; x_wconf 91' lang='lat' dir='ltr'>nec</span> <span class='ocrx_word' id='word_1_23' title='bbox 772 603 896 668; x_wconf 82' lang='lat' dir='ltr'>utiliter</span> <span class='ocrx_word' id='word_1_24' title='bbox 917 603 981 666; x_wconf 92' lang='lat' dir='ltr'>nisi</span> <span class='ocrx_word' id='word_1_25' title='bbox 1005 601 1046 666; x_wconf 91' lang='lat' dir='ltr'>ab</span> <span class='ocrx_word' id='word_1_26' title='bbox 1071 600 1252 667; x_wconf 89' lang='lat' dir='ltr'>emendatis</span> <span class='ocrx_word' id='word_1_27' title='bbox 1277 602 1482 685; x_wconf 89' lang='lat' dir='ltr'>corriguntur</span> <span class='ocrx_word' id='word_1_28' title='bbox 1505 620 1671 665; x_wconf 87' lang='lat' dir='ltr'>excessus.</span> <span class='ocrx_word' id='word_1_29' title='bbox 1705 599 1862 686; x_wconf 91' lang='lat' dir='ltr'>prodigus</span> <span class='ocrx_word' id='word_1_30' title='bbox 1885 597 2001 662; x_wconf 86' lang='lat' dir='ltr'>frontis</span> <span class='ocrx_word' id='word_1_31' title='bbox 2017 605 2076 674; x_wconf 89' lang='lat' dir='ltr'>est,</span> 
     </span>
     <span class='ocr_line' id='line_1_4' title="bbox 425 702 2078 793; baseline -0.002 -22"><span class='ocrx_word' id='word_1_32' title='bbox 425 708 479 793; x_wconf 93' lang='lat' dir='ltr'>qui</span> <span class='ocrx_word' id='word_1_33' title='bbox 513 707 696 793; x_wconf 90' lang='lat' dir='ltr'>punitorem</span> <span class='ocrx_word' id='word_1_34' title='bbox 737 705 812 770; x_wconf 89' lang='lat' dir='ltr'>mali</span> <span class='ocrx_word' id='word_1_35' title='bbox 846 706 949 771; x_wconf 89' lang='lat' dir='ltr'>credit</span> <span class='ocrx_word' id='word_1_36' title='bbox 980 705 1161 770; x_wconf 79' lang='lat' dir='ltr'>facinorum</span> <span class='ocrx_word' id='word_1_37' title='bbox 1196 711 1402 771; x_wconf 81' lang='lat' dir='ltr'>sectatorem.</span> <span class='ocrx_word' id='word_1_38' title='bbox 1458 703 1575 768; x_wconf 90' lang='lat' dir='ltr'>iudicis</span> <span class='ocrx_word' id='word_1_39' title='bbox 1609 703 1813 768; x_wconf 91' lang='lat' dir='ltr'>conscientia</span> <span class='ocrx_word' id='word_1_40' title='bbox 1846 702 2078 788; x_wconf 81' lang='lat' dir='ltr'>constringitur</span> 
     </span>
     <span class='ocr_line' id='line_1_5' title="bbox 424 805 2075 895; baseline -0.003 -19"><span class='ocrx_word' id='word_1_41' title='bbox 424 811 621 876; x_wconf 79' lang='lat' dir='ltr'>necessitate</span> <span class='ocrx_word' id='word_1_42' title='bbox 646 811 763 876; x_wconf 86' lang='lat' dir='ltr'>secreti</span> <span class='ocrx_word' id='word_1_43' title='bbox 787 817 820 875; x_wconf 91' lang='lat' dir='ltr'>et</span> <span class='ocrx_word' id='word_1_44' title='bbox 842 831 908 875; x_wconf 90' lang='lat' dir='ltr'>non</span> <span class='ocrx_word' id='word_1_45' title='bbox 931 815 1025 895; x_wconf 89' lang='lat' dir='ltr'>putat</span> <span class='ocrx_word' id='word_1_46' title='bbox 1046 808 1186 874; x_wconf 89' lang='lat' dir='ltr'>liberum</span> <span class='ocrx_word' id='word_1_47' title='bbox 1202 810 1419 874; x_wconf 88' lang='lat' dir='ltr'>condemnare</span> <span class='ocrx_word' id='word_1_48' title='bbox 1442 808 1475 872; x_wconf 93' lang='lat' dir='ltr'>iu</span> <span class='ocrx_word' id='word_1_49' title='bbox 1500 807 1667 887; x_wconf 78' lang='lat' dir='ltr'>subiectis,</span> <span class='ocrx_word' id='word_1_50' title='bbox 1691 805 1777 892; x_wconf 92' lang='lat' dir='ltr'>quod</span> <span class='ocrx_word' id='word_1_51' title='bbox 1799 806 1872 893; x_wconf 91' lang='lat' dir='ltr'>ipsa</span> <span class='ocrx_word' id='word_1_52' title='bbox 1893 827 1958 871; x_wconf 90' lang='lat' dir='ltr'>non</span> <span class='ocrx_word' id='word_1_53' title='bbox 1982 806 2075 871; x_wconf 91' lang='lat' dir='ltr'>dubi-</span> 
     </span>
     <span class='ocr_line' id='line_1_6' title="bbox 391 911 2148 998; baseline -0.002 -20"><span class='ocrx_word' id='word_1_54' title='bbox 391 915 506 978; x_wconf 88' lang='lat' dir='ltr'>6tavit</span> <span class='ocrx_word' id='word_1_55' title='bbox 537 911 720 979; x_wconf 85' lang='lat' dir='ltr'>admittere.</span> <span class='ocrx_word' id='word_1_56' title='bbox 770 914 899 997; x_wconf 88' lang='lat' dir='ltr'>quantis</span> <span class='ocrx_word' id='word_1_57' title='bbox 929 913 1137 978; x_wconf 90' lang='lat' dir='ltr'>successibus</span> <span class='ocrx_word' id='word_1_58' title='bbox 1166 919 1223 978; x_wconf 90' lang='lat' dir='ltr'>aut</span> <span class='ocrx_word' id='word_1_59' title='bbox 1253 934 1349 998; x_wconf 90' lang='lat' dir='ltr'>quam</span> <span class='ocrx_word' id='word_1_60' title='bbox 1376 911 1476 976; x_wconf 88' lang='lat' dir='ltr'>variis</span> <span class='ocrx_word' id='word_1_61' title='bbox 1507 912 1718 977; x_wconf 87' lang='lat' dir='ltr'>incrementis</span> <span class='ocrx_word' id='word_1_62' title='bbox 1748 912 1789 976; x_wconf 91' lang='lat' dir='ltr'>sd</span> <span class='ocrx_word' id='word_1_63' title='bbox 1819 911 1915 990; x_wconf 91' lang='lat' dir='ltr'>haec,</span> <span class='ocrx_word' id='word_1_64' title='bbox 1948 912 2077 978; x_wconf 88' lang='lat' dir='ltr'>sentina</span> <span class='ocrx_word' id='word_1_65' title='bbox 2143 955 2148 967; x_wconf 85' lang='lat'>·</span> 
     </span>
     <span class='ocr_line' id='line_1_7' title="bbox 423 1015 2076 1104; baseline -0.001 -22"><span class='ocrx_word' id='word_1_66' title='bbox 423 1017 611 1098; x_wconf 87' lang='lat' dir='ltr'>criminum,</span> <span class='ocrx_word' id='word_1_67' title='bbox 641 1017 838 1104; x_wconf 86' lang='lat' dir='ltr'>pervenisti,</span> <span class='ocrx_word' id='word_1_68' title='bbox 866 1024 902 1082; x_wconf 92' lang='lat' dir='ltr'>ut</span> <span class='ocrx_word' id='word_1_69' title='bbox 924 1016 984 1082; x_wconf 91' lang='lat' dir='ltr'>tibi</span> <span class='ocrx_word' id='word_1_70' title='bbox 1007 1017 1122 1082; x_wconf 89' lang='lat' dir='ltr'>liceret</span> <span class='ocrx_word' id='word_1_71' title='bbox 1144 1015 1186 1082; x_wconf 91' lang='lat' dir='ltr'>ad</span> <span class='ocrx_word' id='word_1_72' title='bbox 1209 1015 1360 1081; x_wconf 89' lang='lat' dir='ltr'>sublimia</span> <span class='ocrx_word' id='word_1_73' title='bbox 1381 1015 1587 1102; x_wconf 86' lang='lat' dir='ltr'>pervenienti</span> <span class='ocrx_word' id='word_1_74' title='bbox 1610 1015 1642 1079; x_wconf 92' lang='lat' dir='ltr'>in</span> <span class='ocrx_word' id='word_1_75' title='bbox 1667 1022 1792 1080; x_wconf 90' lang='lat' dir='ltr'>tanturn</span> <span class='ocrx_word' id='word_1_76' title='bbox 1816 1037 1972 1102; x_wconf 89' lang='lat' dir='ltr'>peccare,</span> <span class='ocrx_word' id='word_1_77' title='bbox 2004 1035 2076 1080; x_wconf 90' lang='lat' dir='ltr'>cum</span> 
     </span>
     <span class='ocr_line' id='line_1_8' title="bbox 423 1118 2077 1207; baseline -0.002 -22"><span class='ocrx_word' id='word_1_78' title='bbox 423 1122 543 1198; x_wconf 89' lang='lat' dir='ltr'>velles,</span> <span class='ocrx_word' id='word_1_79' title='bbox 574 1127 610 1185; x_wconf 93' lang='lat' dir='ltr'>ut</span> <span class='ocrx_word' id='word_1_80' title='bbox 633 1119 808 1207; x_wconf 90' lang='lat' dir='ltr'>probrosos</span> <span class='ocrx_word' id='word_1_81' title='bbox 838 1119 880 1184; x_wconf 92' lang='lat' dir='ltr'>ad</span> <span class='ocrx_word' id='word_1_82' title='bbox 911 1121 1037 1207; x_wconf 89' lang='lat' dir='ltr'>potiora</span> <span class='ocrx_word' id='word_1_83' title='bbox 1059 1118 1177 1185; x_wconf 77' lang='lat' dir='ltr'>statuis</span> <span class='ocrx_word' id='word_1_84' title='bbox 1200 1119 1378 1184; x_wconf 80' lang='lat' dir='ltr'>invitares?</span> <span class='ocrx_word' id='word_1_85' title='bbox 1413 1125 1449 1184; x_wconf 94' lang='lat' dir='ltr'>tu</span> <span class='ocrx_word' id='word_1_86' title='bbox 1477 1119 1640 1184; x_wconf 81' lang='lat' dir='ltr'>libertatis</span> <span class='ocrx_word' id='word_1_87' title='bbox 1668 1140 1819 1205; x_wconf 89' lang='lat' dir='ltr'>saporem</span> <span class='ocrx_word' id='word_1_88' title='bbox 1847 1119 1924 1184; x_wconf 89' lang='lat' dir='ltr'>felle</span> <span class='ocrx_word' id='word_1_89' title='bbox 1953 1119 2077 1184; x_wconf 89' lang='lat' dir='ltr'>servitii</span> 
     </span>
     <span class='ocr_line' id='line_1_9' title="bbox 423 1221 2076 1310; baseline -0.001 -21"><span class='ocrx_word' id='word_1_90' title='bbox 423 1225 634 1302; x_wconf 89' lang='lat' dir='ltr'>conmutasti,</span> <span class='ocrx_word' id='word_1_91' title='bbox 659 1223 714 1288; x_wconf 89' lang='lat' dir='ltr'>ille</span> <span class='ocrx_word' id='word_1_92' title='bbox 738 1223 896 1308; x_wconf 91' lang='lat' dir='ltr'>obsequia</span> <span class='ocrx_word' id='word_1_93' title='bbox 918 1223 1006 1310; x_wconf 89' lang='lat' dir='ltr'>patri</span> <span class='ocrx_word' id='word_1_94' title='bbox 1027 1223 1140 1289; x_wconf 89' lang='lat' dir='ltr'>debita</span> <span class='ocrx_word' id='word_1_95' title='bbox 1163 1223 1262 1288; x_wconf 88' lang='lat' dir='ltr'>vertit</span> <span class='ocrx_word' id='word_1_96' title='bbox 1289 1222 1331 1287; x_wconf 90' lang='lat' dir='ltr'>ad</span> <span class='ocrx_word' id='word_1_97' title='bbox 1354 1221 1493 1308; x_wconf 83' lang='lat' dir='ltr'>gladios.</span> <span class='ocrx_word' id='word_1_98' title='bbox 1539 1229 1696 1308; x_wconf 89' lang='lat' dir='ltr'>quantum</span> <span class='ocrx_word' id='word_1_99' title='bbox 1719 1221 1882 1288; x_wconf 86' lang='lat' dir='ltr'>laudanda</span> <span class='ocrx_word' id='word_1_100' title='bbox 1905 1223 1970 1287; x_wconf 90' lang='lat' dir='ltr'>sint</span> <span class='ocrx_word' id='word_1_101' title='bbox 1992 1244 2076 1307; x_wconf 88' lang='lat' dir='ltr'>quae</span> 
     </span>
     <span class='ocr_line' id='line_1_10' title="bbox 420 1317 2074 1412; baseline -0.001 -20"><span class='ocrx_word' id='word_1_102' title='bbox 420 1328 564 1394; x_wconf 87' lang='lat' dir='ltr'>laesistis</span> <span class='ocrx_word' id='word_1_103' title='bbox 588 1328 748 1393; x_wconf 88' lang='lat' dir='ltr'>advertite</span> <span class='ocrx_word' id='word_1_104' title='bbox 772 1334 805 1393; x_wconf 88' lang='lat' dir='ltr'>et</span> <span class='ocrx_word' id='word_1_105' title='bbox 827 1327 945 1392; x_wconf 83' lang='lat' dir='ltr'>feriato</span> <span class='ocrx_word' id='word_1_106' title='bbox 970 1349 1025 1392; x_wconf 90' lang='lat' dir='ltr'>ore</span> <span class='ocrx_word' id='word_1_107' title='bbox 1049 1326 1252 1407; x_wconf 89' lang='lat' dir='ltr'>adcusantis,</span> <span class='ocrx_word' id='word_1_108' title='bbox 1284 1325 1362 1412; x_wconf 91' lang='lat' dir='ltr'>quid</span> <span class='ocrx_word' id='word_1_109' title='bbox 1384 1332 1549 1391; x_wconf 88' lang='lat' dir='ltr'>mereatur</span> <span class='ocrx_word' id='word_1_110' title='bbox 1571 1332 1666 1411; x_wconf 89' lang='lat' dir='ltr'>pater</span> <span class='ocrx_word' id='word_1_111' title='bbox 1688 1332 1721 1391; x_wconf 91' lang='lat' dir='ltr'>et</span> <span class='ocrx_word' id='word_1_112' title='bbox 1744 1325 1945 1411; x_wconf 80' lang='lat' dir='ltr'>ingenuitas,</span> <span class='ocrx_word' id='word_1_113' title='bbox 1960 1317 1962 1321; x_wconf 37' lang='lat'><strong>¹</strong></span> <span class='ocrx_word' id='word_1_114' title='bbox 1976 1327 2074 1390; x_wconf 89' lang='lat' dir='ltr'>assti-</span> 
     </span>
     <span class='ocr_line' id='line_1_11' title="bbox 393 1426 2075 1516; baseline 0.001 -22"><span class='ocrx_word' id='word_1_115' title='bbox 393 1433 526 1496; x_wconf 82' lang='lat' dir='ltr'>lmate!</span> <span class='ocrx_word' id='word_1_116' title='bbox 565 1437 601 1495; x_wconf 93' lang='lat' dir='ltr'>tu</span> <span class='ocrx_word' id='word_1_117' title='bbox 617 1431 768 1496; x_wconf 90' lang='lat' dir='ltr'>absoluta</span> <span class='ocrx_word' id='word_1_118' title='bbox 790 1430 874 1495; x_wconf 90' lang='lat' dir='ltr'>colla</span> <span class='ocrx_word' id='word_1_119' title='bbox 897 1430 973 1515; x_wconf 88' lang='lat' dir='ltr'>iugo</span> <span class='ocrx_word' id='word_1_120' title='bbox 995 1429 1197 1494; x_wconf 90' lang='lat' dir='ltr'>miserrimae</span> <span class='ocrx_word' id='word_1_121' title='bbox 1222 1428 1424 1494; x_wconf 91' lang='lat' dir='ltr'>condicionis</span> <span class='ocrx_word' id='word_1_122' title='bbox 1440 1426 1629 1515; x_wconf 88' lang='lat' dir='ltr'>adstringis,</span> <span class='ocrx_word' id='word_1_123' title='bbox 1652 1429 1739 1516; x_wconf 90' lang='lat' dir='ltr'>apud</span> <span class='ocrx_word' id='word_1_124' title='bbox 1761 1430 1852 1495; x_wconf 86' lang='lat' dir='ltr'>illurn</span> <span class='ocrx_word' id='word_1_125' title='bbox 1875 1430 1957 1494; x_wconf 92' lang='lat' dir='ltr'>nihil</span> <span class='ocrx_word' id='word_1_126' title='bbox 1979 1451 2075 1515; x_wconf 90' lang='lat' dir='ltr'>prae·</span> 
     </span>
     <span class='ocr_line' id='line_1_12' title="bbox 423 1531 2076 1619; baseline 0.002 -22"><span class='ocrx_word' id='word_1_127' title='bbox 423 1533 524 1599; x_wconf 89' lang='lat' dir='ltr'>valuit</span> <span class='ocrx_word' id='word_1_128' title='bbox 547 1535 602 1599; x_wconf 83' lang='lat' dir='ltr'>lex</span> <span class='ocrx_word' id='word_1_129' title='bbox 624 1541 771 1600; x_wconf 89' lang='lat' dir='ltr'>naturae.</span> <span class='ocrx_word' id='word_1_130' title='bbox 810 1534 871 1598; x_wconf 89' lang='lat' dir='ltr'>hoc</span> <span class='ocrx_word' id='word_1_131' title='bbox 896 1538 931 1598; x_wconf 93' lang='lat' dir='ltr'>tu</span> <span class='ocrx_word' id='word_1_132' title='bbox 955 1533 1042 1597; x_wconf 90' lang='lat' dir='ltr'>circa</span> <span class='ocrx_word' id='word_1_133' title='bbox 1063 1532 1204 1618; x_wconf 89' lang='lat' dir='ltr'>patriam</span> <span class='ocrx_word' id='word_1_134' title='bbox 1228 1531 1325 1618; x_wconf 88' lang='lat' dir='ltr'>geris,</span> <span class='ocrx_word' id='word_1_135' title='bbox 1350 1531 1436 1616; x_wconf 92' lang='lat' dir='ltr'>quod</span> <span class='ocrx_word' id='word_1_136' title='bbox 1459 1533 1569 1597; x_wconf 92' lang='lat' dir='ltr'>intulit</span> <span class='ocrx_word' id='word_1_137' title='bbox 1590 1533 1642 1598; x_wconf 94' lang='lat' dir='ltr'>hic</span> <span class='ocrx_word' id='word_1_138' title='bbox 1665 1534 1803 1619; x_wconf 90' lang='lat' dir='ltr'>parenti,</span> <span class='ocrx_word' id='word_1_139' title='bbox 1827 1534 1859 1597; x_wconf 93' lang='lat' dir='ltr'>in</span> <span class='ocrx_word' id='word_1_140' title='bbox 1883 1554 1922 1596; x_wconf 92' lang='lat' dir='ltr'>co</span> <span class='ocrx_word' id='word_1_141' title='bbox 1938 1533 2076 1600; x_wconf 84' lang='lat' dir='ltr'>fortasse</span> 
     </span>
     <span class='ocr_line' id='line_1_13' title="bbox 423 1636 2076 1724; baseline -0.001 -22"><span class='ocrx_word' id='word_1_142' title='bbox 423 1639 584 1704; x_wconf 87' lang='lat' dir='ltr'>crudelior</span> <span class='ocrx_word' id='word_1_143' title='bbox 612 1645 647 1703; x_wconf 92' lang='lat' dir='ltr'>tu</span> <span class='ocrx_word' id='word_1_144' title='bbox 675 1638 872 1718; x_wconf 88' lang='lat' dir='ltr'>credendus,</span> <span class='ocrx_word' id='word_1_145' title='bbox 902 1637 987 1724; x_wconf 91' lang='lat' dir='ltr'>quod</span> <span class='ocrx_word' id='word_1_146' title='bbox 1016 1638 1098 1703; x_wconf 89' lang='lat' dir='ltr'>dura</span> <span class='ocrx_word' id='word_1_147' title='bbox 1127 1637 1265 1724; x_wconf 91' lang='lat' dir='ltr'>imperia</span> <span class='ocrx_word' id='word_1_148' title='bbox 1292 1637 1352 1702; x_wconf 93' lang='lat' dir='ltr'>sub</span> <span class='ocrx_word' id='word_1_149' title='bbox 1381 1637 1475 1701; x_wconf 89' lang='lat' dir='ltr'>vitali</span> <span class='ocrx_word' id='word_1_150' title='bbox 1505 1636 1646 1721; x_wconf 88' lang='lat' dir='ltr'>quadam</span> <span class='ocrx_word' id='word_1_151' title='bbox 1678 1642 1782 1702; x_wconf 90' lang='lat' dir='ltr'>morte</span> <span class='ocrx_word' id='word_1_152' title='bbox 1814 1636 1986 1723; x_wconf 83' lang='lat' dir='ltr'>dispensas</span> <span class='ocrx_word' id='word_1_153' title='bbox 2015 1658 2076 1702; x_wconf 90' lang='lat' dir='ltr'>nec</span> 
     </span>
     <span class='ocr_line' id='line_1_14' title="bbox 423 1739 2076 1827; baseline -0.001 -22"><span class='ocrx_word' id='word_1_154' title='bbox 423 1743 505 1824; x_wconf 89' lang='lat' dir='ltr'>illis,</span> <span class='ocrx_word' id='word_1_155' title='bbox 535 1743 651 1827; x_wconf 91' lang='lat' dir='ltr'>quibus</span> <span class='ocrx_word' id='word_1_156' title='bbox 682 1748 731 1806; x_wconf 90' lang='lat' dir='ltr'>cst</span> <span class='ocrx_word' id='word_1_157' title='bbox 761 1739 989 1808; x_wconf 88' lang='lat' dir='ltr'>desiderabilis</span> <span class='ocrx_word' id='word_1_158' title='bbox 1017 1740 1139 1820; x_wconf 89' lang='lat' dir='ltr'>obitus,</span> <span class='ocrx_word' id='word_1_159' title='bbox 1168 1740 1262 1826; x_wconf 91' lang='lat' dir='ltr'>quasi</span> <span class='ocrx_word' id='word_1_160' title='bbox 1289 1739 1418 1806; x_wconf 91' lang='lat' dir='ltr'>medica</span> <span class='ocrx_word' id='word_1_161' title='bbox 1444 1761 1543 1806; x_wconf 91' lang='lat' dir='ltr'>mauu</span> <span class='ocrx_word' id='word_1_162' title='bbox 1565 1747 1714 1827; x_wconf 90' lang='lat' dir='ltr'>praestas</span> <span class='ocrx_word' id='word_1_163' title='bbox 1739 1740 1886 1806; x_wconf 84' lang='lat' dir='ltr'>exitium.</span> <span class='ocrx_word' id='word_1_164' title='bbox 1932 1741 1988 1805; x_wconf 91' lang='lat' dir='ltr'>ille</span> <span class='ocrx_word' id='word_1_165' title='bbox 2011 1762 2076 1806; x_wconf 92' lang='lat' dir='ltr'>non</span> 
     </span>
     <span class='ocr_line' id='line_1_15' title="bbox 390 1843 2074 1933; baseline -0.001 -24"><span class='ocrx_word' id='word_1_166' title='bbox 390 1846 409 1909; x_wconf 87' lang='lat'>8</span> <span class='ocrx_word' id='word_1_167' title='bbox 422 1868 538 1933; x_wconf 91' lang='lat' dir='ltr'>passus</span> <span class='ocrx_word' id='word_1_168' title='bbox 560 1847 742 1930; x_wconf 90' lang='lat' dir='ltr'>genitorem</span> <span class='ocrx_word' id='word_1_169' title='bbox 767 1847 799 1910; x_wconf 93' lang='lat' dir='ltr'>in</span> <span class='ocrx_word' id='word_1_170' title='bbox 823 1843 942 1911; x_wconf 92' lang='lat' dir='ltr'>mundo</span> <span class='ocrx_word' id='word_1_171' title='bbox 966 1845 1143 1910; x_wconf 87' lang='lat' dir='ltr'>subsistere</span> <span class='ocrx_word' id='word_1_172' title='bbox 1173 1844 1298 1930; x_wconf 88' lang='lat' dir='ltr'>pernici</span> <span class='ocrx_word' id='word_1_173' title='bbox 1320 1846 1387 1909; x_wconf 88' lang='lat' dir='ltr'>ictu</span> <span class='ocrx_word' id='word_1_174' title='bbox 1411 1845 1532 1930; x_wconf 88' lang='lat' dir='ltr'>cripuit</span> <span class='ocrx_word' id='word_1_175' title='bbox 1554 1845 1655 1908; x_wconf 87' lang='lat' dir='ltr'>vitam</span> <span class='ocrx_word' id='word_1_176' title='bbox 1678 1844 1761 1908; x_wconf 89' lang='lat' dir='ltr'>lucis</span> <span class='ocrx_word' id='word_1_177' title='bbox 1784 1844 1921 1910; x_wconf 89' lang='lat' dir='ltr'>auctori.</span> <span class='ocrx_word' id='word_1_178' title='bbox 1965 1847 2074 1910; x_wconf 90' lang='lat' dir='ltr'>nescio</span> 
     </span>
     <span class='ocr_line' id='line_1_16' title="bbox 422 1946 2075 2033; baseline 0.001 -20"><span class='ocrx_word' id='word_1_179' title='bbox 422 1970 486 2033; x_wconf 91' lang='lat' dir='ltr'>qua</span> <span class='ocrx_word' id='word_1_180' title='bbox 508 1950 573 2014; x_wconf 91' lang='lat' dir='ltr'>sint</span> <span class='ocrx_word' id='word_1_181' title='bbox 596 1950 767 2014; x_wconf 89' lang='lat' dir='ltr'>criminum</span> <span class='ocrx_word' id='word_1_182' title='bbox 790 1948 980 2014; x_wconf 88' lang='lat' dir='ltr'>diversitate</span> <span class='ocrx_word' id='word_1_183' title='bbox 1004 1947 1150 2032; x_wconf 87' lang='lat' dir='ltr'>discreti:</span> <span class='ocrx_word' id='word_1_184' title='bbox 1180 1947 1327 2026; x_wconf 91' lang='lat' dir='ltr'>interim,</span> <span class='ocrx_word' id='word_1_185' title='bbox 1352 1947 1379 2010; x_wconf 93' lang='lat' dir='ltr'>si</span> <span class='ocrx_word' id='word_1_186' title='bbox 1402 1946 1518 2028; x_wconf 90' lang='lat' dir='ltr'>liceat,</span> <span class='ocrx_word' id='word_1_187' title='bbox 1549 1969 1657 2033; x_wconf 88' lang='lat' dir='ltr'>poena</span> <span class='ocrx_word' id='word_1_188' title='bbox 1679 1948 1835 2032; x_wconf 90' lang='lat' dir='ltr'>iungendi</span> <span class='ocrx_word' id='word_1_189' title='bbox 1859 1954 1944 2013; x_wconf 90' lang='lat' dir='ltr'>sunt.</span> <span class='ocrx_word' id='word_1_190' title='bbox 1991 1949 2019 2012; x_wconf 91' lang='lat' dir='ltr'>si</span> <span class='ocrx_word' id='word_1_191' title='bbox 2042 1956 2075 2014; x_wconf 92' lang='lat' dir='ltr'>te</span> 
     </span>
     <span class='ocr_line' id='line_1_17' title="bbox 423 2050 2076 2138; baseline 0 -22"><span class='ocrx_word' id='word_1_192' title='bbox 423 2053 509 2116; x_wconf 89' lang='lat' dir='ltr'>circs</span> <span class='ocrx_word' id='word_1_193' title='bbox 533 2053 622 2117; x_wconf 90' lang='lat' dir='ltr'>cives</span> <span class='ocrx_word' id='word_1_194' title='bbox 646 2053 783 2117; x_wconf 91' lang='lat' dir='ltr'>alicuius</span> <span class='ocrx_word' id='word_1_195' title='bbox 806 2050 974 2138; x_wconf 89' lang='lat' dir='ltr'>supercilii</span> <span class='ocrx_word' id='word_1_196' title='bbox 997 2057 1105 2114; x_wconf 91' lang='lat' dir='ltr'>tumor</span> <span class='ocrx_word' id='word_1_197' title='bbox 1128 2050 1305 2129; x_wconf 86' lang='lat' dir='ltr'>elevasset,</span> <span class='ocrx_word' id='word_1_198' title='bbox 1336 2070 1427 2114; x_wconf 88' lang='lat' dir='ltr'>reum</span> <span class='ocrx_word' id='word_1_199' title='bbox 1452 2055 1483 2114; x_wconf 91' lang='lat' dir='ltr'>te</span> <span class='ocrx_word' id='word_1_200' title='bbox 1508 2050 1698 2136; x_wconf 85' lang='lat' dir='ltr'>designaret</span> <span class='ocrx_word' id='word_1_201' title='bbox 1718 2053 1810 2118; x_wconf 87' lang='lat' dir='ltr'>laesa</span> <span class='ocrx_word' id='word_1_202' title='bbox 1833 2053 2019 2116; x_wconf 89' lang='lat' dir='ltr'>communio</span> <span class='ocrx_word' id='word_1_203' title='bbox 2043 2061 2076 2117; x_wconf 89' lang='lat' dir='ltr'>et</span> 
     </span>
     <span class='ocr_line' id='line_1_18' title="bbox 422 2152 2075 2241; baseline 0.001 -23"><span class='ocrx_word' id='word_1_204' title='bbox 422 2156 570 2241; x_wconf 84' lang='lat' dir='ltr'>privatae</span> <span class='ocrx_word' id='word_1_205' title='bbox 593 2156 813 2221; x_wconf 89' lang='lat' dir='ltr'>abiuratorem</span> <span class='ocrx_word' id='word_1_206' title='bbox 844 2153 1026 2219; x_wconf 89' lang='lat' dir='ltr'>dulcedinis</span> <span class='ocrx_word' id='word_1_207' title='bbox 1050 2152 1254 2216; x_wconf 89' lang='lat' dir='ltr'>inmoderata</span> <span class='ocrx_word' id='word_1_208' title='bbox 1276 2154 1443 2218; x_wconf 88' lang='lat' dir='ltr'>nuntiaret</span> <span class='ocrx_word' id='word_1_209' title='bbox 1466 2155 1597 2219; x_wconf 91' lang='lat' dir='ltr'>erectio.</span> <span class='ocrx_word' id='word_1_210' title='bbox 1644 2156 1672 2219; x_wconf 93' lang='lat' dir='ltr'>si</span> <span class='ocrx_word' id='word_1_211' title='bbox 1697 2155 1753 2220; x_wconf 87' lang='lat' dir='ltr'>ille</span> <span class='ocrx_word' id='word_1_212' title='bbox 1779 2162 1960 2220; x_wconf 89' lang='lat' dir='ltr'>creatorem</span> <span class='ocrx_word' id='word_1_213' title='bbox 1985 2163 2075 2220; x_wconf 90' lang='lat' dir='ltr'>torvo</span> 
     </span>
     <span class='ocr_line' id='line_1_19' title="bbox 390 2254 2076 2348; baseline 0.001 -26"><span class='ocrx_word' id='word_1_214' title='bbox 390 2254 597 2324; x_wconf 72' lang='lat' dir='ltr'>illustrasset</span> <span class='ocrx_word' id='word_1_215' title='bbox 619 2268 770 2348; x_wconf 90' lang='lat' dir='ltr'>aspectu,</span> <span class='ocrx_word' id='word_1_216' title='bbox 803 2260 953 2344; x_wconf 89' lang='lat' dir='ltr'>genitore</span> <span class='ocrx_word' id='word_1_217' title='bbox 984 2257 1137 2322; x_wconf 89' lang='lat' dir='ltr'>incolumi</span> <span class='ocrx_word' id='word_1_218' title='bbox 1161 2255 1333 2320; x_wconf 86' lang='lat' dir='ltr'>habuisset</span> <span class='ocrx_word' id='word_1_219' title='bbox 1356 2257 1507 2321; x_wconf 90' lang='lat' dir='ltr'>meritum</span> <span class='ocrx_word' id='word_1_220' title='bbox 1529 2257 1721 2342; x_wconf 86' lang='lat' dir='ltr'>parricidae.</span> <span class='ocrx_word' id='word_1_221' title='bbox 1768 2258 1976 2343; x_wconf 86' lang='lat' dir='ltr'>videtequid</span> <span class='ocrx_word' id='word_1_222' title='bbox 2005 2259 2076 2344; x_wconf 93' lang='lat' dir='ltr'>dig-</span> 
     </span>
     <span class='ocr_line' id='line_1_20' title="bbox 421 2360 2075 2449; baseline 0.001 -22"><span class='ocrx_word' id='word_1_223' title='bbox 421 2383 498 2427; x_wconf 91' lang='lat' dir='ltr'>num</span> <span class='ocrx_word' id='word_1_224' title='bbox 521 2363 571 2427; x_wconf 89' lang='lat' dir='ltr'>his</span> <span class='ocrx_word' id='word_1_225' title='bbox 595 2365 647 2446; x_wconf 91' lang='lat' dir='ltr'>sit,</span> <span class='ocrx_word' id='word_1_226' title='bbox 670 2365 724 2449; x_wconf 92' lang='lat' dir='ltr'>qui</span> <span class='ocrx_word' id='word_1_227' title='bbox 749 2363 789 2428; x_wconf 92' lang='lat' dir='ltr'>ad</span> <span class='ocrx_word' id='word_1_228' title='bbox 814 2363 1005 2428; x_wconf 88' lang='lat' dir='ltr'>delictorum</span> <span class='ocrx_word' id='word_1_229' title='bbox 1028 2361 1162 2444; x_wconf 87' lang='lat' dir='ltr'>fastigia</span> <span class='ocrx_word' id='word_1_230' title='bbox 1185 2365 1416 2446; x_wconf 88' lang='lat' dir='ltr'>pervenerunt.</span> <span class='ocrx_word' id='word_1_231' title='bbox 1462 2360 1542 2424; x_wconf 90' lang='lat' dir='ltr'>nihil</span> <span class='ocrx_word' id='word_1_232' title='bbox 1567 2362 1725 2446; x_wconf 88' lang='lat' dir='ltr'>estquod</span> <span class='ocrx_word' id='word_1_233' title='bbox 1750 2363 1914 2428; x_wconf 87' lang='lat' dir='ltr'>residuum</span> <span class='ocrx_word' id='word_1_234' title='bbox 1938 2369 1994 2427; x_wconf 91' lang='lat' dir='ltr'>aut</span> <span class='ocrx_word' id='word_1_235' title='bbox 2017 2363 2075 2428; x_wconf 91' lang='lat' dir='ltr'>ad·</span> 
     </span>
     <span class='ocr_line' id='line_1_21' title="bbox 420 2463 2143 2554; baseline 0.001 -25"><span class='ocrx_word' id='word_1_236' title='bbox 420 2466 510 2531; x_wconf 89' lang='lat' dir='ltr'>flicta</span> <span class='ocrx_word' id='word_1_237' title='bbox 533 2466 645 2532; x_wconf 87' lang='lat' dir='ltr'>credat</span> <span class='ocrx_word' id='word_1_238' title='bbox 670 2468 773 2554; x_wconf 90' lang='lat' dir='ltr'>patria</span> <span class='ocrx_word' id='word_1_239' title='bbox 802 2477 858 2532; x_wconf 90' lang='lat' dir='ltr'>aut</span> <span class='ocrx_word' id='word_1_240' title='bbox 881 2473 975 2554; x_wconf 90' lang='lat' dir='ltr'>pater</span> <span class='ocrx_word' id='word_1_241' title='bbox 997 2465 1172 2530; x_wconf 86' lang='lat' dir='ltr'>extinctus.</span> <span class='ocrx_word' id='word_1_242' title='bbox 1219 2463 1362 2528; x_wconf 86' lang='lat' dir='ltr'>facessat</span> <span class='ocrx_word' id='word_1_243' title='bbox 1391 2485 1411 2528; x_wconf 92' lang='lat' dir='ltr'>a</span> <span class='ocrx_word' id='word_1_244' title='bbox 1440 2465 1549 2546; x_wconf 88' lang='lat' dir='ltr'>nobis,</span> <span class='ocrx_word' id='word_1_245' title='bbox 1581 2466 1745 2552; x_wconf 90' lang='lat' dir='ltr'>principes</span> <span class='ocrx_word' id='word_1_246' title='bbox 1763 2467 1845 2545; x_wconf 87' lang='lat' dir='ltr'>viri,</span> <span class='ocrx_word' id='word_1_247' title='bbox 1873 2469 2075 2552; x_wconf 89' lang='lat' dir='ltr'>argumentis</span> <span class='ocrx_word' id='word_1_248' title='bbox 2130 2487 2143 2524; x_wconf 81' lang='lat'>2</span> 
     </span>
     <span class='ocr_line' id='line_1_22' title="bbox 420 2567 2077 2648; baseline 0.002 -15"><span class='ocrx_word' id='word_1_249' title='bbox 420 2570 575 2635; x_wconf 88' lang='lat' dir='ltr'>acerbare</span> <span class='ocrx_word' id='word_1_250' title='bbox 611 2571 819 2636; x_wconf 88' lang='lat' dir='ltr'>conmissum.</span> <span class='ocrx_word' id='word_1_251' title='bbox 870 2569 1035 2634; x_wconf 85' lang='lat' dir='ltr'>sufficiunt</span> <span class='ocrx_word' id='word_1_252' title='bbox 1062 2568 1150 2632; x_wconf 91' lang='lat' dir='ltr'>nuda</span> <span class='ocrx_word' id='word_1_253' title='bbox 1183 2588 1310 2633; x_wconf 90' lang='lat' dir='ltr'>reorum</span> <span class='ocrx_word' id='word_1_254' title='bbox 1339 2567 1515 2648; x_wconf 87' lang='lat' dir='ltr'>vocabula,</span> <span class='ocrx_word' id='word_1_255' title='bbox 1548 2569 1645 2634; x_wconf 51' lang='lat' dir='ltr'>nullo¹</span> <span class='ocrx_word' id='word_1_256' title='bbox 1670 2570 1869 2636; x_wconf 84' lang='lat' dir='ltr'>defensionis</span> <span class='ocrx_word' id='word_1_257' title='bbox 1900 2573 2077 2637; x_wconf 89' lang='lat' dir='ltr'>munienda</span> 
     </span>
     <span class='ocr_line' id='line_1_23' title="bbox 420 2671 2076 2760; baseline 0.003 -23"><span class='ocrx_word' id='word_1_258' title='bbox 420 2674 602 2760; x_wconf 90' lang='lat' dir='ltr'>privilegio.</span> <span class='ocrx_word' id='word_1_259' title='bbox 647 2674 765 2740; x_wconf 88' lang='lat' dir='ltr'>addam</span> <span class='ocrx_word' id='word_1_260' title='bbox 794 2695 873 2738; x_wconf 90' lang='lat' dir='ltr'>saue</span> <span class='ocrx_word' id='word_1_261' title='bbox 903 2673 1024 2738; x_wconf 90' lang='lat' dir='ltr'>delicto</span> <span class='ocrx_word' id='word_1_262' title='bbox 1054 2671 1210 2759; x_wconf 88' lang='lat' dir='ltr'>quodam,</span> <span class='ocrx_word' id='word_1_263' title='bbox 1242 2692 1326 2759; x_wconf 92' lang='lat' dir='ltr'>quae</span> <span class='ocrx_word' id='word_1_264' title='bbox 1356 2679 1431 2736; x_wconf 91' lang='lat' dir='ltr'>sunt</span> <span class='ocrx_word' id='word_1_265' title='bbox 1459 2674 1632 2758; x_wconf 87' lang='lat' dir='ltr'>praecelsa</span> <span class='ocrx_word' id='word_1_266' title='bbox 1664 2681 1829 2756; x_wconf 89' lang='lat' dir='ltr'>reatuum,</span> <span class='ocrx_word' id='word_1_267' title='bbox 1859 2697 1900 2740; x_wconf 91' lang='lat' dir='ltr'>ne</span> <span class='ocrx_word' id='word_1_268' title='bbox 1928 2676 1996 2741; x_wconf 91' lang='lat' dir='ltr'>ulla</span> <span class='ocrx_word' id='word_1_269' title='bbox 2023 2699 2076 2742; x_wconf 91' lang='lat' dir='ltr'>res</span> 
     </span>
     <span class='ocr_line' id='line_1_24' title="bbox 371 2776 2076 2864; baseline 0.005 -26"><span class='ocrx_word' id='word_1_270' title='bbox 371 2778 410 2838; x_wconf 84' lang='lat'>10</span> <span class='ocrx_word' id='word_1_271' title='bbox 424 2776 575 2842; x_wconf 89' lang='lat' dir='ltr'>videatur</span> <span class='ocrx_word' id='word_1_272' title='bbox 597 2776 638 2843; x_wconf 92' lang='lat' dir='ltr'>de</span> <span class='ocrx_word' id='word_1_273' title='bbox 663 2779 789 2843; x_wconf 87' lang='lat' dir='ltr'>actione</span> <span class='ocrx_word' id='word_1_274' title='bbox 813 2776 996 2854; x_wconf 89' lang='lat' dir='ltr'>subtracta,</span> <span class='ocrx_word' id='word_1_275' title='bbox 1020 2798 1116 2863; x_wconf 88' lang='lat' dir='ltr'>quarn</span> <span class='ocrx_word' id='word_1_276' title='bbox 1140 2777 1333 2861; x_wconf 87' lang='lat' dir='ltr'>sagacibus,</span> <span class='ocrx_word' id='word_1_277' title='bbox 1356 2783 1392 2841; x_wconf 91' lang='lat' dir='ltr'>ut</span> <span class='ocrx_word' id='word_1_278' title='bbox 1415 2777 1569 2858; x_wconf 84' lang='lat' dir='ltr'>aestimo,</span> <span class='ocrx_word' id='word_1_279' title='bbox 1604 2779 1752 2864; x_wconf 89' lang='lat' dir='ltr'>vestigiis</span> <span class='ocrx_word' id='word_1_280' title='bbox 1776 2779 1953 2846; x_wconf 88' lang='lat' dir='ltr'>invenistis.</span> <span class='ocrx_word' id='word_1_281' title='bbox 2007 2803 2076 2846; x_wconf 90' lang='lat' dir='ltr'>am-</span> 
     </span>
     <span class='ocr_line' id='line_1_25' title="bbox 420 2877 2076 2968; baseline 0.004 -26"><span class='ocrx_word' id='word_1_282' title='bbox 420 2878 508 2943; x_wconf 89' lang='lat' dir='ltr'>bitur</span> <span class='ocrx_word' id='word_1_283' title='bbox 530 2878 711 2966; x_wconf 89' lang='lat' dir='ltr'>parricidae</span> <span class='ocrx_word' id='word_1_284' title='bbox 739 2886 849 2945; x_wconf 90' lang='lat' dir='ltr'>statua</span> <span class='ocrx_word' id='word_1_285' title='bbox 876 2877 1009 2944; x_wconf 83' lang='lat' dir='ltr'>fortium</span> <span class='ocrx_word' id='word_1_286' title='bbox 1040 2879 1162 2944; x_wconf 90' lang='lat' dir='ltr'>vallata</span> <span class='ocrx_word' id='word_1_287' title='bbox 1193 2879 1371 2957; x_wconf 88' lang='lat' dir='ltr'>lateribus,</span> <span class='ocrx_word' id='word_1_288' title='bbox 1402 2886 1435 2944; x_wconf 88' lang='lat' dir='ltr'>et</span> <span class='ocrx_word' id='word_1_289' title='bbox 1459 2881 1684 2963; x_wconf 85' lang='lat' dir='ltr'>simulacrum,</span> <span class='ocrx_word' id='word_1_290' title='bbox 1717 2881 1802 2968; x_wconf 90' lang='lat' dir='ltr'>qued</span> <span class='ocrx_word' id='word_1_291' title='bbox 1830 2889 1887 2947; x_wconf 91' lang='lat' dir='ltr'>aut</span> <span class='ocrx_word' id='word_1_292' title='bbox 1914 2885 2076 2950; x_wconf 88' lang='lat' dir='ltr'>litteraria</span> 
     </span>
     <span class='ocr_line' id='line_1_26' title="bbox 421 2982 2136 3072; baseline 0.005 -26"><span class='ocrx_word' id='word_1_293' title='bbox 421 3002 500 3048; x_wconf 91' lang='lat' dir='ltr'>cura</span> <span class='ocrx_word' id='word_1_294' title='bbox 522 2985 651 3069; x_wconf 87' lang='lat' dir='ltr'>peperit</span> <span class='ocrx_word' id='word_1_295' title='bbox 673 2989 729 3048; x_wconf 91' lang='lat' dir='ltr'>aut</span> <span class='ocrx_word' id='word_1_296' title='bbox 752 2984 889 3047; x_wconf 85' lang='lat' dir='ltr'>Martius</span> <span class='ocrx_word' id='word_1_297' title='bbox 913 3003 1048 3068; x_wconf 90' lang='lat' dir='ltr'>campus</span> <span class='ocrx_word' id='word_1_298' title='bbox 1070 2982 1206 3064; x_wconf 88' lang='lat' dir='ltr'>refudit,</span> <span class='ocrx_word' id='word_1_299' title='bbox 1237 2982 1332 3048; x_wconf 92' lang='lat' dir='ltr'>huius</span> <span class='ocrx_word' id='word_1_300' title='bbox 1356 2985 1491 3070; x_wconf 91' lang='lat' dir='ltr'>imagini</span> <span class='ocrx_word' id='word_1_301' title='bbox 1514 2985 1739 3072; x_wconf 88' lang='lat' dir='ltr'>posthabetur.</span> <span class='ocrx_word' id='word_1_302' title='bbox 1784 2986 1921 3068; x_wconf 91' lang='lat' dir='ltr'>duriter,</span> <span class='ocrx_word' id='word_1_303' title='bbox 1953 2989 1980 3052; x_wconf 92' lang='lat' dir='ltr'>si</span> <span class='ocrx_word' id='word_1_304' title='bbox 2002 3010 2074 3054; x_wconf 89' lang='lat' dir='ltr'>cre·</span> <span class='ocrx_word' id='word_1_305' title='bbox 2131 3009 2136 3022; x_wconf 90' lang='lat'><strong>·</strong></span> 
     </span>
     <span class='ocr_line' id='line_1_27' title="bbox 418 3085 2075 3176; baseline 0.005 -26"><span class='ocrx_word' id='word_1_306' title='bbox 418 3085 506 3169; x_wconf 87' lang='lat' dir='ltr'>ditis,</span> <span class='ocrx_word' id='word_1_307' title='bbox 530 3087 640 3152; x_wconf 86' lang='lat' dir='ltr'>ferunt</span> <span class='ocrx_word' id='word_1_308' title='bbox 662 3094 711 3152; x_wconf 91' lang='lat' dir='ltr'>tot</span> <span class='ocrx_word' id='word_1_309' title='bbox 734 3088 840 3153; x_wconf 89' lang='lat' dir='ltr'>evecti</span> <span class='ocrx_word' id='word_1_310' title='bbox 862 3086 964 3151; x_wconf 88' lang='lat' dir='ltr'>titulis</span> <span class='ocrx_word' id='word_1_311' title='bbox 987 3087 1077 3150; x_wconf 89' lang='lat' dir='ltr'>nulla</span> <span class='ocrx_word' id='word_1_312' title='bbox 1100 3108 1135 3153; x_wconf 92' lang='lat' dir='ltr'>se</span> <span class='ocrx_word' id='word_1_313' title='bbox 1159 3087 1200 3150; x_wconf 90' lang='lat' dir='ltr'>ab</span> <span class='ocrx_word' id='word_1_314' title='bbox 1218 3087 1359 3152; x_wconf 87' lang='lat' dir='ltr'>effusore</span> <span class='ocrx_word' id='word_1_315' title='bbox 1382 3089 1511 3174; x_wconf 89' lang='lat' dir='ltr'>paterni</span> <span class='ocrx_word' id='word_1_316' title='bbox 1534 3090 1703 3176; x_wconf 88' lang='lat' dir='ltr'>sanguinis</span> <span class='ocrx_word' id='word_1_317' title='bbox 1721 3090 1935 3158; x_wconf 87' lang='lat' dir='ltr'>retributione</span> <span class='ocrx_word' id='word_1_318' title='bbox 1951 3092 2075 3159; x_wconf 86' lang='lat' dir='ltr'>distare</span> 
     </span>
     <span class='ocr_line' id='line_1_28' title="bbox 418 3189 2075 3278; baseline 0.005 -24"><span class='ocrx_word' id='word_1_319' title='bbox 418 3195 461 3270; x_wconf 93' lang='lat' dir='ltr'>et,</span> <span class='ocrx_word' id='word_1_320' title='bbox 485 3190 513 3254; x_wconf 89' lang='lat' dir='ltr'>si</span> <span class='ocrx_word' id='word_1_321' title='bbox 527 3191 591 3276; x_wconf 74' lang='lat' dir='ltr'>’qui</span> <span class='ocrx_word' id='word_1_322' title='bbox 615 3191 787 3255; x_wconf 90' lang='lat' dir='ltr'>animabus</span> <span class='ocrx_word' id='word_1_323' title='bbox 810 3190 954 3276; x_wconf 88' lang='lat' dir='ltr'>reliquus</span> <span class='ocrx_word' id='word_1_324' title='bbox 976 3191 1069 3275; x_wconf 89' lang='lat' dir='ltr'>vigor</span> <span class='ocrx_word' id='word_1_325' title='bbox 1092 3194 1159 3270; x_wconf 90' lang='lat' dir='ltr'>est,</span> <span class='ocrx_word' id='word_1_326' title='bbox 1182 3189 1305 3255; x_wconf 88' lang='lat' dir='ltr'>deflent</span> <span class='ocrx_word' id='word_1_327' title='bbox 1328 3192 1477 3276; x_wconf 89' lang='lat' dir='ltr'>praemia</span> <span class='ocrx_word' id='word_1_328' title='bbox 1500 3215 1569 3268; x_wconf 89' lang='lat' dir='ltr'>sus,</span> <span class='ocrx_word' id='word_1_329' title='bbox 1593 3214 1677 3278; x_wconf 90' lang='lat' dir='ltr'>quae</span> <span class='ocrx_word' id='word_1_330' title='bbox 1701 3194 1818 3260; x_wconf 92' lang='lat' dir='ltr'>adnisu</span> <span class='ocrx_word' id='word_1_331' title='bbox 1842 3197 1970 3262; x_wconf 90' lang='lat' dir='ltr'>roboris</span> <span class='ocrx_word' id='word_1_332' title='bbox 1994 3221 2075 3264; x_wconf 89' lang='lat' dir='ltr'>exe-</span> 
     </span>
     <span class='ocr_line' id='line_1_29' title="bbox 417 3294 2074 3385; baseline 0.005 -26"><span class='ocrx_word' id='word_1_333' title='bbox 417 3300 545 3379; x_wconf 89' lang='lat' dir='ltr'>gerunt.</span> <span class='ocrx_word' id='word_1_334' title='bbox 591 3295 647 3360; x_wconf 90' lang='lat' dir='ltr'>ubi</span> <span class='ocrx_word' id='word_1_335' title='bbox 671 3295 840 3372; x_wconf 87' lang='lat' dir='ltr'>honestas,</span> <span class='ocrx_word' id='word_1_336' title='bbox 871 3294 928 3358; x_wconf 93' lang='lat' dir='ltr'>ubi</span> <span class='ocrx_word' id='word_1_337' title='bbox 952 3294 1052 3359; x_wconf 91' lang='lat' dir='ltr'>studii</span> <span class='ocrx_word' id='word_1_338' title='bbox 1075 3294 1221 3359; x_wconf 88' lang='lat' dir='ltr'>liberalis</span> <span class='ocrx_word' id='word_1_339' title='bbox 1248 3294 1414 3375; x_wconf 86' lang='lat' dir='ltr'>efficacia,</span> <span class='ocrx_word' id='word_1_340' title='bbox 1445 3297 1501 3361; x_wconf 93' lang='lat' dir='ltr'>ubi</span> <span class='ocrx_word' id='word_1_341' title='bbox 1524 3319 1642 3362; x_wconf 91' lang='lat' dir='ltr'>munus</span> <span class='ocrx_word' id='word_1_342' title='bbox 1666 3320 1725 3385; x_wconf 90' lang='lat' dir='ltr'>pro</span> <span class='ocrx_word' id='word_1_343' title='bbox 1749 3299 1856 3385; x_wconf 89' lang='lat' dir='ltr'>patria</span> <span class='ocrx_word' id='word_1_344' title='bbox 1879 3299 2074 3384; x_wconf 90' lang='lat' dir='ltr'>dimicantis,</span> 
     </span>
     <span class='ocr_line' id='line_1_30' title="bbox 418 3397 2074 3489; baseline 0.005 -28"><span class='ocrx_word' id='word_1_345' title='bbox 418 3397 446 3461; x_wconf 90' lang='lat' dir='ltr'>si</span> <span class='ocrx_word' id='word_1_346' title='bbox 474 3418 589 3463; x_wconf 88' lang='lat' dir='ltr'>aereas</span> <span class='ocrx_word' id='word_1_347' title='bbox 613 3399 733 3463; x_wconf 85' lang='lat' dir='ltr'>formas</span> <span class='ocrx_word' id='word_1_348' title='bbox 762 3398 846 3462; x_wconf 88' lang='lat' dir='ltr'>arcis</span> <span class='ocrx_word' id='word_1_349' title='bbox 873 3419 1048 3484; x_wconf 89' lang='lat' dir='ltr'>possessor</span> <span class='ocrx_word' id='word_1_350' title='bbox 1071 3398 1207 3463; x_wconf 88' lang='lat' dir='ltr'>exbibet</span> <span class='ocrx_word' id='word_1_351' title='bbox 1234 3405 1283 3478; x_wconf 89' lang='lat' dir='ltr'>et,</span> <span class='ocrx_word' id='word_1_352' title='bbox 1314 3401 1370 3485; x_wconf 91' lang='lat' dir='ltr'>qui</span> <span class='ocrx_word' id='word_1_353' title='bbox 1398 3401 1557 3485; x_wconf 88' lang='lat' dir='ltr'>genitoris</span> <span class='ocrx_word' id='word_1_354' title='bbox 1587 3401 1683 3466; x_wconf 87' lang='lat' dir='ltr'>funus</span> <span class='ocrx_word' id='word_1_355' title='bbox 1713 3409 1879 3489; x_wconf 90' lang='lat' dir='ltr'>procurat,</span> <span class='ocrx_word' id='word_1_356' title='bbox 1910 3404 2074 3470; x_wconf 85' lang='lat' dir='ltr'>obtineat?</span> 
     </span>
     <span class='ocr_line' id='line_1_31' title="bbox 369 3502 2074 3591; baseline 0.007 -29"><span class='ocrx_word' id='word_1_357' title='bbox 369 3502 478 3566; x_wconf 88' lang='lat' dir='ltr'>livos</span> <span class='ocrx_word' id='word_1_358' title='bbox 501 3507 626 3567; x_wconf 90' lang='lat' dir='ltr'>tantum</span> <span class='ocrx_word' id='word_1_359' title='bbox 651 3502 749 3586; x_wconf 89' lang='lat' dir='ltr'>digna</span> <span class='ocrx_word' id='word_1_360' title='bbox 779 3503 902 3567; x_wconf 85' lang='lat' dir='ltr'>maritis</span> <span class='ocrx_word' id='word_1_361' title='bbox 931 3503 1087 3568; x_wconf 81' lang='lat' dir='ltr'>exhibete</span> <span class='ocrx_word' id='word_1_362' title='bbox 1112 3509 1290 3582; x_wconf 87' lang='lat' dir='ltr'>tormenta,</span> <span class='ocrx_word' id='word_1_363' title='bbox 1321 3524 1362 3567; x_wconf 92' lang='lat' dir='ltr'>ne</span> <span class='ocrx_word' id='word_1_364' title='bbox 1395 3506 1423 3568; x_wconf 93' lang='lat' dir='ltr'>si</span> <span class='ocrx_word' id='word_1_365' title='bbox 1452 3505 1546 3590; x_wconf 89' lang='lat' dir='ltr'>inpar</span> <span class='ocrx_word' id='word_1_366' title='bbox 1572 3526 1680 3590; x_wconf 88' lang='lat' dir='ltr'>poena</span> <span class='ocrx_word' id='word_1_367' title='bbox 1707 3506 1870 3591; x_wconf 90' lang='lat' dir='ltr'>impetitos</span> <span class='ocrx_word' id='word_1_368' title='bbox 1901 3508 2074 3587; x_wconf 84' lang='lat' dir='ltr'>addixerit,</span> 
     </span>
     <span class='ocr_line' id='line_1_32' title="bbox 419 3604 2075 3698; baseline 0.006 -29"><span class='ocrx_word' id='word_1_369' title='bbox 419 3625 479 3670; x_wconf 89' lang='lat' dir='ltr'>nec</span> <span class='ocrx_word' id='word_1_370' title='bbox 502 3604 594 3671; x_wconf 87' lang='lat' dir='ltr'>vobis</span> <span class='ocrx_word' id='word_1_371' title='bbox 617 3607 779 3672; x_wconf 89' lang='lat' dir='ltr'>debeatur</span> <span class='ocrx_word' id='word_1_372' title='bbox 801 3606 944 3672; x_wconf 90' lang='lat' dir='ltr'>laudatio</span> <span class='ocrx_word' id='word_1_373' title='bbox 968 3607 1093 3672; x_wconf 90' lang='lat' dir='ltr'>directa</span> <span class='ocrx_word' id='word_1_374' title='bbox 1110 3607 1275 3672; x_wconf 88' lang='lat' dir='ltr'>censendi.</span> <span class='ocrx_word' id='word_1_375' title='bbox 1311 3629 1375 3672; x_wconf 92' lang='lat' dir='ltr'>uno</span> <span class='ocrx_word' id='word_1_376' title='bbox 1398 3609 1518 3673; x_wconf 90' lang='lat' dir='ltr'>itinere</span> <span class='ocrx_word' id='word_1_377' title='bbox 1542 3609 1607 3673; x_wconf 84' lang='lat' dir='ltr'>vlts</span> <span class='ocrx_word' id='word_1_378' title='bbox 1631 3610 1806 3695; x_wconf 88' lang='lat' dir='ltr'>pellantur,</span> <span class='ocrx_word' id='word_1_379' title='bbox 1830 3611 1946 3695; x_wconf 90' lang='lat' dir='ltr'>quibus</span> <span class='ocrx_word' id='word_1_380' title='bbox 1969 3634 2075 3698; x_wconf 88' lang='lat' dir='ltr'>paene</span> 
     </span>
     <span class='ocr_line' id='line_1_33' title="bbox 419 3709 908 3793; baseline 0.004 -22"><span class='ocrx_word' id='word_1_381' title='bbox 419 3729 479 3793; x_wconf 89' lang='lat' dir='ltr'>par</span> <span class='ocrx_word' id='word_1_382' title='bbox 502 3709 614 3774; x_wconf 83' lang='lat' dir='ltr'>existit</span> <span class='ocrx_word' id='word_1_383' title='bbox 637 3717 669 3774; x_wconf 93' lang='lat' dir='ltr'>et</span> <span class='ocrx_word' id='word_1_384' title='bbox 693 3732 763 3776; x_wconf 91' lang='lat' dir='ltr'>sors</span> <span class='ocrx_word' id='word_1_385' title='bbox 787 3709 908 3776; x_wconf 88' lang='lat' dir='ltr'>delicti.</span> 
     </span>
    </p>
   </div>
   <div class='ocr_carea' id='block_1_3' title="bbox 1016 3911 1478 4166">
    <p class='ocr_par' dir='ltr' id='par_1_3' title="bbox 1016 3911 1478 4166">
     <span class='ocr_line' id='line_1_34' title="bbox 1028 3911 1461 4000; baseline -0.009 -20"><span class='ocrx_word' id='word_1_386' title='bbox 1028 3911 1194 3980; x_wconf 77' lang='lat' dir='ltr'>ccxnlv</span> <span class='ocrx_word' id='word_1_387' title='bbox 1218 3915 1328 4000; x_wconf 79' lang='lat' dir='ltr'>(nnrsv.</span> <span class='ocrx_word' id='word_1_388' title='bbox 1347 3919 1377 3992; x_wconf 85' lang='lat'>5,</span> <span class='ocrx_word' id='word_1_389' title='bbox 1396 3913 1461 3992; x_wconf 71' lang='lat'>17).</span> 
     </span>
     <span class='ocr_line' id='line_1_35' title="bbox 1016 4090 1478 4166; baseline 0.002 -2"><span class='ocrx_word' id='word_1_390' title='bbox 1016 4091 1195 4166; x_wconf 79' lang='lat' dir='ltr'><strong>AVIENO</strong></span> <span class='ocrx_word' id='word_1_391' title='bbox 1229 4090 1478 4166; x_wconf 82' lang='lat' dir='ltr'>ENNODIVS.</span> 
     </span>
    </p>
   </div>
   <div class='ocr_carea' id='block_1_4' title="bbox 392 4233 2147 4572">
    <p class='ocr_par' dir='ltr' id='par_1_4' title="bbox 392 4233 2147 4572">
     <span class='ocr_line' id='line_1_36' title="bbox 392 4233 2072 4356; baseline 0.007 -31"><span class='ocrx_word' id='word_1_392' title='bbox 392 4259 404 4318; x_wconf 91' lang='lat' dir='ltr'>l</span> <span class='ocrx_word' id='word_1_393' title='bbox 524 4233 638 4328; x_wconf 76' lang='lat' dir='ltr'>‘Bene</span> <span class='ocrx_word' id='word_1_394' title='bbox 663 4265 852 4349; x_wconf 89' lang='lat' dir='ltr'>magnitudo</span> <span class='ocrx_word' id='word_1_395' title='bbox 878 4272 1003 4341; x_wconf 89' lang='lat' dir='ltr'>vestra,</span> <span class='ocrx_word' id='word_1_396' title='bbox 1032 4265 1108 4329; x_wconf 90' lang='lat' dir='ltr'>dum</span> <span class='ocrx_word' id='word_1_397' title='bbox 1132 4266 1248 4352; x_wconf 86' lang='lat' dir='ltr'>origini</span> <span class='ocrx_word' id='word_1_398' title='bbox 1277 4272 1310 4330; x_wconf 89' lang='lat' dir='ltr'>et</span> <span class='ocrx_word' id='word_1_399' title='bbox 1334 4267 1479 4332; x_wconf 84' lang='lat' dir='ltr'>moribus</span> <span class='ocrx_word' id='word_1_400' title='bbox 1505 4276 1653 4354; x_wconf 89' lang='lat' dir='ltr'>praestat</span> <span class='ocrx_word' id='word_1_401' title='bbox 1677 4271 1889 4356; x_wconf 89' lang='lat' dir='ltr'>obsequium,</span> <span class='ocrx_word' id='word_1_402' title='bbox 1919 4273 2072 4338; x_wconf 89' lang='lat' dir='ltr'>emcnda-</span> 
     </span>
     <span class='ocr_line' id='line_1_37' title="bbox 419 4366 2147 4462; baseline 0.004 -33"><span class='ocrx_word' id='word_1_403' title='bbox 419 4367 541 4430; x_wconf 90' lang='lat' dir='ltr'>tiouem</span> <span class='ocrx_word' id='word_1_404' title='bbox 570 4367 640 4431; x_wconf 90' lang='lat' dir='ltr'>sinc</span> <span class='ocrx_word' id='word_1_405' title='bbox 670 4366 840 4432; x_wconf 87' lang='lat' dir='ltr'>intervallo</span> <span class='ocrx_word' id='word_1_406' title='bbox 870 4368 1039 4454; x_wconf 90' lang='lat' dir='ltr'>coniungit</span> <span class='ocrx_word' id='word_1_407' title='bbox 1067 4369 1169 4434; x_wconf 89' lang='lat' dir='ltr'>errori</span> <span class='ocrx_word' id='word_1_408' title='bbox 1198 4375 1230 4434; x_wconf 91' lang='lat' dir='ltr'>et</span> <span class='ocrx_word' id='word_1_409' title='bbox 1262 4369 1348 4455; x_wconf 92' lang='lat' dir='ltr'>quod</span> <span class='ocrx_word' id='word_1_410' title='bbox 1371 4379 1543 4457; x_wconf 91' lang='lat' dir='ltr'>peccatum</span> <span class='ocrx_word' id='word_1_411' title='bbox 1567 4373 1736 4459; x_wconf 88' lang='lat' dir='ltr'>sapienter</span> <span class='ocrx_word' id='word_1_412' title='bbox 1759 4374 1936 4461; x_wconf 89' lang='lat' dir='ltr'>intellegit,</span> <span class='ocrx_word' id='word_1_413' title='bbox 1965 4378 2072 4462; x_wconf 90' lang='lat' dir='ltr'>prius·</span> <span class='ocrx_word' id='word_1_414' title='bbox 2129 4423 2147 4436; x_wconf 86' lang='lat'>..</span> 
     </span>
     <span class='ocr_line' id='line_1_38' title="bbox 419 4469 2073 4572; baseline 0.008 -39"><span class='ocrx_word' id='word_1_415' title='bbox 419 4491 515 4554; x_wconf 92' lang='lat' dir='ltr'>quam</span> <span class='ocrx_word' id='word_1_416' title='bbox 540 4471 644 4535; x_wconf 89' lang='lat' dir='ltr'>altero</span> <span class='ocrx_word' id='word_1_417' title='bbox 668 4469 895 4550; x_wconf 88' lang='lat' dir='ltr'>denuntietur,</span> <span class='ocrx_word' id='word_1_418' title='bbox 919 4473 1047 4538; x_wconf 89' lang='lat' dir='ltr'>avertit.</span> <span class='ocrx_word' id='word_1_419' title='bbox 1092 4474 1165 4558; x_wconf 91' lang='lat' dir='ltr'>quis</span> <span class='ocrx_word' id='word_1_420' title='bbox 1190 4473 1300 4572; x_wconf 88' lang='lat' dir='ltr'>credat</span> <span class='ocrx_word' id='word_1_421' title='bbox 1323 4474 1500 4561; x_wconf 87' lang='lat' dir='ltr'>deliquisse</span> <span class='ocrx_word' id='word_1_422' title='bbox 1530 4477 1563 4540; x_wconf 94' lang='lat' dir='ltr'>in</span> <span class='ocrx_word' id='word_1_423' title='bbox 1587 4478 1788 4544; x_wconf 89' lang='lat' dir='ltr'>correctione</span> <span class='ocrx_word' id='word_1_424' title='bbox 1812 4479 2073 4547; x_wconf 84' lang='lat' dir='ltr'>velocissimum?</span> 
     </span>
    </p>
   </div>
   <div class='ocr_carea' id='block_1_5' title="bbox 420 4603 831 4611">
    <p class='ocr_par' dir='ltr' id='par_1_5' title="bbox 420 4603 831 4611">
     <span class='ocr_line' id='line_1_39' title="bbox 420 4603 831 4611; baseline 0.005 -2"><span class='ocrx_word' id='word_1_425' title='bbox 420 4603 815 4610; x_wconf 72' lang='lat'>--.-——----.-——.-..-.</span> <span class='ocrx_word' id='word_1_426' title='bbox 822 4605 831 4611; x_wconf 78' lang='lat'><strong><em>.</em></strong></span> 
     </span>
    </p>
   </div>
   <div class='ocr_carea' id='block_1_6' title="bbox 417 4677 2077 5711">
    <p class='ocr_par' dir='ltr' id='par_1_6' title="bbox 417 4677 2077 5510">
     <span class='ocr_line' id='line_1_40' title="bbox 524 4677 2076 4754; baseline 0.01 -26"><span class='ocrx_word' id='word_1_427' title='bbox 524 4677 538 4728; x_wconf 94' lang='grc'><strong>1</strong></span> <span class='ocrx_word' id='word_1_428' title='bbox 556 4685 642 4730; x_wconf 88' lang='lat' dir='ltr'>statua</span> <span class='ocrx_word' id='word_1_429' title='bbox 657 4677 702 4729; x_wconf 82' lang='lat' dir='ltr'>VL</span> <span class='ocrx_word' id='word_1_430' title='bbox 788 4682 926 4733; x_wconf 89' lang='lat' dir='ltr'>uniuersus</span> <span class='ocrx_word' id='word_1_431' title='bbox 942 4681 967 4731; x_wconf 93' lang='lat' dir='ltr'><em>B</em></span> <span class='ocrx_word' id='word_1_432' title='bbox 1093 4679 1299 4750; x_wconf 76' lang='lat' dir='ltr'>2correguntur</span> <span class='ocrx_word' id='word_1_433' title='bbox 1314 4683 1341 4733; x_wconf 93' lang='lat' dir='ltr'><em>B</em></span> <span class='ocrx_word' id='word_1_434' title='bbox 1465 4682 1483 4733; x_wconf 92' lang='grc'>4</span> <span class='ocrx_word' id='word_1_435' title='bbox 1500 4684 1686 4754; x_wconf 86' lang='lat' dir='ltr'>condempnare</span> <span class='ocrx_word' id='word_1_436' title='bbox 1699 4687 1756 4737; x_wconf 89' lang='lat' dir='ltr'>BV</span> <span class='ocrx_word' id='word_1_437' title='bbox 1877 4688 1894 4740; x_wconf 82' lang='lat'>5</span> <span class='ocrx_word' id='word_1_438' title='bbox 1912 4692 2076 4744; x_wconf 83' lang='lat' dir='ltr'>successibus</span> 
     </span>
     <span class='ocr_line' id='line_1_41' title="bbox 419 4764 2076 4843; baseline 0.007 -27"><span class='ocrx_word' id='word_1_439' title='bbox 419 4764 509 4829; x_wconf 86' lang='lat' dir='ltr'>(ccsssi</span> <span class='ocrx_word' id='word_1_440' title='bbox 530 4766 559 4816; x_wconf 81' lang='lat' dir='ltr'>iu</span> <span class='ocrx_word' id='word_1_441' title='bbox 575 4765 623 4830; x_wconf 87' lang='lat' dir='ltr'>lit.)</span> <span class='ocrx_word' id='word_1_442' title='bbox 640 4764 666 4815; x_wconf 91' lang='lat' dir='ltr'><em>B</em></span> <span class='ocrx_word' id='word_1_443' title='bbox 798 4764 814 4817; x_wconf 72' lang='grc' dir='ltr'><strong><em>Ἰ</em></strong></span> <span class='ocrx_word' id='word_1_444' title='bbox 837 4768 912 4820; x_wconf 85' lang='lat' dir='ltr'>uallis</span> <span class='ocrx_word' id='word_1_445' title='bbox 929 4768 953 4818; x_wconf 93' lang='grc' dir='ltr'><em>Β</em></span> <span class='ocrx_word' id='word_1_446' title='bbox 1040 4770 1178 4836; x_wconf 88' lang='lat' dir='ltr'>probrosus</span> <span class='ocrx_word' id='word_1_447' title='bbox 1194 4769 1219 4819; x_wconf 98' lang='grc' dir='ltr'><em>Β</em></span> <span class='ocrx_word' id='word_1_448' title='bbox 1348 4769 1366 4822; x_wconf 84' lang='lat'>8</span> <span class='ocrx_word' id='word_1_449' title='bbox 1386 4773 1486 4840; x_wconf 83' lang='lat' dir='ltr'>gladios</span> <span class='ocrx_word' id='word_1_450' title='bbox 1509 4770 1537 4835; x_wconf 91' lang='lat' dir='ltr'>(u</span> <span class='ocrx_word' id='word_1_451' title='bbox 1554 4788 1609 4837; x_wconf 71' lang='lat' dir='ltr'>stup.</span> <span class='ocrx_word' id='word_1_452' title='bbox 1630 4791 1644 4823; x_wconf 93' lang='lat' dir='ltr'>o</span> <span class='ocrx_word' id='word_1_453' title='bbox 1662 4771 1741 4836; x_wconf 84' lang='lat' dir='ltr'>aras.)</span> <span class='ocrx_word' id='word_1_454' title='bbox 1758 4773 1783 4823; x_wconf 93' lang='grc' dir='ltr'><em>Β</em></span> <span class='ocrx_word' id='word_1_455' title='bbox 1869 4774 1932 4843; x_wconf 89' lang='lat' dir='ltr'>sint]</span> <span class='ocrx_word' id='word_1_456' title='bbox 1956 4785 2018 4830; x_wconf 88' lang='lat' dir='ltr'>sunt</span> <span class='ocrx_word' id='word_1_457' title='bbox 2034 4778 2076 4828; x_wconf 78' lang='lat' dir='ltr'>V⁰</span> 
     </span>
     <span class='ocr_line' id='line_1_42' title="bbox 419 4849 2076 4928; baseline 0.01 -27"><span class='ocrx_word' id='word_1_458' title='bbox 419 4849 435 4901; x_wconf 85' lang='lat'>9</span> <span class='ocrx_word' id='word_1_459' title='bbox 453 4852 599 4904; x_wconf 84' lang='lat' dir='ltr'>accusantis</span> <span class='ocrx_word' id='word_1_460' title='bbox 614 4850 638 4901; x_wconf 83' lang='lat' dir='ltr'><em>V</em></span> <span class='ocrx_word' id='word_1_461' title='bbox 703 4862 776 4920; x_wconf 86' lang='lat' dir='ltr'>pater</span> <span class='ocrx_word' id='word_1_462' title='bbox 793 4852 827 4920; x_wconf 87' lang='lat' dir='ltr'>et]</span> <span class='ocrx_word' id='word_1_463' title='bbox 846 4862 946 4922; x_wconf 84' lang='lat' dir='ltr'>patrum</span> <span class='ocrx_word' id='word_1_464' title='bbox 962 4853 1020 4906; x_wconf 78' lang='lat' dir='ltr'>t&#39;i’b</span> <span class='ocrx_word' id='word_1_465' title='bbox 1130 4854 1164 4907; x_wconf 91' lang='grc'>10</span> <span class='ocrx_word' id='word_1_466' title='bbox 1182 4859 1343 4909; x_wconf 87' lang='lat' dir='ltr'>meserrimae</span> <span class='ocrx_word' id='word_1_467' title='bbox 1356 4856 1398 4914; x_wconf 86' lang='lat' dir='ltr'>B¹</span> <span class='ocrx_word' id='word_1_468' title='bbox 1468 4859 1589 4926; x_wconf 84' lang='lat' dir='ltr'>astringis</span> <span class='ocrx_word' id='word_1_469' title='bbox 1606 4860 1630 4908; x_wconf 87' lang='lat' dir='ltr'><em>V</em></span> <span class='ocrx_word' id='word_1_470' title='bbox 1736 4859 1769 4911; x_wconf 78' lang='lat'>14</span> <span class='ocrx_word' id='word_1_471' title='bbox 1786 4862 1885 4928; x_wconf 88' lang='lat' dir='ltr'>eripuet</span> <span class='ocrx_word' id='word_1_472' title='bbox 1896 4862 1922 4913; x_wconf 92' lang='lat' dir='ltr'><em>B</em></span> <span class='ocrx_word' id='word_1_473' title='bbox 1991 4868 2076 4917; x_wconf 83' lang='lat' dir='ltr'>autori</span> 
     </span>
     <span class='ocr_line' id='line_1_43' title="bbox 418 4937 2077 5015; baseline 0.008 -27"><span class='ocrx_word' id='word_1_474' title='bbox 418 4955 473 5004; x_wconf 72' lang='lat' dir='ltr'>asp.</span> <span class='ocrx_word' id='word_1_475' title='bbox 487 4938 532 4989; x_wconf 81' lang='lat' dir='ltr'>lia.</span> <span class='ocrx_word' id='word_1_476' title='bbox 545 4955 560 4989; x_wconf 92' lang='lat' dir='ltr'>c</span> <span class='ocrx_word' id='word_1_477' title='bbox 572 4937 597 4987; x_wconf 93' lang='grc' dir='ltr'><em>Β</em></span> <span class='ocrx_word' id='word_1_478' title='bbox 659 4941 730 4991; x_wconf 85' lang='lat' dir='ltr'>nesci</span> <span class='ocrx_word' id='word_1_479' title='bbox 747 4957 802 5006; x_wconf 79' lang='lat' dir='ltr'>sup.</span> <span class='ocrx_word' id='word_1_480' title='bbox 817 4943 861 4992; x_wconf 84' lang='lat' dir='ltr'>liu.</span> <span class='ocrx_word' id='word_1_481' title='bbox 875 4961 890 4992; x_wconf 87' lang='lat' dir='ltr'>o</span> <span class='ocrx_word' id='word_1_482' title='bbox 907 4939 929 4990; x_wconf 86' lang='lat' dir='ltr'><strong><em>V</em></strong></span> <span class='ocrx_word' id='word_1_483' title='bbox 1032 4940 1064 4992; x_wconf 91' lang='grc'>15</span> <span class='ocrx_word' id='word_1_484' title='bbox 1082 4952 1143 4995; x_wconf 90' lang='lat' dir='ltr'>sunt</span> <span class='ocrx_word' id='word_1_485' title='bbox 1155 4941 1234 4995; x_wconf 81' lang='lat' dir='ltr'>Sirra.</span> <span class='ocrx_word' id='word_1_486' title='bbox 1296 4960 1365 5011; x_wconf 81' lang='lat' dir='ltr'>pana</span> <span class='ocrx_word' id='word_1_487' title='bbox 1376 4961 1432 5010; x_wconf 74' lang='lat' dir='ltr'>srqr.</span> <span class='ocrx_word' id='word_1_488' title='bbox 1446 4945 1491 4996; x_wconf 84' lang='lat' dir='ltr'>lia.</span> <span class='ocrx_word' id='word_1_489' title='bbox 1504 4965 1519 4997; x_wconf 93' lang='lat' dir='ltr'>o</span> <span class='ocrx_word' id='word_1_490' title='bbox 1532 4946 1557 4996; x_wconf 92' lang='lat' dir='ltr'><em>B</em></span> <span class='ocrx_word' id='word_1_491' title='bbox 1663 4945 1694 4997; x_wconf 85' lang='lat'>16</span> <span class='ocrx_word' id='word_1_492' title='bbox 1712 4954 1738 4998; x_wconf 90' lang='lat' dir='ltr'>te</span> <span class='ocrx_word' id='word_1_493' title='bbox 1755 4947 1818 4998; x_wconf 74' lang='lat' dir='ltr'>saus</span> <span class='ocrx_word' id='word_1_494' title='bbox 1835 4948 1912 5014; x_wconf 80' lang='lat' dir='ltr'>spatii</span> <span class='ocrx_word' id='word_1_495' title='bbox 1929 4950 2077 5015; x_wconf 69' lang='lat' dir='ltr'>relinquam</span> 
     </span>
     <span class='ocr_line' id='line_1_44' title="bbox 418 5022 2077 5104; baseline 0.008 -28"><span class='ocrx_word' id='word_1_496' title='bbox 418 5041 465 5076; x_wconf 87' lang='lat' dir='ltr'>om.</span> <span class='ocrx_word' id='word_1_497' title='bbox 480 5023 505 5074; x_wconf 91' lang='lat' dir='ltr'><em>B</em></span> <span class='ocrx_word' id='word_1_498' title='bbox 639 5022 671 5075; x_wconf 85' lang='lat'>17</span> <span class='ocrx_word' id='word_1_499' title='bbox 689 5025 771 5092; x_wconf 87' lang='lat' dir='ltr'>torvo]</span> <span class='ocrx_word' id='word_1_500' title='bbox 791 5028 866 5079; x_wconf 87' lang='lat' dir='ltr'>turbo</span> <span class='ocrx_word' id='word_1_501' title='bbox 879 5025 905 5076; x_wconf 89' lang='lat' dir='ltr'><em>B</em></span> <span class='ocrx_word' id='word_1_502' title='bbox 1043 5026 1075 5079; x_wconf 82' lang='lat'>18</span> <span class='ocrx_word' id='word_1_503' title='bbox 1093 5031 1213 5082; x_wconf 84' lang='lat' dir='ltr'>incolomi</span> <span class='ocrx_word' id='word_1_504' title='bbox 1225 5030 1250 5081; x_wconf 91' lang='grc' dir='ltr'><em>Β</em></span> <span class='ocrx_word' id='word_1_505' title='bbox 1384 5028 1417 5081; x_wconf 85' lang='grc'>19</span> <span class='ocrx_word' id='word_1_506' title='bbox 1435 5034 1530 5084; x_wconf 82' lang='lat' dir='ltr'>afflicta</span> <span class='ocrx_word' id='word_1_507' title='bbox 1546 5033 1570 5084; x_wconf 89' lang='lat' dir='ltr'><strong><em>V</em></strong></span> <span class='ocrx_word' id='word_1_508' title='bbox 1698 5030 1733 5083; x_wconf 82' lang='lat'>‘20</span> <span class='ocrx_word' id='word_1_509' title='bbox 1751 5035 1878 5102; x_wconf 87' lang='lat' dir='ltr'>principes</span> <span class='ocrx_word' id='word_1_510' title='bbox 1889 5033 1931 5086; x_wconf 78' lang='lat'>1³⁹</span> <span class='ocrx_word' id='word_1_511' title='bbox 1947 5045 1971 5089; x_wconf 81' lang='lat' dir='ltr'>et</span> <span class='ocrx_word' id='word_1_512' title='bbox 1987 5036 2077 5104; x_wconf 67' lang='lat' dir='ltr'>Sirra„</span> 
     </span>
     <span class='ocr_line' id='line_1_45' title="bbox 417 5109 2077 5186; baseline 0.008 -24"><span class='ocrx_word' id='word_1_513' title='bbox 417 5112 540 5178; x_wconf 85' lang='lat' dir='ltr'>principis</span> <span class='ocrx_word' id='word_1_514' title='bbox 551 5109 693 5161; x_wconf 83' lang='lat' dir='ltr'><em>BVLTP¹</em></span> <span class='ocrx_word' id='word_1_515' title='bbox 791 5109 823 5164; x_wconf 78' lang='lat'>21</span> <span class='ocrx_word' id='word_1_516' title='bbox 842 5115 949 5166; x_wconf 87' lang='lat' dir='ltr'>acchare</span> <span class='ocrx_word' id='word_1_517' title='bbox 961 5113 1006 5165; x_wconf 71' lang='lat' dir='ltr'>Bc</span> <span class='ocrx_word' id='word_1_518' title='bbox 1103 5114 1137 5166; x_wconf 73' lang='lat'>‘22</span> <span class='ocrx_word' id='word_1_519' title='bbox 1155 5117 1231 5168; x_wconf 84' lang='lat' dir='ltr'>adam</span> <span class='ocrx_word' id='word_1_520' title='bbox 1243 5117 1268 5166; x_wconf 90' lang='lat' dir='ltr'><em>B</em></span> <span class='ocrx_word' id='word_1_521' title='bbox 1331 5118 1426 5170; x_wconf 86' lang='lat' dir='ltr'>delictu</span> <span class='ocrx_word' id='word_1_522' title='bbox 1439 5118 1465 5168; x_wconf 90' lang='lat' dir='ltr'><em>B</em></span> <span class='ocrx_word' id='word_1_523' title='bbox 1527 5121 1650 5186; x_wconf 86' lang='lat' dir='ltr'>quaedam</span> <span class='ocrx_word' id='word_1_524' title='bbox 1669 5120 1736 5172; x_wconf 79' lang='lat' dir='ltr'>TOP</span> <span class='ocrx_word' id='word_1_525' title='bbox 1832 5119 1866 5172; x_wconf 79' lang='lat'>23</span> <span class='ocrx_word' id='word_1_526' title='bbox 1884 5121 1916 5173; x_wconf 87' lang='lat' dir='ltr'>da</span> <span class='ocrx_word' id='word_1_527' title='bbox 1933 5139 1981 5173; x_wconf 86' lang='lat' dir='ltr'>om.</span> <span class='ocrx_word' id='word_1_528' title='bbox 1996 5123 2077 5175; x_wconf 74' lang='lat' dir='ltr'>Siras.</span> 
     </span>
     <span class='ocr_line' id='line_1_46' title="bbox 417 5195 2075 5278; baseline 0.008 -31"><span class='ocrx_word' id='word_1_529' title='bbox 417 5195 451 5248; x_wconf 75' lang='grc'>24</span> <span class='ocrx_word' id='word_1_530' title='bbox 469 5199 578 5250; x_wconf 81' lang='lat' dir='ltr'>literaria</span> <span class='ocrx_word' id='word_1_531' title='bbox 591 5197 669 5249; x_wconf 75' lang='lat' dir='ltr'>Siras.</span> <span class='ocrx_word' id='word_1_532' title='bbox 792 5197 825 5250; x_wconf 76' lang='lat'>25</span> <span class='ocrx_word' id='word_1_533' title='bbox 843 5201 950 5266; x_wconf 83' lang='lat' dir='ltr'>imagini</span> <span class='ocrx_word' id='word_1_534' title='bbox 968 5201 1060 5266; x_wconf 79' lang='lat' dir='ltr'>scripsi</span> <span class='ocrx_word' id='word_1_535' title='bbox 1079 5203 1123 5268; x_wconf 82' lang='lat' dir='ltr'>(cf.</span> <span class='ocrx_word' id='word_1_536' title='bbox 1139 5203 1231 5254; x_wconf 64' lang='lat'><em>0002(</em></span> <span class='ocrx_word' id='word_1_537' title='bbox 1245 5203 1278 5268; x_wconf 80' lang='lat' dir='ltr'>t),</span> <span class='ocrx_word' id='word_1_538' title='bbox 1296 5205 1406 5271; x_wconf 84' lang='lat' dir='ltr'>imagine</span> <span class='ocrx_word' id='word_1_539' title='bbox 1418 5203 1526 5270; x_wconf 73' lang='lat' dir='ltr'>BVOP,</span> <span class='ocrx_word' id='word_1_540' title='bbox 1544 5207 1681 5274; x_wconf 83' lang='lat' dir='ltr'>imaginem</span> <span class='ocrx_word' id='word_1_541' title='bbox 1695 5208 1749 5258; x_wconf 74' lang='grc' dir='ltr'>ΒΤ</span> <span class='ocrx_word' id='word_1_542' title='bbox 1761 5217 1785 5259; x_wconf 86' lang='lat' dir='ltr'>at</span> <span class='ocrx_word' id='word_1_543' title='bbox 1803 5208 1881 5260; x_wconf 77' lang='lat' dir='ltr'>Sim.</span> <span class='ocrx_word' id='word_1_544' title='bbox 1961 5209 2075 5278; x_wconf 82' lang='lat' dir='ltr'>creditis]</span> 
     </span>
     <span class='ocr_line' id='line_1_47' title="bbox 417 5282 2076 5363; baseline 0.01 -29"><span class='ocrx_word' id='word_1_545' title='bbox 417 5283 549 5336; x_wconf 85' lang='lat' dir='ltr'>credentes</span> <span class='ocrx_word' id='word_1_546' title='bbox 560 5283 586 5334; x_wconf 88' lang='grc' dir='ltr'><em>Β</em></span> <span class='ocrx_word' id='word_1_547' title='bbox 672 5282 706 5336; x_wconf 76' lang='lat'>26</span> <span class='ocrx_word' id='word_1_548' title='bbox 724 5286 794 5337; x_wconf 87' lang='lat' dir='ltr'>nulla</span> <span class='ocrx_word' id='word_1_549' title='bbox 812 5287 845 5338; x_wconf 89' lang='lat' dir='ltr'>ab</span> <span class='ocrx_word' id='word_1_550' title='bbox 863 5287 904 5338; x_wconf 87' lang='lat' dir='ltr'>eff.</span> <span class='ocrx_word' id='word_1_551' title='bbox 921 5303 949 5338; x_wconf 85' lang='lat' dir='ltr'>se</span> <span class='ocrx_word' id='word_1_552' title='bbox 961 5285 1080 5339; x_wconf 78' lang='lat' dir='ltr'><em>VLTCP</em></span> <span class='ocrx_word' id='word_1_553' title='bbox 1164 5287 1197 5338; x_wconf 75' lang='lat'>27</span> <span class='ocrx_word' id='word_1_554' title='bbox 1216 5290 1328 5356; x_wconf 87' lang='lat' dir='ltr'>reliquos</span> <span class='ocrx_word' id='word_1_555' title='bbox 1339 5291 1365 5341; x_wconf 93' lang='lat' dir='ltr'><em>B</em></span> <span class='ocrx_word' id='word_1_556' title='bbox 1450 5291 1485 5342; x_wconf 76' lang='lat'>29</span> <span class='ocrx_word' id='word_1_557' title='bbox 1503 5294 1566 5345; x_wconf 87' lang='lat' dir='ltr'>artis</span> <span class='ocrx_word' id='word_1_558' title='bbox 1579 5293 1651 5346; x_wconf 81' lang='lat' dir='ltr'>LOP</span> <span class='ocrx_word' id='word_1_559' title='bbox 1700 5297 1815 5363; x_wconf 88' lang='lat' dir='ltr'>optineat</span> <span class='ocrx_word' id='word_1_560' title='bbox 1829 5293 1887 5358; x_wconf 82' lang='lat' dir='ltr'>Vl.,·</span> <span class='ocrx_word' id='word_1_561' title='bbox 1905 5314 1940 5346; x_wconf 78' lang='lat' dir='ltr'>aa</span> <span class='ocrx_word' id='word_1_562' title='bbox 1958 5297 2076 5351; x_wconf 78' lang='lat' dir='ltr'>obtinet?</span> 
     </span>
     <span class='ocr_line' id='line_1_48' title="bbox 417 5368 2077 5452; baseline 0.009 -31"><span class='ocrx_word' id='word_1_563' title='bbox 417 5368 452 5421; x_wconf 84' lang='lat'>30</span> <span class='ocrx_word' id='word_1_564' title='bbox 469 5388 537 5437; x_wconf 90' lang='lat' dir='ltr'>pona</span> <span class='ocrx_word' id='word_1_565' title='bbox 554 5371 733 5452; x_wconf 69' lang='lat' dir='ltr'>saepiussi}</span> <span class='ocrx_word' id='word_1_566' title='bbox 810 5373 939 5439; x_wconf 84' lang='lat' dir='ltr'>impetitos</span> <span class='ocrx_word' id='word_1_567' title='bbox 953 5373 1021 5437; x_wconf 81' lang='lat' dir='ltr'>cPu,</span> <span class='ocrx_word' id='word_1_568' title='bbox 1041 5375 1172 5441; x_wconf 87' lang='lat' dir='ltr'>impetitus</span> <span class='ocrx_word' id='word_1_569' title='bbox 1183 5373 1291 5425; x_wconf 79' lang='lat' dir='ltr'><em>BVLT</em></span> <span class='ocrx_word' id='word_1_570' title='bbox 1401 5376 1435 5428; x_wconf 77' lang='lat'>32</span> <span class='ocrx_word' id='word_1_571' title='bbox 1453 5381 1540 5432; x_wconf 83' lang='lat' dir='ltr'>existit</span> <span class='ocrx_word' id='word_1_572' title='bbox 1557 5389 1583 5431; x_wconf 87' lang='lat' dir='ltr'>et</span> <span class='ocrx_word' id='word_1_573' title='bbox 1600 5381 1699 5448; x_wconf 79' lang='lat' dir='ltr'>scripsi,</span> <span class='ocrx_word' id='word_1_574' title='bbox 1717 5382 1829 5434; x_wconf 86' lang='lat' dir='ltr'>existitet</span> <span class='ocrx_word' id='word_1_575' title='bbox 1841 5381 1875 5446; x_wconf 82' lang='lat' dir='ltr'>B,</span> <span class='ocrx_word' id='word_1_576' title='bbox 1896 5383 1981 5434; x_wconf 88' lang='lat' dir='ltr'>extitit</span> <span class='ocrx_word' id='word_1_577' title='bbox 1999 5385 2077 5436; x_wconf 72' lang='lat' dir='ltr'>aseri</span> 
     </span>
     <span class='ocr_line' id='line_1_49' title="bbox 417 5455 774 5510; baseline 0.006 -4"><span class='ocrx_word' id='word_1_578' title='bbox 417 5456 490 5508; x_wconf 83' lang='lat' dir='ltr'>sorba</span> <span class='ocrx_word' id='word_1_579' title='bbox 502 5455 543 5506; x_wconf 81' lang='lat'>131</span> <span class='ocrx_word' id='word_1_580' title='bbox 611 5459 699 5510; x_wconf 87' lang='lat' dir='ltr'>dilecti</span> <span class='ocrx_word' id='word_1_581' title='bbox 710 5461 735 5510; x_wconf 79' lang='lat' dir='ltr'>·t‘·</span> <span class='ocrx_word' id='word_1_582' title='bbox 749 5458 774 5508; x_wconf 93' lang='lat' dir='ltr'><em>B</em></span> 
     </span>
    </p>

    <p class='ocr_par' dir='ltr' id='par_1_7' title="bbox 417 5554 2076 5711">
     <span class='ocr_line' id='line_1_50' title="bbox 522 5554 2076 5636; baseline 0.01 -27"><span class='ocrx_word' id='word_1_583' title='bbox 522 5554 668 5627; x_wconf 69' lang='lat' dir='ltr'>[comui]</span> <span class='ocrx_word' id='word_1_584' title='bbox 704 5557 739 5612; x_wconf 83' lang='grc'>33</span> <span class='ocrx_word' id='word_1_585' title='bbox 757 5562 1028 5614; x_wconf 75' lang='grc' dir='ltr'>ΕιιιιοιίἰιιιΑιιίοιιοό</span> <span class='ocrx_word' id='word_1_586' title='bbox 1131 5561 1166 5614; x_wconf 87' lang='grc'>35</span> <span class='ocrx_word' id='word_1_587' title='bbox 1179 5572 1240 5630; x_wconf 82' lang='lat' dir='ltr'>post</span> <span class='ocrx_word' id='word_1_588' title='bbox 1257 5567 1336 5617; x_wconf 88' lang='lat' dir='ltr'>errori</span> <span class='ocrx_word' id='word_1_589' title='bbox 1353 5567 1464 5632; x_wconf 80' lang='lat' dir='ltr'>spatium</span> <span class='ocrx_word' id='word_1_590' title='bbox 1477 5572 1509 5620; x_wconf 77' lang='lat'>12</span> <span class='ocrx_word' id='word_1_591' title='bbox 1526 5570 1572 5620; x_wconf 82' lang='lat' dir='ltr'>litt.</span> <span class='ocrx_word' id='word_1_592' title='bbox 1588 5585 1698 5626; x_wconf 77' lang='lat' dir='ltr'>cucuma</span> <span class='ocrx_word' id='word_1_593' title='bbox 1716 5571 1743 5620; x_wconf 82' lang='lat' dir='ltr'>ia</span> <span class='ocrx_word' id='word_1_594' title='bbox 1756 5569 1781 5620; x_wconf 95' lang='lat' dir='ltr'><em>B</em></span> <span class='ocrx_word' id='word_1_595' title='bbox 1884 5569 1920 5623; x_wconf 84' lang='grc'>36</span> <span class='ocrx_word' id='word_1_596' title='bbox 1937 5575 2076 5636; x_wconf 82' lang='lat' dir='ltr'>auertstB</span> 
     </span>
     <span class='ocr_line' id='line_1_51' title="bbox 417 5643 611 5711; baseline 0.005 -17"><span class='ocrx_word' id='word_1_597' title='bbox 417 5643 574 5711; x_wconf 84' lang='lat' dir='ltr'>delinquisse</span> <span class='ocrx_word' id='word_1_598' title='bbox 585 5645 611 5695; x_wconf 92' lang='lat' dir='ltr'><em>B</em></span> 
     </span>
    </p>
   </div>
   <div class='ocr_carea' id='block_1_7' title="bbox 0 0 2302 6450">
    <p class='ocr_par' dir='ltr' id='par_1_8' title="bbox 0 0 2302 6450">
     <span class='ocr_line' id='line_1_52' title="bbox 0 0 2302 6450; baseline 0 1"><span class='ocrx_word' id='word_1_599' title='bbox 0 0 2302 6450; x_wconf 95' lang='lat' dir='ltr'> </span> 
     </span>
    </p>
   </div>
  </div>
 </body>
</html>
