4566 6532
400 393 464 455 272
938 387 941 398 ·
1050 381 1215 438 ccccxxx
1234 385 1338 454 (orer.
1355 385 1410 454 aa).

400 567 612 628 tractatuum!
648 581 712 625 non
728 581 789 624 nos
810 563 923 622 contra
934 555 1110 622 Aratorem
1127 555 1276 623 dictionis
1291 565 1408 645 pectus
1426 558 1622 644 opponimus
1648 558 1731 644 (sed)
1749 581 1810 624 nec
1827 567 2059 646 erumpentem

399 669 432 730 in
456 667 563 730 lucem
590 663 696 730 laudis
725 662 895 749 palmitem
918 660 1050 726 inimica
1072 660 1157 726 falce
1181 667 1384 742 truncamus,
1417 662 1475 727 sed
1500 683 1596 748 quem
1619 663 1795 729 verborum
1819 663 1937 728 callam
1962 663 2059 748 sequi

399 768 520 835 debeat
542 767 814 846 demonstrantes,
839 764 960 831 scimus
985 765 1018 828 in
1040 765 1096 830 illo
1121 764 1216 830 nobis
1240 765 1371 844 clarius,
1402 766 1430 830 si
1454 787 1529 831 eum
1552 767 1709 853 praeferri
1734 767 1917 854 contigerit,
1940 769 2059 832 trium-

400 872 584 962 phandum,
614 873 691 960 quia
717 870 759 937 de
782 878 895 936 nostro
927 870 1036 936 hausit
1065 869 1217 957 quicquid
1248 869 1312 937 deo
1340 871 1562 959 amplificante
1591 870 1631 936 de
1663 871 1801 936 scientia
1823 893 1920 958 opum
1943 872 2061 957 largus

400 975 564 1044 effuderit.
604 979 606 984 '

757 1042 798 1096 IN
817 1039 964 1096 NOMINE
982 1039 1114 1132 Plutum
1133 1041 1179 1096 ΒΤ
1198 1041 1284 1096 FILII
1302 1042 1349 1098 ΕΤ
1368 1041 1534 1097 SPIRITVS
1553 1041 1694 1098 SANCTI.

1144 1283 1316 1348 ΤΗΕΜΑ.

612 1422 718 1487 leX:
757 1421 808 1488 De
834 1428 931 1509 capta
953 1422 1087 1487 civitate
1111 1421 1253 1486 hostium
1277 1420 1464 1488 sacerdotes
1488 1428 1522 1487 et
1546 1424 1690 1488 vestales
1714 1423 1857 1508 virgines

1069 1524 1164 1589 liberi
1187 1523 1401 1591 dimittantur.
1840 1519 1844 1525 ’

369 1673 389 1734 2
509 1665 591 1730 Post
614 1661 774 1730 secundos
797 1664 908 1729 bellici
933 1663 1120 1728 certaminis
1144 1667 1283 1728 eventus
1305 1662 1391 1727 inter
1413 1663 1596 1749 trIumphos
1621 1669 1655 1728 et
1678 1664 1807 1729 laureas
1826 1664 1911 1729 vires
1934 1665 2062 1730 habere

401 1791 466 1833 non
487 1774 599 1855 potest
621 1768 678 1834 lex
701 1767 742 1832 ad
765 1765 985 1835 resistendum
1009 1767 1146 1831 recitata
1163 1766 1351 1831 victoribus.
1389 1765 1467 1852 quid
1491 1765 1610 1852 gladiis
1634 1788 1694 1853 por
1718 1768 1926 1834 affectionem
1943 1770 2063 1834 mortis

401 1873 544 1957 egimus,
580 1872 609 1937 si
643 1872 705 1936 erit
739 1871 826 1958 quod
861 1877 934 1958 post
968 1871 1093 1957 proelia
1125 1869 1358 1970 formidemus?
1409 1870 1497 1936 iacet
1531 1876 1610 1935 ante
1642 1871 1755 1936 oculos
1786 1893 1875 1936 meos
1905 1872 2064 1957 quicquid

400 1975 561 2042 hactenus
585 1975 773 2040 minabatur
796 1974 1000 2054 exanimum,
1032 1979 1066 2037 et
1087 1979 1256 2059 postquam
1278 1973 1353 2038 fusa
1376 1979 1427 2039 est
1451 1974 1583 2039 inimica
1606 1974 1813 2060 congressio,
1846 1977 1958 2040 neseio
1982 1975 2064 2061 quid

370 2080 496 2146 3nobis
524 2075 677 2145 adferunt
709 2079 937 2146 defunctorum
970 2077 1153 2165 principum
1185 2076 1318 2142 decreta
1349 2079 1494 2144 terroris.
1540 2080 1646 2144 nescit
1676 2079 1835 2164 probatae
1866 2079 2063 2164 qualitatem

402 2183 532 2248 virtutis
563 2180 767 2269 expendere,
800 2183 854 2267 qui
880 2180 921 2245 de
950 2177 1228 2246 cartarum'freno
1252 2182 1398 2267 superbit
1421 2182 1564 2246 armatis.
1609 2182 1824 2268 adquiescant
1846 2183 1919 2250 istis
1942 2183 2063 2248 inertia

402 2287 500 2354 corda
530 2285 711 2373 repagulis:
748 2307 810 2371 ego
842 2282 994 2370 quioquid
1024 2284 1103 2349 mihi
1136 2285 1301 2349 licentiam
1332 2286 1483 2366 tollebat,
1516 2307 1595 2351 ense
1624 2285 1774 2373 dispersi.
1820 2285 1900 2354 illud
1930 2291 2062 2351 tanturn

401 2397 511 2480 potest
534 2391 628 2456 nobis
652 2389 848 2476 quicumque
871 2409 1003 2474 negare,
1027 2387 1115 2474 quod
1138 2389 1305 2466 nolumus;
1328 2390 1421 2454 illum
1444 2395 1617 2455 contentus
1640 2411 1712 2454 sum
1729 2390 1853 2456 habere
1870 2391 2059 2473 terminum,

401 2495 444 2562 ad
467 2494 557 2559 cuius
578 2514 630 2558 me
647 2492 943 2578 transgressionem
958 2489 1123 2557 desideria
1140 2497 1387 2557 convocarunt.
1425 2493 1504 2557 milri
1521 2493 1676 2580 quicquid
1692 2495 1907 2580 praevaluero
1923 2494 2063 2576 habere,

401 2600 457 2663 lex
478 2598 603 2664 tribuit.
642 2597 743 2661 otium
767 2601 801 2660 et
823 2599 902 2680 toga
924 2592 1127 2679 denegantes
1151 2594 1275 2681 aliquid
1296 2595 1419 2661 ferant:
1443 2596 1522 2660 mihi
1545 2603 1650 2662 totum
1673 2605 1792 2662 natura
1806 2597 1945 2685 peperit,
1969 2599 2063 2682 quic·

372 2702 481 2790 lquid
503 2703 536 2767 in
558 2701 729 2788 procinctu
752 2699 949 2765 constitutus
973 2703 1155 2763 extorsero.
1202 2699 1271 2763 sola
1295 2699 1388 2764 nobis
1413 2700 1536 2785 scripta
1558 2700 1631 2764 iura
1660 2707 1749 2782 sunt,
1779 2701 1825 2766 nil
1853 2701 1980 2767 timere.
2028 2708 2063 2767 et

403 2807 486 2872 haec
514 2804 645 2892 quidem
673 2803 805 2868 auribus
834 2801 969 2884 vestris,
1001 2801 1094 2888 quasi
1122 2802 1210 2867 bona
1237 2809 1326 2868 esset
1354 2803 1495 2869 formula
1526 2826 1611 2891 quae
1645 2805 1884 2886 obiectabatur,
1904 2803 2061 2894 adserui.

403 2909 514 2975 nutrix
536 2915 646 2974 tamen
668 2907 812 2970 virorum
835 2905 968 2971 sortium
991 2905 1061 2985 lex,
1085 2904 1207 2970 viudex
1230 2905 1406 2987 libertatis,
1434 2906 1562 2992 patriae
1586 2908 1838 2990 munimentum
1871 2909 1963 2975 iubet
1986 2917 2064 2996 post

404 3018 570 3078 certamen
593 3011 710 3076 heroas
735 3030 811 3074 suos
834 3007 1010 3074 recidivam
1033 3008 1246 3073 intentionem
1271 3008 1395 3075 habere
1415 3008 1456 3075 de
1471 3012 1630 3097 praemio;
1654 3018 1688 3078 et
1703 3013 1807 3098 gestis
1824 3033 1889 3076 non
1905 3018 2062 3080 contenta

401 3115 551 3181 felicibus
574 3113 652 3180 dum
673 3112 758 3178 tollit
780 3110 907 3178 sudoris
931 3111 1084 3198 pretium,
1107 3112 1228 3196 frangit
1252 3110 1361 3178 studia
1383 3111 1569 3178 dimicandi.
1608 3136 1731 3200 ergone
1754 3114 1840 3180 bona
1862 3122 1938 3181 suut
1958 3138 2056 3203 prae-

403 3226 500 3306 cepta
522 3240 617 3304 quae,
641 3237 683 3282 ne
706 3216 784 3282 boni
808 3215 997 3297 efficiamur,
1022 3220 1215 3298 occurrunt?
1239 3236 1323 3301 quae
1347 3237 1421 3280 oum
1444 3216 1585 3282 fructum
1608 3215 1764 3299 adimant,
1788 3216 1867 3282 dant
1885 3218 2056 3284 laborem?
2115 3244 2128 3284 a

372 3329 556 3390 boensores
579 3319 834 3409 prudentissimi,
858 3317 899 3384 de
923 3318 1032 3383 aliena
1053 3338 1114 3382 nos
1138 3318 1296 3384 facultate
1320 3319 1496 3406 castigant.
1535 3319 1692 3406 numquid
1714 3341 1855 3407 aequum
1870 3321 2064 3388 esthabere

341 3503 342 3506 Ἴ
404 3424 619 3493 valitudinem
643 3424 826 3489 sanctiones
849 3420 890 3487 de
915 3426 1053 3486 externo
1076 3421 1147 3486 iure
1172 3423 1395 3509 conscriptas?
1433 3428 1491 3488 aut
1512 3423 1642 3488 ridetur
1665 3425 1784 3490 rationi
1800 3426 1944 3490 ricinum
1968 3448 2064 3513 spem

404 3531 445 3598 de
468 3531 578 3596 lutura
599 3528 809 3616 possessione
832 3525 1046 3613 praecidere?
1085 3525 1162 3610 quid
1184 3525 1278 3590 nobis
1300 3526 1471 3612 religionis
1494 3526 1528 3590 in
1551 3525 1761 3592 sacerdotum
1777 3529 1926 3616 personis
1942 3539 2064 3596 nomen

405 3633 590 3721 opponitis?
636 3630 697 3697 deo
721 3629 815 3710 duce,
838 3649 935 3714 quem
957 3629 990 3692 in
1013 3628 1078 3692 illis
1101 3629 1281 3711 veneraris,
1305 3630 1441 3715 optinui.
1487 3631 1579 3694 cuius
1603 3631 1724 3696 intuitu
1746 3631 1916 3699 desideras
1940 3656 1998 3699 eos
2023 3634 2064 3699 da

405 3738 482 3824 iugo
512 3742 643 3802 nostrae
672 3733 840 3799 servitutis
869 3732 1028 3812 eradere,
1061 3731 1132 3818 ipso
1160 3731 1293 3797 novaris
1316 3733 1421 3797 teneri
1445 3733 1519 3798 illos
1542 3733 1715 3820 inperante
1745 3736 1904 3822 captivos.
1949 3743 2065 3803 contra

406 3861 542 3926 superos
565 3839 680 3904 nititur
702 3838 770 3924 qui,
802 3856 1022 3922 quoscumque
1045 3836 1176 3902 illomm
1199 3836 1363 3901 sententia
1385 3839 1580 3924 prosternit,
1609 3839 1772 3906 extuderit.
1817 3861 1898 3926 quos
1926 3841 2066 3907 festinas

407 3945 551 4031 eripere,
581 3963 788 4030 nequaquam
817 3939 928 4006 effecti
956 3941 1086 4007 fuerant
1115 3939 1298 4022 hominum,
1331 3941 1359 4005 si
1381 3941 1577 4006 meruissent
1598 3943 1738 4008 ministri
1762 3965 1836 4009 esse
1861 3945 2065 4011 caelestium.

374 4049 486 4114 60000
510 4053 619 4113 tecum
643 4043 684 4110 de
706 4064 824 4131 sapore
848 4043 942 4129 legis,
966 4045 1062 4130 quasi
1084 4066 1150 4109 non
1173 4045 1314 4111 habeam
1338 4066 1422 4131 quae
1446 4045 1597 4130 responsi
1621 4048 1693 4112 loco
1718 4047 1859 4113 obiciam
1883 4049 1961 4130 tela,
1984 4071 2065 4114 con-

406 4149 516 4216 tendo.
560 4170 659 4234 quam
681 4135 837 4213 iustitiam
859 4153 956 4233 putas
980 4147 1013 4212 in
1037 4148 1094 4212 illa
1116 4149 1276 4229 iussione,
1307 4169 1407 4234 quae,
1437 4155 1474 4213 ut
1497 4149 1625 4216 hostem
1648 4150 1776 4233 bulciat,
1807 4153 1912 4218 socios
1936 4151 2066 4240 inperia

406 4260 627 4342 propagantes
657 4249 800 4318 addicit?
850 4250 929 4316 tolle
960 4271 1050 4336 spem
1084 4249 1242 4336 praedae,
1278 4251 1380 4316 tulisti
1406 4258 1484 4317 vota
1513 4254 1716 4330 certaminis;
1754 4261 1788 4321 et
1817 4256 1844 4321 si
1872 4255 2067 4323 defrudatur

377 4357 523 4444 'lgenius
552 4355 706 4436 laureati,
737 4351 779 4418 ad
809 4352 1046 4439 paenitentiam
1075 4351 1181 4419 rediet
1202 4354 1355 4440 quicquid
1379 4361 1570 4444 contemptu
1592 4356 1675 4422 lucis
1699 4358 1832 4445 expetii.
1877 4360 2065 4426 lacessata

511 4631 527 4684 1
549 4639 677 4686 mbram
692 4631 719 4683 Β
822 4647 875 4682 000
898 4647 946 4681 oar.
963 4628 1083 4682 VLTOP
1183 4639 1280 4685 comtra
1297 4630 1322 4682 Β
1425 4635 1470 4686 sed
1487 4635 1582 4687 1001000·
1719 4633 1736 4687 3
1759 4636 1855 4688 sumus
1876 4633 1916 4685 T²
1932 4644 1957 4687 et
1975 4635 2067 4702 Sisara,

407 4721 513 4773 sicimue
525 4716 698 4782 BVLT¹0P‚
716 4718 754 4770 sic
765 4717 860 4769 scimus
875 4734 952 4783 prop.
964 4716 1061 4768 Harrei
1123 4717 1182 4769 illos
1194 4716 1220 4768 B
1288 4721 1417 4785 praeferre
1430 4719 1456 4770 Β
1525 4722 1702 4774 tnunlandurn
1714 4720 1740 4772 B
1841 4719 1859 4772 4
1877 4722 1971 4774 nostris
1984 4721 2067 4776 Sim.

407 4807 574 4874 auplificaute
586 4803 612 4854 Β
674 4804 772 4872 largius
785 4801 865 4855 Siren.
969 4801 986 4852 6
1004 4803 1030 4853 10
1049 4804 1151 4855 uomina
1164 4830 1197 4840 —
1209 4805 1290 4856 sancti
1303 4823 1351 4856 om.
1365 4805 1484 4860 VLTOP
1579 4806 1597 4860 8
1614 4809 1645 4860 de
1662 4809 1816 4876 capciuitata
1828 4807 1854 4858 B
1918 4809 2028 4876 uirginis
2040 4809 2068 4861 B

407 4891 593 4945 adimantur
605 4890 630 4942 Β
745 4887 779 4942 10
796 4890 883 4943 bellici
895 4887 977 4960 BT2,¹
997 4891 1058 4943 belli
1076 4891 1151 4943 celeri
1231 4892 1341 4944 trianfm
1353 4891 1379 4942 Β
1501 4891 1532 4944 11
1551 4894 1631 4960 gladii
1641 4893 1667 4944 Β
1787 4891 1820 4945 12
1838 4901 1896 4961 post
1912 4911 1969 4960 arcp.
1982 4895 2028 4946 lira
2040 4894 2068 4946 B

410 4975 443 5030 13
459 4978 608 5030 examinum
620 4977 647 5029 Β
740 4978 825 5029 fissae
836 4976 863 5028 Β
962 4978 1048 5028 amaia
1067 4975 1105 5041 (sc
1122 4978 1150 5028 ia
1167 4976 1215 5044 lit.)
1228 4978 1253 5028 Β
1386 4976 1420 5030 14
1437 4980 1591 5047 principiam
1604 4978 1630 5029 B
1729 4981 1853 5047 qualitsm
1870 4997 1927 5046 cup.
1940 4980 1985 5032 lira
2002 4989 2030 5034 ta
2041 4981 2069 5033 B

409 5063 443 5116 15
460 5064 647 5130 adquieecarrtis
664 5064 757 5116 inertia
774 5064 858 5116 cordis
870 5062 896 5114 B
992 5061 1025 5113 16
1043 5081 1104 5116 ense
1123 5062 1161 5129 (se
1172 5065 1201 5116 ia
1212 5063 1260 5129 lta)
1270 5063 1296 5114 Β
1393 5063 1426 5116 17
1444 5062 1610 5133 quicumque]
1629 5067 1738 5133 quisque
1751 5065 1830 5118 Siras.
1927 5062 1962 5117 18
1979 5066 2067 5136 cuius]

407 5152 482 5218 cupis
494 5150 519 5202 Β
636 5147 669 5201 19
687 5151 783 5204 tribuet
794 5149 821 5201 Β
939 5146 974 5201 20
991 5149 1121 5216 procincto
1134 5148 1160 5200 B
1276 5147 1310 5201 22
1334 5147 1429 5217 mosen]
1447 5152 1528 5203 uitam
1546 5167 1579 5203 en
1591 5151 1617 5202 Β
1694 5151 1765 5204 iobet
1775 5150 1801 5201 Β
1912 5148 1947 5202 23
1965 5150 2068 5218 herces]

408 5254 496 5289 aeroas
507 5235 563 5287 BV
629 5252 693 5288 enus
704 5236 731 5287 Β
798 5233 833 5302 et]
851 5243 878 5288 at
893 5236 934 5287 cel
951 5235 996 5287 sed
1007 5235 1095 5286 malim
1205 5233 1240 5286 24
1257 5233 1330 5288 tollet
1342 5235 1368 5286 Β
1436 5238 1582 5290 dimicamdi
1594 5237 1620 5288 Β
1693 5239 1746 5289 sint
1758 5235 1837 5290 sim.
1947 5235 1982 5288 25
2000 5255 2070 5306 quae

408 5321 477 5388 cum]
495 5339 657 5390 quecumque
669 5322 695 5373 Β
763 5325 874 5375 fractum
888 5320 933 5372 Βιι
1000 5322 1121 5374 adamant
1132 5322 1158 5373 B
1226 5324 1288 5375 dant
1299 5322 1333 5388 B,
1350 5342 1400 5375 om.
1411 5325 1488 5376 ceteri
1556 5325 1673 5377 laborum
1688 5322 1788 5377 T20Pt
1892 5321 1927 5375 26
1944 5324 2031 5378 alieno
2043 5325 2071 5377 B

408 5406 443 5460 27
460 5409 618 5462 00000011)ὴο
629 5408 655 5459 Β
723 5409 832 5462 cedatur
844 5407 870 5458 Β
978 5405 1013 5459 28
1030 5409 1168 5476 reilgiones
1178 5407 1204 5458 B
1276 5426 1369 5462 nomeu
1381 5428 1429 5462 om,
1444 5409 1523 5463 Siara.
1631 5407 1665 5462 29
1683 5411 1815 5478 opponatis
1827 5408 1853 5459 B
1922 5413 2031 5477 optenui
2043 5412 2072 5463 Β

409 5495 510 5563 optinui
522 5533 529 5547 .
541 5497 583 5547 ‘I'u
601 5496 730 5548 desideres
748 5494 808 5563 (cra.
826 5495 902 5547 cuius
919 5491 996 5560 intui)
1012 5493 1057 5545 VL
1063 5494 1131 5547 TOP
1232 5492 1268 5549 30
1284 5496 1353 5562 ipsos
1368 5497 1427 5549 cle
1495 5498 1554 5549 illos
1570 5497 1704 5564 inperante
1717 5496 1750 5561 B,
1771 5496 1816 5548 illo
1833 5496 1974 5563 inspirante
1992 5501 2075 5553 caes

408 5579 442 5634 31
460 5588 604 5649 prosternet
614 5582 640 5633 B
732 5580 767 5634 32
784 5583 888 5635 lucent
905 5579 1084 5633 01001120Ρό
1173 5579 1209 5632 34
1225 5582 1310 5634 socias
1322 5581 1348 5632 Β
1436 5580 1472 5636 15
1488 5583 1622 5638 addiditB
1678 5582 1771 5639 tullisti
1782 5581 1807 5633 Β
1863 5581 2026 5654 depredatur
2038 5585 2076 5656 B,

409 5667 575 5721 damnatur
592 5669 668 5722 caera
770 5665 805 5720 36
822 5674 953 5722 ananau
967 5666 993 5717 B
1062 5669 1169 5740 experta
1183 5669 1241 5724 0Ρο
1311 5669 1459 5726 0000008
