4596 6450
920 375 1219 444 aerumnosae).
1838 380 1896 470 asp

242 553 390 640 gentium
419 549 584 616 cotidiana
612 547 796 636 gladiorum
826 567 921 634 seges
944 569 1084 614 messem
1115 549 1292 615 nobilitatis
1316 549 1504 614 absciderat
1526 557 1560 613 et
1582 549 1739 615 fecundas
1762 551 1895 626 humaui

242 655 397 743 germinis
432 660 537 718 terras
571 653 621 719 ira
654 653 833 739 populante
870 651 1052 726 desolabat.
1109 651 1173 716 iam
1200 651 1319 716 Franci
1355 651 1473 718 Heruli
1509 650 1659 719 Saxones
1695 654 1894 741 multiplices
1909 652 1949 714 13

244 758 473 824 crudelitatum
491 755 619 844 species
635 755 806 820 beluarum
824 775 915 820 more
939 755 1157 841 peragebaut;
1181 776 1265 841 quae
1289 756 1457 822 nationum
1472 757 1646 822 diversitas
1661 757 1899 846 superstitiosis

243 863 430 947 mancipata
457 859 593 944 culturis
621 856 702 924 deos
725 879 802 923 suos
827 858 969 923 humana
998 858 1177 924 credebant
1204 858 1305 924 caede
1328 860 1465 925 mulceri
1495 879 1556 925 nec
1579 880 1734 945 umquam
1758 862 1900 948 propitia

178 995 190 1032 a
244 987 280 1032 sc
303 965 427 1038 habere
451 963 596 1042 numina,
619 961 683 1026 nisi
707 982 781 1026 eum
805 983 845 1026 ea
861 962 1047 1048 aequalium
1071 983 1186 1026 cruore
1201 963 1397 1048 placassent.
1433 985 1564 1030 cessare
1589 963 1799 1029 confidebant
1816 964 1897 1030 iram

205 1137 208 1146 ,
245 1069 438 1136 caelicolum
461 1065 647 1132 innocentis
672 1065 833 1131 effusione
850 1065 1030 1152 sanguinis,
1054 1065 1223 1156 quintin
1246 1066 1386 1151 gratiam
1403 1066 1548 1133 redirent
1570 1089 1642 1133 cum
1668 1067 1796 1156 superis
1820 1067 1898 1152 suis,

243 1173 498 1262 propinquorum
523 1175 763 1235 consueverant
784 1174 907 1234 mortes
931 1168 1062 1233 offerre.
1102 1188 1323 1253 quoscumque
1348 1175 1458 1236 tamen
1481 1171 1627 1256 religiosi
1651 1172 1765 1237 titulus
1787 1168 1952 1236 decla-14

243 1277 337 1342 rabat
360 1273 476 1352 cilicii,
501 1274 560 1340 hos
584 1274 676 1359 quasi
700 1273 886 1338 sereniores
903 1272 1027 1336 hostias
1045 1271 1269 1350 immolabant,
1293 1273 1505 1341 aestimantes
1525 1275 1612 1361 quad
1627 1276 1754 1362 piorum
1778 1277 1899 1362 iugulis

243 1378 423 1444 divinitatis
454 1384 601 1443 cessaret
627 1376 810 1461 indignatio
839 1384 873 1440 et
904 1376 999 1446 lieret
1028 1376 1167 1440 materia
1200 1376 1327 1462 gratiae
1362 1377 1453 1443 locus
1488 1377 1644 1444 offensae.
1701 1381 1786 1445 inter
1819 1401 1899 1465 quas

166 1509 192 1548 rc
243 1491 427 1570 temporum
456 1482 618 1567 procellas
647 1477 860 1545 Constantius
890 1478 1052 1566 pontifex,
1085 1500 1126 1543 ue
1157 1479 1235 1564 quid
1264 1480 1296 1543 in
1327 1481 1446 1546 mundo
1478 1481 1618 1547 haberet
1645 1483 1784 1548 subsidii
1811 1490 1900 1562 terra

245 1588 395 1654 hostibus
419 1585 589 1672 deputata,
612 1584 755 1650 humana
778 1572 852 1669 lege
876 1583 1035 1648 liberatus
1060 1591 1122 1652 est.

352 1691 431 1755 Post
454 1691 546 1755 cuius
570 1689 803 1754 resolutionem
821 1687 1000 1752 Antonium
1024 1695 1169 1753 nostmm
1191 1687 1305 1752 famuli
1328 1687 1370 1752 ad
1393 1688 1511 1753 ltaliae
1535 1695 1658 1775 partes,
1682 1689 1799 1776 quibus
1823 1690 1952 1754 cae-15

153 1817 226 1867 aaa
244 1796 321 1860 litus
344 1795 452 1860 luerat
474 1793 669 1880 deputatus,
693 1791 823 1856 Ohristo
847 1791 929 1856 duce
952 1791 1145 1877 perducunt.
1192 1791 1337 1879 principe
1360 1793 1432 1858 loco
1456 1791 1607 1859 Tellinae
1631 1794 1737 1874 uallis,
1761 1815 1844 1880 quae
1868 1792 1900 1860 id

245 1898 362 1965 sortita
385 1905 435 1962 est
459 1896 620 1976 vocabuli,
645 1896 744 1961 limen
767 1895 973 1982 ingreditur:
987 1915 1085 1982 quam
1108 1895 1267 1959 montium
1291 1917 1334 1960 ex
1357 1901 1496 1981 utroque
1520 1896 1624 1961 latere
1640 1897 1783 1963 brachiis
1800 1897 1898 1963 labri-

168 2028 191 2066 ιι
245 2009 320 2069 eata
343 2009 479 2068 naturas
504 2001 587 2066 ditat
610 1999 794 2066 amoenitas
822 2007 856 2064 et
883 1998 923 2064 de
949 1999 1125 2065 verticibus
1155 1997 1304 2063 fecundis
1328 2000 1471 2064 amnium
1495 2000 1593 2087 plebe
1617 1987 1798 2086 locupletat
1820 2002 1901 2067 uber

244 2107 367 2186 solum,
391 2104 477 2192 quod
501 2105 610 2169 avaris
634 2103 814 2190 respondet
836 2103 930 2167 iuxta
959 2099 1124 2167 desideria
1151 2100 1355 2166 inmoderata
1389 2103 1583 2182 cultoribus,
1613 2125 1678 2169 non
1712 2109 1823 2171 tamen
1853 2106 1898 2170 ita

244 2212 352 2278 aristis
375 2209 626 2298 praegravidum
643 2215 699 2272 aut
715 2208 862 2273 dotatum
888 2207 1020 2297 pascuis
1038 2213 1095 2271 aut
1110 2207 1253 2271 arbustis
1271 2206 1473 2292 conpositum
1490 2213 1546 2270 aut
1560 2207 1748 2274 fluminibus
1765 2209 1899 2288 laetum,

244 2323 367 2382 utnon
391 2315 422 2380 ei
444 2316 519 2400 plus
543 2313 809 2399 supervenientis
832 2333 992 2399 personae
1021 2313 1128 2398 gratia
1155 2318 1339 2398 praestaret
1366 2332 1462 2398 quam
1487 2313 1590 2400 ipsius
1614 2314 1747 2400 originis
1771 2315 1898 2382 variata

244 2427 278 2485 et
300 2419 451 2485 distincta
480 2417 679 2482 formositas.
724 2417 791 2480 illic
814 2415 920 2480 Mario
949 2416 1159 2502 presbytero,
1188 2417 1241 2501 qui
1269 2414 1437 2501 spiritibus
1465 2416 1628 2482 inmundis
1657 2417 1896 2500 dominabatur,
1914 2420 1953 2481 16

167 2549 172 2566 ·
245 2522 417 2587 adiunctus
442 2527 508 2586 est:
539 2520 615 2605 quia
637 2520 719 2585 haec
743 2526 794 2584 est
816 2541 924 2585 rerum
949 2518 1113 2598 condicio,
1146 2527 1182 2585 ut
1205 2520 1281 2584 novi
1304 2520 1445 2585 hominis
1469 2541 1574 2586 mores
1597 2521 1745 2607 divulget
1767 2523 1901 2588 iuventa

245 2626 410 2704 sodalitas,
435 2629 468 2690 et
491 2623 546 2710 qui
568 2623 738 2708 ignoratur
753 2644 812 2710 per
829 2623 999 2708 originem,
1024 2623 1179 2690 similium
1194 2623 1354 2688 clarescat
1370 2625 1500 2690 affectu.
1536 2624 1793 2711 deprehenditur
1808 2646 1901 2692 mens

244 2737 373 2797 secreta
397 2749 456 2816 per
478 2727 597 2808 socios,
621 2735 655 2792 et
678 2728 731 2792 cui
754 2748 818 2792 non
842 2726 919 2792 licet
943 2726 984 2791 ad
1008 2726 1165 2812 liquidum
1183 2727 1445 2813 supervenientis
1469 2729 1645 2794 aestimare
1667 2730 1901 2796 conscientiam

245 2833 445 2913 conceditur,
469 2837 505 2896 ut
528 2829 569 2897 de
594 2831 662 2896 suis
680 2830 906 2917 deprehendat
923 2836 1092 2895 externos.
1126 2851 1201 2894 narn
1225 2850 1299 2895 cum
1323 2851 1398 2895 eum
1419 2831 1536 2898 beatus
1554 2833 1677 2898 Marius
1701 2833 1766 2899 illis
1787 2834 1900 2914 oculis,
1916 2832 1954 2893 17

244 2938 360 3025 quibus
395 2941 523 3001 mentes
555 2934 716 3017 videntur,
754 2935 934 3021 inspiceret
967 2943 1000 3000 et
1034 2935 1196 3001 interioris
1230 2934 1383 3001 decorem
1419 2936 1559 3003 hominis
1593 2938 1792 3006 absconditis
1826 2958 1902 3026 per·

167 3065 192 3104 as
245 3046 432 3110 contaretur
464 3039 648 3127 optutibus,
686 3038 790 3104 uoluit
821 3059 897 3104 eum
930 3039 1124 3104 clericorum
1153 3038 1279 3104 sociare
1313 3038 1450 3124 collegio
1483 3046 1517 3105 et
1544 3041 1631 3107 inter
1660 3041 1905 3108 ecclesiasticos

244 3151 356 3212 coetum
395 3149 618 3230 praestantem
658 3143 784 3210 meritis
824 3139 977 3209 dedicare
1018 3163 1203 3228 personam.
1256 3142 1315 3210 sed
1352 3141 1437 3230 fugit
1475 3143 1630 3210 honorem
1663 3146 1755 3212 velut
1787 3145 1906 3212 veneni

243 3250 407 3337 poculum,
435 3248 491 3334 qui
514 3267 646 3335 semper
669 3246 851 3333 potentiam
874 3247 1013 3313 credidit
1036 3246 1206 3314 subiacere
1230 3253 1264 3313 et
1286 3246 1409 3314 servire
1433 3248 1598 3336 patienter
1620 3251 1778 3337 praetulit
1799 3250 1904 3337 regali

243 3353 434 3422 dominatui.

353 3457 404 3524 Ne
437 3463 548 3524 tamen
579 3455 636 3521 diu
659 3456 822 3522 humanae
852 3457 1112 3523 conversationis
1135 3457 1258 3522 mixtus
1281 3456 1457 3522 inlecebris
1481 3457 1674 3525 societatem
1696 3459 1901 3546 contagionis
1916 3461 1955 3526 18

167 3581 193 3620 ³⁰
245 3563 406 3644 hauriret,
435 3562 536 3648 elegit
562 3582 729 3627 secessum
759 3561 847 3626 haud
870 3561 984 3650 procul
1007 3582 1027 3625 a
1050 3560 1139 3628 beati
1163 3561 1314 3646 martyris
1337 3560 1461 3628 Fidelis
1485 3561 1676 3650 sepulchro,
1707 3562 1763 3628 ubi
1786 3563 1904 3628 Larius

153 3683 226 3733 affl
245 3666 330 3732 Ionii
360 3666 530 3732 marmoris
558 3666 662 3731 minas
691 3665 840 3754 deponit,
876 3664 1005 3753 quando
1033 3687 1074 3732 ne
1102 3672 1262 3751 evagetur
1290 3665 1438 3752 longius,
1467 3666 1605 3733 obiectis
1635 3667 1715 3756 ripis
1746 3668 1904 3734 resistunt

244 3771 336 3837 irena
359 3770 497 3836 telluris.
544 3770 613 3835 illic
636 3771 758 3835 inserto
784 3769 928 3835 nubibus
952 3770 1075 3836 vertice
1099 3790 1191 3834 mous
1216 3775 1384 3849 coruscat,
1416 3771 1472 3855 qui
1496 3770 1697 3838 sublimitate
1720 3791 1781 3844 sua
1803 3771 1905 3838 vincit

244 3882 425 3962 aspectum.
460 3872 519 3940 aad
544 3894 642 3959 quam
665 3873 828 3960 superbus
852 3861 903 3940 est
918 3873 1153 3958 magnitudine,
1177 3879 1243 3938 tarn
1265 3872 1407 3939 difficilis
1430 3895 1580 3941 ascensu.
1614 3897 1690 3941 nam
1712 3875 1959 3944 uullisaute19

244 3979 439 4044 monachum
461 3983 610 4042 nostrum
635 3977 742 4064 patuit
767 3977 939 4063 gressibus
965 3997 1027 4042 nec
1058 3998 1118 4063 per
1147 3982 1324 4066 praerupta
1355 3999 1511 4044 saxorum
1534 3979 1667 4044 humani
1689 3977 1820 4066 generis
1847 3978 1906 4047 ad-

245 4082 333 4146 misit
355 4080 530 4148 iormidiue
546 4087 751 4168 repugnante
776 4081 963 4168 vestigium.
998 4083 1031 4147 in
1055 4081 1211 4168 praecisis
1235 4081 1386 4147 cautibus
1409 4087 1480 4147 tute
1503 4082 1582 4150 ieris
1597 4083 1731 4170 longum
1754 4085 1905 4171 praebuit

244 4185 334 4250 nullo
358 4191 549 4252 exterrente
574 4186 713 4268 cubilia,
748 4207 789 4253 eo
812 4185 926 4253 bestiis
948 4185 1114 4266 blandior,
1143 4207 1207 4272 quo
1234 4185 1414 4251 terribilius
1436 4186 1656 4272 agricolarum
1680 4186 1824 4252 minatur
1846 4208 1905 4252 ex·

246 4290 364 4354 cursui.
410 4288 444 4354 in
466 4288 530 4354 hoc
553 4289 607 4356 dei
632 4288 774 4356 famulus
797 4289 910 4356 sedem
933 4288 1072 4375 delegit,
1101 4290 1135 4354 in
1159 4310 1223 4375 quo
1247 4289 1319 4354 sola
1344 4289 1405 4354 fuit
1427 4289 1580 4376 placandi
1602 4310 1718 4372 causa,
1749 4291 1825 4378 quia
1847 4311 1905 4358 ue-

246 4412 408 4478 quaquam
429 4392 679 4459 lenocinabatur
700 4393 900 4481 aspectibus.
933 4394 1015 4458 nihil
1038 4414 1150 4458 secum
1173 4393 1313 4478 amplius
1336 4393 1398 4459 uisi
1419 4414 1536 4480 parum
1559 4393 1734 4480 leguminis
1758 4399 1791 4459 et
1818 4393 1902 4479 ligo·
1916 4395 1957 4457 20

245 4515 337 4577 nem,
361 4515 424 4581 quo
447 4500 569 4561 terram
593 4496 798 4580 sollicitaret,
822 4497 864 4565 de
887 4498 1000 4564 mundi
1022 4497 1193 4564 beneficiis
1216 4496 1405 4574 adsumens,
1427 4495 1593 4564 dedicavit
1615 4498 1733 4564 callem
1756 4497 1906 4563 subiecta

246 4599 426 4686 asperitate
448 4598 619 4664 nescitum.
673 4599 751 4688 iuga
778 4601 835 4667 illa
857 4599 1050 4666 indomitam
1072 4606 1211 4666 naturae
1234 4599 1344 4685 legem
1367 4599 1511 4667 Antonio
1537 4601 1772 4687 congrediente
1796 4600 1905 4688 perdi-

246 4700 374 4769 demat.
419 4709 568 4770 reserate
590 4703 711 4772 itinera
733 4711 807 4793 post
829 4705 1014 4798 ingressum
1039 4703 1109 4769 eius
1133 4708 1271 4790 patuere
1295 4704 1514 4790 cupientibus.
1560 4706 1685 4786 invenit
1706 4705 1772 4772 illie
1795 4706 1956 4772 tomenti
1979 4752 1986 4762 .

246 4806 329 4874 duos
353 4827 468 4888 senas,
492 4829 574 4894 quos
597 4809 663 4874 iam
686 4809 733 4875 ita
753 4809 842 4875 inter
864 4809 969 4875 lustra
990 4807 1163 4874 beluarum
1185 4806 1347 4875 habitatio
1370 4808 1470 4896 longa
1491 4808 1680 4891 miscuerat,
1703 4813 1740 4874 ut
1762 4809 1841 4874 nihil
1866 4808 1907 4873 de

252 4981 326 4990 .-.-

349 5102 363 5156 1
383 5104 489 5158 humani
505 5105 608 5174 generis
625 5103 748 5172 germinis
762 5101 805 5168 01,
829 5103 935 5154 hnmani
955 5103 1088 5170 generiab
1221 5100 1239 5152 5
1256 5099 1293 5168 se]
1311 5102 1356 5154 sed
1369 5102 1395 5153 Β
1494 5103 1661 5158 confidebunt
1671 5101 1698 5153 B
1703 5100 1713 5140 ¹
1847 5101 1864 5154 6
1881 5103 1908 5154 in

244 5207 300 5258 arcp.
314 5190 359 5242 lia.
373 5189 399 5240 B
531 5188 561 5242 11
585 5191 702 5244 hostibus
713 5188 752 5255 Β,
776 5190 920 5257 hospiu'bus
936 5183 1036 5252 VLTO,
1060 5189 1197 5240 homilibus
1213 5185 1293 5240 Sirra.
1390 5189 1510 5256 deputata
1527 5191 1553 5241 B
1683 5186 1717 5240 14
1737 5197 1864 5256 uteroque
1876 5187 1910 5251 B,

244 5284 354 5342 utraque
373 5273 460 5326 VLT¹
600 5275 633 5328 16
659 5276 790 5344 respondit
805 5274 831 5325 Β
972 5270 1005 5324 17
1028 5271 1198 5342 conpositum]
1224 5272 1352 5325 consitum
1368 5273 1464 5327 Hartcl
1604 5273 1637 5328 18
1659 5275 1683 5326 ci
1702 5273 1739 5339 B,
1766 5291 1815 5325 om.
1834 5274 1910 5325 ceteri

244 5359 276 5412 21
296 5361 414 5412 clariscst
426 5359 452 5410 Β
567 5357 602 5412 29
619 5362 828 5416 conuersatiouas
841 5361 867 5411 B
983 5356 1018 5410 30
1035 5360 1099 5411 haut
1110 5359 1136 5409 B
1211 5355 1316 5424 Fidelis]
1335 5361 1427 5411 Felicis
1445 5359 1524 5411 Sis-m.
1601 5359 1719 5428 sepulcro
1742 5359 1844 5426 (lamp.
1864 5360 1909 5410 liu.

243 5465 276 5499 m.
292 5448 316 5512 1)
328 5447 353 5498 B
422 5447 468 5500 uhi
486 5448 515 5512 (n
533 5456 593 5500 mate
611 5447 668 5513 lira)
683 5447 708 5498 B
810 5443 845 5498 32
866 5446 1032 5498 sublimitatis
1054 5447 1137 5497 uincit
1148 5444 1175 5495 Β
1277 5443 1311 5496 34
1330 5463 1375 5513 par
1387 5445 1421 5509 B,
1445 5464 1493 5498 cm.
1506 5447 1583 5498 ceteri
1690 5443 1726 5496 35
1743 5463 1909 5514 repugnante

245 5535 289 5602 (ns
307 5533 375 5602 ccp.)
392 5533 418 5586 Β
555 5531 589 5585 37
614 5535 723 5587 famulos
742 5533 788 5584 VL
892 5533 987 5600 delegit
1006 5531 1072 5596 t'Ph,
1097 5532 1182 5599 diligit
1199 5529 1304 5582 ΒΗΤ
1439 5529 1474 5583 38
1495 5532 1672 5585 leocinabatur
1693 5532 1761 5598 (arcp.
1773 5532 1819 5584 iia·
1838 5529 1867 5598 n)
1886 5531 1911 5582 B

244 5619 278 5674 39
296 5622 436 5674 solicilarct
448 5620 481 5684 B,
498 5621 649 5674 sollicitaret
665 5621 706 5671 V‘
793 5636 927 5672 muniens
946 5619 970 5669 V
1053 5613 1179 5684 subiecta]
1199 5617 1249 5668 sub
1266 5624 1337 5669 muta
1355 5617 1405 5682 (oei
1422 5617 1481 5681 iata)
1499 5618 1563 5670 coni.
1583 5617 1680 5668 Hartcl
1805 5613 1841 5668 42
1859 5617 1910 5668 ism

244 5708 294 5760 ism
313 5708 374 5759 iata
393 5705 477 5773 spriaa
495 5707 547 5760 iam
565 5707 627 5773 del)
641 5708 666 5758 B
734 5708 843 5760 lustram
855 5703 896 5756 B¹

1647 5795 1703 5848 24*
