4596 6450
407 348 468 410 coa
1063 337 1197 396 ccsxru
1215 336 1350 406 (orcae.
1370 337 1405 404 u.

405 519 572 583 Veronam
600 522 688 581 tuam
720 511 886 602 apparatu
909 511 1012 579 nobili
1043 513 1128 577 laxis
1164 510 1315 576 manibus
1353 531 1463 596 pugna
1501 510 1723 575 instruebatur
1757 511 1930 599 inpendiis.
1979 511 2062 576 nihil

405 622 520 688 fortius
544 618 741 686 adversariis
764 619 829 683 tuis
845 624 921 682 ante
937 617 1050 697 aciem,
1076 615 1133 681 scd
1151 636 1225 681 cum
1240 615 1396 680 bellicum
1415 615 1603 680 cecinerunt
1620 615 1769 696 classica,
1793 615 1875 680 nihil
1891 615 2061 682 infirmius.

406 725 550 791 maxima
577 724 610 788 in
637 722 822 789 luctaminis
852 721 1068 808 promissione
1096 720 1197 784 virtus
1226 727 1273 798 et,
1306 720 1332 782 si
1362 718 1528 783 sufficeret
1558 719 1669 805 lingua
1690 740 1750 805 pro
1774 719 1935 800 dexteris,
1966 723 2062 807 copia

352 831 532 918 ttlsumma
557 827 741 893 verborum.
787 825 912 890 electus
940 829 991 888 est
1013 825 1159 888 locorum
1184 822 1280 904 situs,
1310 842 1373 886 non
1396 829 1463 886 tam
1487 823 1680 907 congressui
1702 823 1791 888 utilis
1815 844 1912 909 quam
1935 823 2060 908 pavori,

404 931 614 1018 providentes
641 951 684 994 ne
713 929 933 994 ascriberetur
965 928 1055 993 casui
1083 928 1188 1013 prima
1215 932 1248 991 et
1276 925 1435 991 discessio
1465 926 1685 1012 perfugarum.
1731 934 1764 992 et
1788 933 1898 992 tamen
1920 925 2060 996 candida
2128 971 2133 984 ·

405 1033 604 1121 reipublicae
627 1033 760 1098 fortuna
782 1033 1016 1117 perurguebat,
1040 1052 1081 1096 ne
1106 1038 1223 1116 coepto
1247 1029 1436 1095 desisteres.
1473 1029 1600 1094 itineris
1618 1031 1665 1094 tui
1680 1051 1871 1116 permensus
1888 1031 2063 1096 intervella

405 1138 607 1224 conspexisti
629 1138 723 1222 ignes
752 1135 895 1200 hostium
924 1142 1085 1222 astrorum
1113 1155 1203 1198 more
1232 1133 1417 1212 rutilantes,
1448 1141 1484 1199 ut
1506 1134 1534 1197 si
1558 1134 1732 1219 aliquando
1755 1134 1816 1199 tibi
1839 1134 1957 1199 fuisset
1982 1140 2062 1198 nota

351 1241 385 1302 41
404 1240 553 1322 formido,
577 1242 610 1305 in
633 1240 807 1325 abruptum
830 1247 863 1305 te
887 1239 1032 1326 pendere
1056 1238 1241 1303 didicisses.
1279 1257 1456 1322 numquam
1472 1236 1572 1302 animi
1589 1239 1637 1302 tui
1654 1243 1758 1302 status
1773 1245 1830 1302 aut
1845 1237 2062 1303 secundarum

405 1367 514 1412 rerum
543 1352 670 1410 tumore
701 1345 808 1408 clatus
832 1350 882 1408 est
904 1349 961 1408 aut
983 1343 1090 1408 dubiis
1114 1341 1290 1428 adquievit.
1337 1340 1483 1406 instabat
1506 1341 1653 1406 certandi
1677 1341 1748 1408 dies
1771 1342 1881 1407 multis
1905 1341 2059 1406 tenebras
2074 1369 2097 1412 o.
2112 1363 2153 1403 sos

405 1449 566 1515 adlatura.
610 1469 683 1512 cum
707 1447 847 1534 primurn
869 1468 987 1512 aurora
1009 1447 1095 1532 bigis
1117 1447 1150 1510 in
1174 1447 1299 1511 croceis
1323 1453 1429 1510 ortum
1452 1445 1576 1509 iubaris
1599 1445 1762 1524 indicavit,
1786 1467 1859 1510 cum
1881 1445 1922 1509 de
1946 1445 2062 1511 oceani
2118 1471 2144 1509 ro

405 1550 548 1639 lymphis
577 1553 656 1617 solis
687 1552 819 1616 flamma
849 1551 1004 1630 surrexit,
1035 1551 1099 1614 iarn
1128 1569 1262 1614 raucum
1293 1550 1413 1614 bucina
1442 1549 1673 1626 concinebant,
1704 1550 1768 1613 iam
1795 1555 1828 1614 tc
1859 1549 1909 1613 sui
1939 1548 2062 1613 oblitus

352 1656 393 1718 42
405 1654 586 1742 quaerebat
619 1653 796 1720 exercitus.
847 1655 902 1740 qui
935 1653 1014 1718 dum
1045 1653 1256 1719 munimentis
1287 1652 1436 1738 chalybis
1466 1659 1582 1738 pectus
1617 1651 1816 1734 includeres,
1854 1650 1932 1716 dum
1959 1652 2063 1717 ocreis

405 1780 585 1841 armarere,
621 1757 697 1823 dum
731 1758 827 1825 lateri
863 1763 919 1822 tuo
949 1756 1070 1822 vindex
1104 1755 1264 1820 libertatis
1299 1755 1427 1841 gladius
1461 1761 1640 1843 aptaretur,
1676 1763 1824 1822 sanctam
1858 1761 1995 1821 matrem
2029 1761 2063 1820 et

406 1861 631 1930 venerabilem
659 1883 819 1942 sororem,
852 1882 936 1947 quae
962 1859 1004 1927 ad
1033 1867 1066 1925 te
1098 1859 1289 1945 diligentiae
1318 1881 1418 1924 causa
1441 1865 1676 1939 convenerant,
1707 1859 1783 1925 dum
1806 1861 1891 1925 inter
1913 1881 2006 1946 spem
2030 1867 2064 1924 et

407 1973 530 2031 metum
564 1966 708 2032 feminea
746 1964 931 2031 sollicitudo
970 1964 1144 2052 penderet,
1187 1964 1263 2029 dum
1298 1962 1340 2029 dc
1375 1969 1495 2030 eventu
1528 1963 1693 2030 adtonitac
1729 1965 1838 2030 vultus
1871 1965 1920 2029 tui
1954 1963 2062 2030 sidere
2133 2013 2137 2022 .

281 2151 282 2154 Ἴ
353 2071 394 2134 43
406 2075 631 2156 pascerentur,
662 2069 783 2135 talibus
807 2069 961 2155 alloquiis
984 2069 1197 2134 confirmasti:
1233 2068 1321 2147 ‘scis,
1352 2067 1518 2153 genetrix,
1542 2074 1657 2153 partus
1680 2069 1727 2132 tui
1751 2069 1876 2134 honore
1899 2068 2063 2133 universis

406 2180 486 2238 uota
507 2172 706 2254 nationibus,
742 2172 829 2259 quod
851 2173 969 2239 natalis
993 2171 1057 2238 mei
1080 2177 1227 2260 tempore
1252 2173 1356 2236 virum
1379 2171 1520 2237 fecunda
1543 2170 1696 2257 genuisti.
1740 2170 1812 2236 dies
1835 2177 1900 2252 est,
1930 2193 1994 2258 quo
2018 2172 2065 2237 fili

405 2277 455 2341 tui
479 2299 595 2344 sexum
619 2298 753 2363 campus
776 2277 963 2354 adnuntiet3
987 2277 1061 2341 telis
1086 2275 1248 2361 agendum
1271 2282 1331 2357 est,
1355 2283 1391 2340 ut
1406 2296 1540 2340 avorum
1555 2295 1616 2362 per
1632 2296 1684 2340 me
1700 2274 1820 2340 decora
1834 2297 1900 2340 non
1915 2282 2064 2362 pereant.

407 2379 477 2444 sine
505 2401 606 2446 causa
635 2387 809 2467 parentum
837 2380 941 2446 titulis
971 2379 1113 2458 nitimur,
1146 2379 1209 2444 nisi
1238 2380 1377 2466 propriis
1401 2379 1602 2444 adiuvemur.
1648 2385 1714 2445 stat
1736 2386 1813 2445 ante
1837 2381 1949 2444 oculos
1971 2401 2063 2446 meos

405 2483 544 2568 genitor,
571 2469 612 2549 de
636 2503 700 2568 quo
724 2506 900 2570 numquam
923 2484 1003 2550 fecit
1026 2485 1059 2548 in
1083 2485 1262 2550 certamine
1285 2483 1416 2549 fortuna
1438 2483 1630 2562 ludibrium,
1655 2484 1710 2569 qui
1733 2483 1883 2548 dextram
1906 2482 2063 2570 sibiipsa
2118 2507 2131 2545 e

408 2587 538 2673 peperit
559 2586 737 2652 valitudine
768 2588 922 2672 exigente
954 2608 1137 2653 successus.
1184 2587 1246 2652 hoc
1269 2594 1401 2674 oportet
1423 2587 1506 2652 duce
1532 2587 1700 2664 contendi,
1729 2589 1785 2674 qui
1808 2588 1916 2654 omina
1939 2587 2066 2652 incerta

354 2703 394 2763 44
407 2681 472 2755 noh
495 2690 617 2771 timuit,
648 2691 705 2757 sed
735 2690 806 2777 ipse
831 2691 894 2756 sibi
918 2691 1062 2756 secunda
1085 2691 1253 2758 conscivit.
1298 2713 1357 2756 vos
1381 2699 1493 2756 tamen
1517 2691 1704 2757 elaboratas
1727 2698 1838 2756 vestes
1861 2697 1895 2756 et
1917 2691 2066 2758 liciorum

407 2799 571 2858 tormenta
594 2793 756 2860 devehite.
802 2795 973 2860 cultiorem
997 2816 1050 2860 me
1074 2797 1163 2860 acies
1187 2795 1359 2881 suscipiat,
1383 2816 1479 2880 quam
1504 2796 1592 2860 festa
1616 2801 1824 2861 consuerunt.
1870 2795 1925 2881 qui
1947 2816 2000 2860 me
2023 2795 2066 2860 de

405 2896 532 2982 impetu
554 2918 619 2962 non
643 2898 843 2983 cognoverit,
868 2899 1021 2964 aestimet
1044 2897 1085 2965 de
1108 2901 1226 2964 nitore.
1265 2899 1381 2965 invitet
1404 2899 1594 2986 cupidorum
1618 2899 1730 2964 oculos
1745 2899 1851 2964 bonor
1866 2898 2065 2964 indumenti:

406 2999 581 3086 pretiosior
608 3002 737 3087 species
763 3001 929 3068 feriendos
959 3003 1125 3071 exhibeat.
1170 3003 1291 3070 habeat
1320 3004 1442 3068 laboris
1474 3004 1648 3085 solacium,
1683 3004 1735 3068 cui
1765 3002 1912 3088 iugulum
1943 3023 2065 3084 mcum,
2121 3024 2145 3062 rs

405 3105 546 3186 fortuna,
570 3106 793 3192 praestiteris!
831 3107 958 3173 inhient
981 3109 1118 3172 iacentis
1142 3107 1319 3194 splendori,
1344 3130 1425 3194 quos
1442 3130 1507 3172 non
1524 3108 1699 3193 contigerit
1713 3106 1824 3172 videre
1841 3105 2065 3192 pugnantem)

353 3215 394 3275 45
407 3209 457 3272 his
487 3207 581 3275 dictis
609 3211 742 3296 excepit
770 3217 803 3276 te
827 3217 920 3296 tergo
944 3212 1092 3299 sonipes,
1122 3214 1276 3277 lituorum
1300 3212 1473 3278 desideriis
1473 3213 1673 3300 joquietus.
1719 3211 1778 3278 sed
1802 3210 1877 3275 dum
1899 3208 2065 3275 indulsisti
2079 3236 2101 3279 r·
2115 3229 2155 3270 sos

409 3312 587 3392 adfatibus,
609 3315 740 3379 inimica
763 3315 911 3400 legiones
935 3324 1011 3382 tuae
1035 3317 1268 3405 premebantur
1284 3320 1452 3383 instantia.
1490 3316 1609 3380 dedisti
1627 3315 1788 3380 inertibus
1804 3315 1967 3394 fiduciam,
1988 3312 2066 3379 dum

407 3417 560 3498 moraris,
593 3424 626 3482 et
654 3415 715 3482 hoc
746 3418 844 3484 credo
872 3419 1061 3506 provisione
1090 3421 1297 3502 caelicolum,
1331 3444 1371 3488 ne
1402 3422 1578 3487 deberetur
1606 3418 1805 3484 multitudini
1838 3418 1924 3505 quod
1947 3419 2066 3484 vicisti.

407 3520 555 3606 protinus
584 3520 761 3586 adventum
795 3529 885 3586 tuum
914 3523 1069 3589 indicavit
1097 3525 1246 3590 hostibus
1279 3526 1419 3613 populus
1450 3525 1648 3590 occisorum:
1683 3529 1896 3589 executorem
1923 3520 2067 3608 prodidit

253 3631 388 3728 Vsum-affe·
409 3622 521 3688 caedis
552 3625 752 3704 enormitas..
786 3623 844 3690 sed
867 3648 928 3692 uec
950 3627 1014 3691 illis
1039 3627 1185 3693 remedia
1208 3628 1343 3695 defuere
1367 3636 1532 3694 consueta.
1578 3629 1732 3694 continuo
1756 3630 1825 3692 alas
1848 3648 1928 3712 quas
1952 3626 2068 3691 tribuit

296 3715 301 3736 '
355 3714 548 3801 &formido
572 3737 795 3817 sumpserunt,
825 3752 922 3796 cursu
945 3733 1093 3819 praepeti
1117 3733 1285 3799 interitum
1308 3741 1397 3799 metu
1421 3733 1535 3798 mortis
1559 3732 1735 3818 eligentes.
1780 3733 1836 3817 qui
1858 3753 1910 3797 me
1935 3731 2067 3797 veritati

408 3830 515 3898 nescit
538 3832 743 3912 obsecutum,
765 3833 880 3899 Atesis
902 3833 1008 3900 undas
1024 3836 1135 3902 videat
1157 3843 1214 3902 tua
1230 3839 1301 3903 vice
1325 3838 1499 3924 opulentas
1523 3837 1674 3902 extitisse
1691 3834 1916 3915 cadaveribus,
1940 3842 1973 3900 et
1989 3833 2066 3900 dum

407 3935 626 4002 tumefaceres
656 3937 805 4022 gurgites
834 3936 874 4002 de
906 3959 1038 4018 cruore,
1070 3941 1103 4004 in
1126 3947 1219 4028 parte
1248 3942 1313 4006 alia
1336 3939 1514 4006 sistebatur
1537 3941 1680 4028 impetus
1703 3940 1907 4005 fluentorum.
1953 3939 2065 4025 itaque

408 4059 449 4104 ne
474 4038 610 4105 ensibus
634 4062 698 4105 non
722 4041 901 4124 sufficeres,
924 4065 982 4130 pro
1005 4051 1038 4110 te
1063 4051 1097 4110 et
1119 4046 1252 4132 lympha
1274 4046 1435 4111 militavit.
1474 4045 1574 4126 salvo,
1597 4045 1768 4109 fluviorum
1789 4043 2065 4131 splendidissime,

408 4143 465 4228 qui
492 4165 536 4209 ex
563 4145 686 4210 maiore
717 4152 812 4229 parte
841 4145 955 4212 sordes
979 4147 1095 4212 Italiae
1125 4149 1264 4232 diluisti,
1296 4150 1409 4215 mundi
1434 4150 1563 4216 faecem
1591 4149 1774 4237 suscipiens
1798 4149 1869 4214 sine
1892 4148 2065 4233 dispendio

513 4364 527 4418 1
550 4376 675 4437 apparatu
700 4370 781 4422 nobili
799 4370 903 4436 serpsi,
926 4381 1077 4438 apparatum
1098 4375 1187 4426 nubeli
1203 4374 1313 4440 BVLT,
1336 4393 1358 4427 a.
1378 4376 1405 4426 in
1428 4375 1489 4427 belli
1508 4375 1565 4438 UD,
1587 4393 1610 4426 a.
1629 4375 1717 4426 imbeli
1728 4373 1794 4438 ΜΒ,
1815 4391 1838 4426 a.
1857 4374 1954 4426 imbelli
1972 4373 2070 4438 Schott,

407 4463 577 4523 apparatuum
595 4456 685 4508 nubilo
697 4456 801 4519 Manen,
819 4465 944 4523 apparatu
961 4459 1070 4511 inhabili
1083 4460 1180 4527 Fcrtiq,
1198 4470 1307 4529 apparat
1322 4463 1407 4514 locum
1421 4461 1482 4513 belli
1494 4461 1602 4521 Hartel,·
1620 4463 1654 4527 cf.
1668 4459 1745 4511 Paul.
1758 4460 1814 4511 frist
1827 4458 1885 4509 XV
1894 4464 1922 4510 15
1932 4457 2068 4527 (Dr-oya.):

411 4541 584 4593 Theodericus
601 4558 659 4592 mm
674 4541 801 4594 Vermsam
818 4543 924 4595 oenisaet
941 4544 1032 4594 iterum
1050 4545 1174 4598 marato
1192 4563 1249 4598 cum
1264 4547 1396 4599 Odocaccr
1414 4565 1467 4598 nou
1484 4548 1580 4598 minori
1602 4563 1679 4612 quum
1697 4547 1774 4612 priua
1793 4546 1855 4597 belli
1872 4562 1924 4597 sese
1942 4554 2067 4613 apparatu

406 4628 512 4695 opponit
580 4645 682 4696 pugnas
694 4628 720 4678 B
788 4630 916 4697 inpendiis
928 4631 999 4697 sort.
1013 4632 1151 4684 delendum
1258 4632 1275 4684 2
1292 4635 1362 4686 aciae
1375 4631 1401 4685 Β
1470 4633 1591 4686 bellicum
1609 4635 1729 4685 cineruut
1740 4632 1773 4695 Β,
1790 4632 1852 4683 belli
1870 4632 2068 4684 concineruntb

406 4712 424 4765 3
442 4712 473 4778 si]
491 4715 565 4781 quasi
578 4733 657 4781 prop.
671 4714 768 4768 Hortcl
836 4716 932 4768 dextris
949 4715 1024 4767 VLT
1093 4720 1171 4786 cupis
1183 4719 1208 4769 Β
1320 4718 1433 4772 fuh'les
1445 4721 1470 4770 B
1545 4719 1546 4722 ’
1582 4718 1598 4770 5
1616 4721 1766 4786 procidente
1773 4736 1804 4784 p,
1822 4718 1959 4786 procident
1970 4716 2069 4769 Hortct

406 4798 598 4852 ascrueriturB
661 4802 743 4868 prima
760 4803 836 4854 etiam
854 4803 877 4854 d.
893 4801 972 4853 utrm.
1037 4811 1063 4856 te
1080 4812 1165 4857 tamen
1181 4807 1271 4857 malim
1340 4807 1450 4859 candida
1467 4807 1528 4874 reip.
1541 4807 1575 4870 B,
1592 4807 1655 4873 reip.
1673 4805 1780 4857 candida
1798 4805 1873 4856 ceteri
1976 4802 1993 4855 6
2011 4820 2068 4872 per·

407 4887 518 4954 urgebat
535 4886 560 4935 V
658 4888 787 4941 desistetis
807 4889 912 4940 iteneris
930 4889 956 4939 B
1101 4887 1203 4958 lignis
1222 4891 1247 4942 Β
1350 4892 1479 4943 rutilantis
1496 4891 1521 4941 Β
1658 4889 1675 4942 8
1699 4891 1726 4941 in
1749 4891 1859 4956 abrupto
1882 4897 1937 4941 tum
1961 4897 1986 4942 tc
1997 4891 2068 4957 sort.

407 4973 539 5025 dedirissis
550 4972 576 5023 Β
684 4973 701 5025 9
718 4973 783 5042 dics]
802 4976 842 5027 dis
854 4972 968 5026 BV²L²
1079 4975 1113 5028 10
1130 4978 1242 5031 allatura
1258 4978 1282 5028 V
1351 4979 1449 5030 cruceis
1461 4977 1487 5028 Β
1555 4977 1644 5029 oceani
1662 4975 1699 5040 (ni
1716 4977 1745 5026 io
1756 4974 1841 5040 tulli
1954 4971 1986 5025 ll
2005 4976 2069 5028 buc-

407 5059 510 5124 cinaep
607 5057 641 5111 12
660 5062 754 5114 celabis
766 5061 800 5125 B,
817 5063 906 5114 calibis
922 5061 947 5111 V
1039 5060 1072 5114 13
1090 5063 1181 5114 nindix
1241 5065 1366 5117 libertatis
1385 5064 1436 5127 (rta
1447 5064 1475 5114 in
1488 5063 1535 5126 lit.)
1548 5062 1574 5113 Β
1670 5059 1704 5112 15
1721 5068 1832 5113 euentus
1848 5058 2070 5112 mutuum

406 5145 530 5197 attonitae
545 5144 569 5196 V
698 5144 731 5198 17
749 5148 787 5199 fili
799 5147 832 5212 B,
848 5149 896 5199 filii
913 5149 989 5200 ceteri
1121 5146 1156 5200 20
1173 5151 1288 5202 dextram
1308 5151 1372 5214 (scil.
1391 5150 1529 5210 fortunam)
1548 5148 1648 5214 scripsi,
1670 5149 1789 5202 dextrum
1807 5148 1912 5212 codices,
1935 5148 2069 5215 dextrosp

406 5228 440 5281 21
459 5231 544 5283 omina
563 5231 623 5297 VM,
640 5234 725 5285 omnia
743 5235 818 5286 ceteri
955 5231 990 5285 23
1008 5233 1143 5302 tormento]
1162 5245 1313 5290 ornaments
1324 5256 1345 5304 p
1357 5238 1386 5288 in
1397 5254 1445 5304 mg.
1585 5233 1620 5286 25
1638 5237 1765 5288 feriendos
1776 5233 1816 5302 ρ*
1833 5236 1859 5287 in
1882 5253 1930 5300 my.
1950 5241 1974 5286 ct
1986 5234 2068 5286 Sirra.

409 5318 453 5382 (cs.
468 5336 496 5384 p.
510 5317 630 5384 150,11),
648 5321 778 5372 feriendus
789 5320 823 5386 Β,
841 5319 942 5373 ferierui
955 5321 1008 5385 Vn,
1026 5323 1170 5374 feriendum
1188 5325 1234 5376 rel.
1332 5322 1366 5375 26
1384 5324 1495 5376 iacemea
1513 5323 1581 5387 libri,
1598 5321 1695 5374 emend.
1710 5321 1787 5373 Sirra.
1882 5319 1915 5372 27
1934 5323 2031 5389 excipit
2043 5322 2070 5374 B

407 5403 488 5471 tergo]
507 5422 568 5472 ergo
586 5405 665 5458 Sirra
763 5407 887 5459 lituorum
904 5405 973 5474 r2p,
995 5407 1099 5460 litorum
1117 5410 1193 5460 ceter-i
1323 5408 1358 5461 28
1380 5411 1502 5463 affatibus
1522 5408 1547 5458 V
1636 5408 1752 5476 legiones
1773 5405 1841 5474 T2p,
1866 5408 1974 5474 legionis
1992 5411 2071 5460 ceteri

407 5487 441 5540 29
459 5492 610 5544 caelicolum
630 5491 672 5559 ne]
697 5493 762 5545 caeli
783 5493 918 5545 columnae
933 5493 959 5544 B
1063 5495 1234 5546 multitudinis
1251 5493 1292 5546 B¹
1430 5493 1465 5547 30
1489 5503 1665 5548 exsecutorem
1680 5493 1705 5543 V
1837 5491 1871 5545 31
1894 5495 2028 5546 inormitas
2043 5494 2071 5546 B

406 5573 442 5627 32
459 5578 567 5644 pracpiti
579 5577 605 5628 B
700 5575 735 5630 33
752 5577 819 5644 uice]
832 5595 895 5630 ncce
907 5578 1003 5631 Hor-tel
1100 5577 1135 5631 34
1152 5581 1299 5633 misceris
1310 5580 1336 5631 Β
1431 5579 1465 5632 35
1483 5582 1609 5633 sufficeris
1621 5580 1646 5630 Β
1742 5578 1776 5630 36
1793 5580 1867 5633 sorde
1882 5579 1886 5645 1
1901 5582 1936 5632 eit
1948 5581 2013 5633 uliae
2026 5580 2070 5632 131

406 5661 504 5714 diluisti
517 5661 605 5714 Sabou
624 5661 669 5728 (cs.
689 5665 745 5726 186,
763 5661 814 5727 19),
832 5663 936 5716 deluisti
954 5663 1015 5716 libri
1082 5665 1173 5717 mundi
1192 5668 1288 5718 heccm
1299 5685 1326 5734 p,
1345 5667 1509 5722 mundificans
1527 5667 1625 5722 aava
1694 5667 1829 5739 dispendiu
1842 5666 1868 5723 B
1873 5664 1884 5702 ¹
