4566 6532
458 403 520 474 aaa
891 397 1022 460 ccxcvi
1040 396 1163 474 (uersu.
1181 393 1672 472 c‚29)-eorc(ur1sr.c‚aa).

458 587 603 646 attamen
635 577 845 645 sollicitudini
875 582 968 644 meae
992 577 1090 645 debui
1114 579 1299 666 duplicibus
1323 575 1582 663 magnitudinem
1606 583 1748 641 vestram
1771 575 1899 641 indiciis
1923 573 2109 654 informare,

426 687 493 750 tut
518 686 663 771 perlator
685 705 728 749 ex
751 683 870 748 litteris
894 703 1028 747 securus
1050 683 1246 770 principium
1268 682 1465 747 narrationis
1488 680 1648 746 adsumat.
1684 679 1766 744 baec
1788 681 1910 766 scripto
1934 679 2109 764 degustata

457 788 631 852 sufficiant.
676 788 716 852 ad
741 785 821 852 illud
845 794 1010 868 revertor,
1040 785 1281 872 propterquod
1305 787 1464 872 epistolae
1492 785 1713 852 destinantur:
1747 784 1859 849 valere
1887 805 1939 849 me
1970 804 2109 870 corpore

456 895 569 956 nuntio
593 891 656 956 deo
680 892 878 978 supplicans,
901 895 938 955 ut
961 895 1082 954 statum
1106 891 1234 956 animae
1257 889 1299 955 de
1322 896 1432 956 vestra
1454 887 1556 954 iaciat
1578 888 1797 975 prosperitate
1820 889 1975 973 reparari.

1066 1179 1250 1250 ccxuvll
1266 1181 1377 1269 (srrsr.
1391 1183 1422 1263 6,
1438 1181 1505 1268 30).
1566 1193 1568 1196 ’

1048 1375 1286 1451 ennomus
1318 1375 1520 1452 savaro,
1966 1397 1969 1402 ,
2060 1325 2065 1334 ’
2177 1406 2190 1444 r

427 1539 439 1597 ¹
563 1520 654 1615 Non
677 1558 786 1637 potest
809 1550 931 1617 doloris
954 1550 1212 1636 magnitudinem
1236 1550 1346 1635 eloqui
1369 1550 1434 1614 oris
1458 1549 1609 1632 inlantia,
1640 1551 1695 1635 qui
1724 1551 1804 1615 mibi
1828 1551 1868 1616 de
1890 1553 1946 1617 illa
1969 1575 2004 1618 re
2028 1573 2108 1618 con-

455 1652 537 1737 tigit,
561 1652 647 1739 quod
664 1653 779 1719 harum
795 1655 1014 1743 perlatoribus
1029 1653 1071 1719 ad
1087 1653 1256 1739 Liguriam
1273 1653 1444 1718 destinatis
1467 1652 1509 1717 ab
1533 1652 1707 1738 scriptione
1725 1655 1945 1740 temperastis,
1969 1676 2109 1741 quorum

454 1757 728 1822 commeationem
747 1779 805 1822 ros
830 1759 1001 1843 ignorasse
1025 1779 1089 1822 non
1113 1757 1245 1837 credidi,
1270 1762 1304 1822 et
1325 1757 1546 1844 praesentiam
1568 1756 1805 1842 magnitudinis
1827 1765 1955 1824 restrae
1979 1781 1999 1824 a
2022 1761 2108 1845 peti-

454 1859 551 1924 tionis
575 1860 733 1945 qualitate
765 1860 985 1948 deprsbendi;
1016 1861 1112 1926 datur
1139 1862 1226 1927 enim
1255 1861 1395 1926 inveniri
1418 1882 1437 1925 a
1459 1860 1628 1947 dispositis
1652 1867 1874 1926 tractatorem.
1919 1883 1971 1927 me
1995 1868 2107 1927 tamen

454 1970 552 2027 urunt
575 1964 791 2050 epistolarum
814 1964 927 2045 leriae,
952 1985 1033 2050 quas
1050 1963 1091 2028 ad
1107 1965 1258 2028 levamen
1273 1964 1431 2029 maeroris
1447 1964 1511 2029 mei
1528 1964 1626 2028 etiam
1642 1965 1883 2049 occupatissimi
1903 1967 2106 2052 reppulistis.
2164 1982 2190 2019 ¹⁰

423 2074 540 2134 2nunc
563 2065 604 2131 ad
628 2075 704 2132 rota
735 2067 846 2134 redeo.
891 2068 1016 2148 valate,
1048 2067 1092 2132 mi
1121 2067 1257 2149 domini,
1289 2075 1323 2133 et
1353 2069 1531 2134 caelestem
1563 2069 1650 2132 circa
1677 2089 1735 2133 ros
1765 2068 1903 2152 gratiam
1934 2069 2107 2156 multiplici

452 2172 617 2255 resignate
646 2172 827 2258 conloquio.
873 2175 1001 2258 partum
1026 2177 1076 2236 est
1099 2172 1186 2236 enirn
1209 2171 1336 2235 actibus
1357 2172 1475 2236 restris
1499 2173 1619 2258 quietis
1643 2179 1791 2256 tempore
1815 2171 1856 2236 de
1880 2191 1930 2252 ea,
1961 2193 2045 2258 quoe
2071 2174 2104 2237 in

452 2274 618 2338 laboribus
642 2279 714 2339 sata
737 2280 799 2354 est,
823 2275 1030 2340 innocentiae
1054 2295 1162 2340 messe
1183 2273 1340 2361 gaudere.

1040 2581 1245 2651 ocxuvssl
1270 2583 1380 2670 (errsr.
1397 2587 1428 2664 6,
1445 2583 1512 2670 31).

965 2779 1132 2854 nonno
1159 2779 1319 2853 ruens
1345 2779 1593 2856 annonas,
1697 2737 1698 2740 ‘

420 2944 434 3002 1
562 2927 604 3018 P
605 2957 720 3042 ervigil
743 2957 956 3023 beatitudinis
980 2964 1109 3024 vestrae
1133 2979 1212 3023 cura
1235 2958 1327 3043 quasi
1350 2979 1460 3023 eoram
1491 2959 1627 3046 positos,
1654 2958 1686 3022 in
1710 2965 1914 3045 quocumque
1937 2958 2000 3023 loci
2026 2959 2105 3040 sint,
2163 2974 2187 3011 ¹⁵

451 3059 673 3146 obsequentes
705 3061 854 3127 adtendit
883 3068 917 3127 et
948 3064 1018 3126 sine
1046 3062 1122 3127 ullis
1151 3062 1253 3142 leriis,
1286 3062 1362 3128 dum
1392 3063 1518 3147 gratiae
1548 3063 1739 3148 suffragium
1769 3068 1914 3148 praestat
1943 3063 2106 3148 expertis,

449 3162 566 3229 invitat
589 3171 776 3232 extraneos.
820 3164 942 3231 etenim
966 3166 1078 3253 plures
1101 3187 1144 3231 ex
1167 3166 1355 3253 spectaculo
1384 3165 1507 3230 tructus
1536 3167 1707 3253 capiuntur
1733 3165 1855 3230 laboris
1883 3165 1997 3244 alieni,
2026 3167 2107 3250 quia

449 3266 546 3332 discit
568 3288 702 3354 operam
726 3289 858 3350 navare,
881 3269 914 3334 in
938 3269 1028 3335 cuius
1052 3270 1157 3335 oculis
1181 3268 1360 3334 redduntur
1377 3269 1523 3356 praemia
1540 3267 1668 3333 sudoris
1684 3275 1718 3334 et
1733 3267 1821 3334 fidei.
1855 3275 1951 3354 atque
1975 3269 2103 3333 utinam

417 3382 509 3456 2par
531 3371 614 3435 votis
637 3377 728 3436 esset
751 3372 889 3437 effectus
913 3378 956 3454 et,
980 3372 1066 3458 quod
1089 3371 1187 3438 didici
1209 3393 1267 3460 pro
1292 3372 1451 3457 religione
1472 3392 1603 3458 cupere,
1627 3371 1760 3437 daretur
1783 3371 1933 3457 implere!
1968 3370 2103 3436 domine

447 3475 508 3553 mi,
530 3473 707 3539 famulatus
731 3475 795 3540 mei
819 3474 1037 3541 bumilitatem
1061 3475 1222 3541 exbibens
1246 3497 1345 3562 parea
1367 3475 1401 3540 in
1424 3477 1576 3540 maximis
1601 3476 1787 3542 elocutione
1810 3481 1998 3556 contentus,
2023 3475 2103 3560 quid
2158 3490 2186 3530 ⁹⁰

447 3575 585 3642 domnus
609 3577 783 3664 episcopus
808 3577 909 3642 irater
923 3585 1034 3644 vester
1057 3601 1156 3667 super
1178 3579 1304 3644 directa
1318 3580 1485 3665 legatione
1501 3579 1652 3657 senserit,
1675 3578 1936 3666 patefaciendum
1961 3580 2103 3666 praelati

446 3679 566 3744 litteris
588 3679 793 3772 derelinquo.
1028 3685 1031 3694 '

1094 3881 1191 3952 oclu
1215 3885 1324 3972 (arrsr.
1342 3889 1372 3970 6,
1390 3887 1457 3972 32).

1039 4078 1276 4168 ENNODIVS
1316 4081 1507 4156 AVIENO.

416 4245 427 4303 ¹
561 4220 656 4319 (lum
680 4276 812 4343 semper
836 4256 902 4322 sint
925 4257 1106 4322 litterarum
1128 4257 1214 4323 inter
1236 4264 1384 4325 amantes
1400 4258 1541 4324 iucunda
1557 4258 1749 4323 commercia
1772 4264 1805 4323 et
1828 4279 1870 4322 ex
1893 4258 1943 4322 bis
1965 4259 2099 4338 muniis,

443 4356 543 4420 etiam
573 4357 601 4421 si
624 4357 789 4444 Spartana
819 4360 1015 4426 adhibeatur
1044 4357 1206 4443 brevitas,
1239 4362 1359 4448 gaudia
1388 4363 1516 4449 prolixa
1545 4369 1721 4427 nascantur
1749 4363 1879 4448 sintque
1909 4361 2099 4427 huiusmodi
2155 4381 2181 4419 τε

443 4459 550 4524 officia
577 4461 722 4527 remedio
753 4463 964 4548 absentibus,
996 4465 1105 4530 votiva
1137 4466 1301 4547 sollicitis,
1335 4472 1481 4532 attamen
1510 4485 1611 4553 aeger
1638 4466 1765 4531 animus
1795 4487 1895 4553 super
1917 4486 2030 4530 eorum
2055 4466 2098 4531 de

423 4563 564 4649 quibus
587 4564 712 4651 pandet
734 4569 951 4654 prosperitate
975 4569 1115 4634 iactatur
1138 4576 1171 4634 et
1194 4569 1255 4634 bac
1278 4575 1404 4635 tantum
1427 4570 1595 4635 curatione
1619 4570 1769 4656 respirat,
1793 4589 1977 4655 quomrum
1994 4577 2099 4654 negat

328 4748 331 4753 Ι
412 4668 551 4732 lanxiis
574 4669 617 4749 is,
650 4669 705 4754 qui
735 4671 825 4737 nullo
853 4671 991 4737 labascit
1013 4673 1155 4752 incerto,
1187 4671 1334 4759 resignat
1356 4695 1392 4738 so
1416 4673 1587 4758 diligentia
1608 4694 1673 4737 non
1696 4673 1811 4737 teneri.
1857 4679 2018 4760 paverunt
2040 4673 2099 4736 diu

443 4771 585 4836 animum
614 4793 724 4838 meum
751 4795 772 4838 a
798 4775 1026 4861 magnitudine
1050 4780 1158 4840 restra
1186 4773 1350 4858 destinata
1378 4777 1541 4863 colloquia
1568 4784 1601 4841 ct
1628 4775 1783 4841 hilaritati
1806 4796 1950 4860 congrua
1972 4775 2099 4860 pabula

545 5063 560 5118 1
578 5068 697 5121 ιᾱωιιοη
710 5066 736 5120 Β
804 5069 895 5122 indicia
911 5068 953 5119 V⁰
1056 5068 1073 5122 2
1091 5071 1186 5124 scribto
1198 5068 1224 5122 Β
1327 5068 1475 5124 dsufficiat
1485 5071 1511 5122 Β
1580 5071 1735 5124 distineatur
1746 5068 1773 5122 Β
1874 5068 1893 5121 4
1907 5069 1993 5123 statui·
2006 5071 2032 5122 B

545 5168 703 5238 [CCXCVII]
739 5169 806 5224 ‘lad
824 5173 946 5241 lagorium
969 5173 1133 5226 distinotisB
1229 5171 1274 5243 ab]
1292 5175 1370 5241 adB,
1391 5175 1436 5228 ab
1574 5171 1719 5228 9datorB
1858 5171 1890 5242 lO
1907 5177 2100 5243 oecopatissinri

439 5257 583 5324 reppolistis
595 5258 621 5309 Β
732 5256 764 5310 12
781 5259 909 5326 colloquio
925 5259 950 5309 V
1057 5259 1090 5312 13
1108 5278 1190 5314 measa
1207 5262 1320 5329 gaudere
1336 5261 1347 5328 ll
1364 5261 1405 5312 bic
1422 5261 1490 5314 deaut
1506 5262 1534 5313 ia
1546 5259 1572 5312 B
1582 5262 1690 5329 solium,
1713 5261 1740 5311 ia
1758 5277 1807 5327 quo
1824 5261 1920 5327 scripta
1937 5270 2014 5312 mont
2029 5280 2101 5328 qum

438 5351 578 5408 maranno·
594 5361 673 5411 aspare
690 5345 727 5396 od
742 5363 768 5412 p.
781 5349 840 5410 229,
857 5350 896 5399 29.
926 5347 959 5398 ab
976 5347 1072 5400 editore
1089 5348 1235 5400 Basilecaei
1251 5349 1380 5400 mamam
1397 5347 1539 5400 αάἠίὸίίανη
1556 5357 1599 5401 est.
1909 5351 1910 5354 ’

543 5443 862 5515 [ccxcv111]*141·:nn.
880 5449 1002 5502 domnino
1021 5451 1128 5519 pnpaod
1233 5449 1266 5504 15
1283 5452 1422 5520 positumb
1520 5449 1554 5503 16
1571 5452 1686 5505 adtendit
1698 5451 1721 5515 b,
1738 5449 1883 5503 attonditV
1978 5449 2012 5502 l'l
2030 5455 2100 5504 sxb

436 5529 665 5672 ἑσιῇἇωῖῗείἒὶ),
688 5536 719 5586 de
735 5535 830 5586 Vtro
844 5533 890 5602 (cs.
907 5540 987 5602 pati,
1005 5538 1047 5603 13)
1185 5537 1217 5590 19
1235 5555 1329 5606 euporo
1345 5536 1431 5602 Two,
1457 5555 1576 5606 cuperem
1596 5536 1684 5588 Vtut
1822 5535 1857 5587 20
1879 5533 1923 5601 mi]
1947 5537 2012 5588 mibi
2034 5537 2100 5590 rto

543 5719 638 5790 [cclc]
674 5721 708 5775 24
726 5725 865 5778 iocundab
970 5722 1004 5776 27
1022 5729 1115 5794 pandat
1132 5727 1180 5792 Ti,
1197 5729 1285 5796 pendit
1299 5728 1406 5781 Vwo
1509 5728 1544 5781 28
1560 5727 1597 5795 se]
1614 5729 1685 5782 sodb
