4508 6526
920 395 1040 451 CDLXV
1060 396 1180 464 (caan.
1198 397 1224 458 2,
1242 398 1279 464 6),
1297 395 1431 452 cnuxvt
1451 397 1554 462 (DlCT.
1573 400 1628 466 28).

1080 655 1232 723 cnm
1256 658 1362 741 (canu.
1379 661 1410 736 2,
1426 658 1472 742 6).

1010 835 1270 910 EPITAFIVM
1297 837 1539 910 MELISSAE.

815 988 961 1075 Corpore
985 988 1112 1052 devicto
1134 987 1272 1051 moritur
1293 987 1500 1072 quicumque,
1524 995 1704 1073 superstat:

861 1091 951 1155 Dant
973 1091 1031 1155 leti
1055 1092 1165 1176 legem
1188 1091 1325 1155 crimina
1348 1093 1420 1156 sola
1441 1091 1575 1156 homini.

814 1195 871 1260 Nil
893 1195 963 1274 tibi,
985 1195 1091 1280 virgo,
1113 1197 1213 1281 perit:
1237 1217 1368 1260 carnem
1391 1217 1485 1260 mens
1508 1217 1591 1283 pura
1613 1195 1745 1268 refudit,

859 1298 952 1372 Quae
976 1319 1152 1384 numquam
1175 1299 1287 1364 mundi
1310 1300 1392 1363 vixit
1416 1301 1448 1363 in
1472 1299 1650 1384 obsequiis.

744 1418 755 1454 ³
813 1402 945 1467 Funera
968 1403 1064 1466 busta
1088 1404 1169 1487 rogi,
1193 1405 1355 1468 scelerum
1379 1403 1553 1488 stipendia,
1577 1410 1724 1468 cessent!

858 1506 911 1572 De
935 1507 1002 1570 vita
1025 1507 1066 1570 ad
1090 1507 1190 1572 vitam
1213 1508 1371 1572 transitus
1394 1509 1458 1572 iste
1481 1508 1601 1594 placet.

1086 1834 1260 1902 cltnxvl
1284 1837 1376 1922 (nrcr.
1394 1838 1460 1922 28).

287 1933 462 2090 ditia}
888 2010 977 2075 uno
1001 2010 1431 2076 nm1o1va1>nnnns
1456 2011 1665 2079 ansatus.

322 2095 361 2133 ast
375 2089 409 2136 ll).

415 2149 425 2206 t
557 2110 737 2220 Quantum
754 2140 851 2205 docet
865 2141 1086 2220 inclementia,
1103 2140 1273 2226 perdidisti
1285 2143 1507 2206 testimonium
1521 2144 1665 2226 generis,
1681 2141 1765 2227 quod
1778 2142 1935 2228 opinione
1949 2143 2112 2206 mentiris.

443 2253 570 2310 constat
585 2245 727 2309 Veneris
758 2264 823 2308 non
852 2265 925 2308 esse
954 2242 1057 2306 lilium
1086 2244 1131 2307 nil
1162 2253 1336 2309 amantem.
1382 2245 1462 2309 ordo
1490 2267 1599 2309 rerum
1629 2254 1696 2319 est,
1727 2253 1763 2308 ut
1785 2245 1976 2331 prosapiem
2002 2267 2113 2309 mores

443 2349 637 2413 adnuntient
659 2355 708 2428 et,
740 2368 804 2432 quo
833 2348 907 2432 quis
938 2353 1070 2410 auctore
1100 2347 1132 2410 in
1163 2348 1269 2411 lucem
1292 2351 1435 2426 venerit,
1466 2351 1538 2414 eius
1567 2350 1653 2414 lacta
1676 2357 1831 2413 sectetur.
1877 2348 1954 2412 diva
1981 2349 2111 2414 Idaliae

442 2452 646 2518 nescientem
677 2449 879 2537 respondere
909 2450 1077 2514 beneficiis
1108 2471 1170 2514 non
1201 2453 1361 2534 agnoscit.
1406 2473 1470 2516 non
1500 2452 1588 2516 sama
1618 2452 1719 2528 filios,
1752 2451 1810 2516 sed
1843 2452 2110 2516 conversationis
2169 2476 2179 2508 τ,

441 2563 601 2622 monstrat
630 2555 823 2641 aequalitas.
869 2554 905 2622 εἰ
927 2552 1059 2618 diversa
1087 2555 1128 2618 sit
1161 2557 1377 2634 conscientia,
1410 2558 1465 2619 vix
1498 2555 1660 2620 credenda
1688 2565 1836 2620 estesse
1861 2556 2000 2622 suboles
2024 2577 2111 2642 quae

311 2699 318 2703 -
412 2667 596 2740 precatur.
637 2667 670 2723 te
692 2659 802 2745 potius
826 2656 987 2721 Caucasei
1014 2658 1133 2741 rigoris
1156 2665 1334 2745 praerupta
1357 2665 1543 2743 gennemnt
1565 2666 1622 2724 aut
1645 2667 1838 2744 conceptum
1861 2661 1894 2723 in
1918 2660 2111 2724 recessibus

441 2763 601 2826 montium
632 2783 734 2826 saxea
764 2761 857 2825 alvus
887 2759 1003 2824 effudit
1035 2769 1084 2840 et,
1113 2783 1154 2826 ne
1185 2762 1256 2826 dira
1287 2765 1495 2827 nutrimentis
1523 2771 1642 2827 natura
1669 2765 1892 2844 mollesceret,
1924 2765 2110 2850 eripientes

443 2867 583 2931 salutem
607 2866 725 2930 ceteris
748 2865 924 2950 Hyrcanae
948 2863 1085 2949 tigrides
1108 2865 1264 2929 alimenta
1287 2866 1520 2952 praebuerunt.
1563 2868 1699 2931 nutrivit
1723 2873 1755 2931 te
1779 2868 1835 2930 illa
1857 2867 1994 2944 feritas,
2024 2889 2109 2953 quae

442 2968 595 3034 trucidat.
628 2989 704 3033 nam
720 2968 797 3053 quid
812 2968 892 3032 mihi
908 2967 1171 3032 dissimulatione
1188 2969 1370 3055 pollicitor?
1402 2977 1459 3034 aut
1472 2970 1548 3055 quid
1566 2970 1726 3054 sperando
1743 2971 1880 3034 meliora
1897 2971 2108 3055 suspendor?

442 3093 508 3138 non
537 3063 681 3138 reddidit
711 3071 843 3136 fletibus
873 3072 1043 3150 lacrimas,
1074 3093 1156 3156 quae
1184 3073 1255 3136 eius
1285 3093 1393 3136 amore
1422 3079 1508 3138 torta
1529 3074 1724 3148 tundebam
1756 3095 1821 3136 non
1844 3075 1994 3158 gemitus
2017 3095 2110 3139 meos

441 3178 582 3263 propriis
613 3197 707 3241 mens
736 3182 874 3240 cruenta
902 3183 953 3239 cst
982 3173 1152 3238 consolata
1181 3174 1341 3259 suspiriis.
1387 3176 1419 3238 in
1447 3174 1614 3242 doloribus
1644 3177 1743 3242 meis.
1775 3174 1861 3260 quod
1892 3177 2028 3240 unicum
2061 3187 2110 3242 est

442 3279 638 3361 remedium,
670 3301 737 3344 non
768 3279 920 3343 exhibuit
948 3279 1020 3365 pari
1053 3278 1165 3341 dolore
1189 3279 1364 3363 collegam,
1394 3281 1470 3364 quia
1493 3301 1578 3364 pene
1602 3282 1691 3344 solus
1714 3285 1765 3344 est
1786 3280 1819 3342 in
1843 3279 2018 3343 anxietate
2042 3287 2109 3344 ter-

411 3385 550 3464 gminus
576 3373 741 3449 invenisse
762 3384 967 3468 participem.
1006 3381 1066 3446 sed
1082 3401 1166 3466 quae
1183 3383 1318 3466 eloquar
1332 3383 1456 3464 nescio,
1478 3405 1562 3468 quae
1577 3386 1772 3470 relinquam.
1809 3382 1892 3447 haec
1908 3404 1974 3448 nec
1989 3383 2110 3449 dexter

440 3487 575 3552 Iunonis
598 3489 711 3553 oculus
734 3510 795 3552 nec
820 3488 937 3552 summi
961 3486 1105 3551 tonantis
1127 3486 1273 3570 patietur
1295 3493 1459 3571 aspectus,
1482 3494 1519 3552 nt
1534 3509 1592 3574 pro
1608 3495 1655 3551 tot
1673 3487 1819 3573 inpensis
1836 3490 2107 3571 sequestratione
2165 3511 2175 3548 s

441 3613 613 3656 consumar
643 3613 703 3656 nec
734 3590 824 3655 aliud
853 3592 976 3677 pietate
1009 3589 1242 3676 promoverim,
1282 3590 1342 3653 nisi
1372 3598 1408 3654 nt
1439 3613 1568 3656 merear
1595 3615 1659 3656 non
1690 3591 1802 3657 amari.
1848 3592 1915 3656 heu
1950 3591 2036 3658 tides
2068 3593 2107 3659 ab

439 3698 603 3762 universis
619 3695 813 3782 proturbata
827 3694 1022 3760 mortalibus
1041 3699 1073 3757 et
1089 3692 1175 3779 quod
1191 3692 1351 3758 hactenus
1365 3694 1553 3759 numinibus
1570 3695 1719 3760 homines
1736 3696 1897 3781 iungebat
1910 3698 2106 3783 expulsum!

440 3802 570 3887 suscepi
594 3798 781 3865 miseranda
804 3799 999 3883 naufragum
1022 3805 1057 3861 et
1080 3797 1151 3860 eins
1175 3795 1296 3860 dicioni
1320 3798 1466 3882 reginam
1491 3797 1621 3863 subdidi
1645 3806 1799 3864 manente
1823 3799 1996 3864 felicitatis
2019 3807 2107 3864 sorte

408 3907 616 3990 scaptivam.
655 3905 719 3968 leci
742 3909 778 3967 ut
793 3907 909 3987 ageret
923 3901 1092 3967 dominum
1111 3900 1268 3985 profugus
1285 3901 1478 3986 inperantis.
1515 3923 1601 3966 nunc
1615 3902 1725 3967 lurore
1745 3923 1906 3967 succensa
1923 3903 2108 3968 discrucior

442 4015 475 4094 et
502 4029 603 4094 quare
634 4027 808 4093 possessor
838 4025 890 4068 me
920 4006 1052 4070 deserat
1081 4004 1271 4088 ingemisco.
1319 4025 1397 4089 ergo
1420 4006 1584 4091 Apollinis
1613 4008 1758 4091 augttriis
1782 4015 1919 4071 vocatus
1950 4005 2105 4072 abscedis
2152 4055 2160 4067 .

440 4119 474 4176 et
496 4113 595 4176 sortis
618 4111 742 4196 Lyciae
773 4131 884 4175 casum
917 4110 1014 4174 certis
1043 4114 1077 4172 et
1107 4107 1193 4193 apud
1221 4115 1254 4172 te
1283 4109 1348 4173 iant
1376 4111 1540 4174 manentis
1570 4112 1745 4195 praeponis
1776 4111 1933 4197 inperiis?
1981 4111 2105 4174 scilicet

440 4215 639 4280 caelestibus
663 4212 841 4280 crudelitas
865 4215 930 4277 ista
949 4218 1143 4301 procuratur
1158 4211 1346 4276 auctoribus
1364 4219 1398 4276 et
1414 4211 1575 4300 interpres
1593 4235 1785 4300 superorum
1802 4213 1843 4278 ad
1860 4215 1921 4278 hos
1938 4214 2105 4279 hominem

442 4318 601 4404 conpellit
624 4339 793 4396 excessus,
812 4324 853 4382 -ut
876 4317 1044 4403 diligentis
1067 4317 1165 4382 litora
1188 4317 1281 4401 quasi
1306 4317 1408 4379 solum
1433 4317 1552 4381 hostile
1576 4317 1734 4402 diffugiat,
1757 4325 1794 4381 ut
1809 4339 1869 4403 per
1884 4325 2104 4404 tempestates

403 4423 582 4504 bsalutem
612 4422 730 4508 prodat
752 4425 807 4508 qui
835 4423 937 4486 solum
967 4421 1052 4507 iugit
1081 4421 1256 4486 adlectum.
1302 4420 1402 4484 vade!
1437 4422 1575 4486 ulterius
1603 4443 1667 4485 non
1696 4421 1857 4486 morabor.
1905 4422 2012 4488 habet
2035 4424 2104 4486 rin·

544 4681 681 4754 [CDLXV]
717 4684 838 4750 Sequatur
860 4682 908 4733 Ιιοο
931 4682 1087 4748 epitaphium
1112 4683 1196 4733 sattim
1215 4689 1275 4746 post
1298 4681 1454 4747 epitaphium
1478 4679 1597 4730 Rusticus
1620 4679 1694 4748 (pap.
1711 4679 1769 4738 321)
1795 4682 1823 4732 in
1843 4681 1965 4733 VLTOP
2052 4683 2102 4752 epi·

437 4772 554 4840 taphium
576 4771 601 4820 V
701 4769 754 4822 v.1
773 4768 940 4838 suprestatB
1043 4765 1100 4818 nh
1117 4763 1224 4834 homini]
1244 4768 1305 4818 boni
1323 4766 1403 4818 Touo
1509 4786 1532 4818 r.
1551 4765 1568 4816 5
1586 4770 1655 4836 rogis
1672 4768 1840 4821 caelorumB

457 4919 458 4922 ,
543 4872 696 4942 [CDLXVI]
729 4875 740 4926 1
761 4875 845 4926 Verba
857 4873 966 4924 Didonis
984 4889 1043 4924 cnm
1062 4873 1200 4924 abeuntem
1219 4871 1318 4923 uiderat
1330 4874 1445 4924 Aeneam
1464 4873 1540 4922 itiner.
1555 4871 1634 4923 Sim.
1738 4871 1906 4926 2inclemtia
1925 4871 2102 4942 perdedistiB

439 4965 585 5030 opinionem
597 4962 624 5012 B
735 4959 753 5012 4
771 4962 926 5012 annuntient
942 4960 966 5008 V
1039 4961 1145 5010 nectitur
1157 4959 1184 5008 B
1295 4956 1312 5008 6
1330 4967 1441 5011 monetat
1454 4958 1498 5008 B‘²
1573 4960 1671 5010 subolis
1684 4960 1717 5023 Β,
1734 4960 1830 5011 sobolis
1848 4961 1934 5024 ceteri,
1952 4978 2002 5012 ent.
2015 4961 2102 5012 Schott

436 5059 462 5101 ct
473 5049 553 5102 Sis-m.
670 5047 729 5101 't'te
746 5067 795 5102 orn.
807 5047 833 5099 B
912 5049 1028 5100 caumsei
1040 5047 1086 5097 Β(Ι
1169 5046 1263 5112 rigoris
1276 5044 1301 5095 Β
1374 5053 1421 5096 aut
1439 5045 1460 5110 (t
1477 5063 1533 5111 sup.
1547 5045 1604 5109 lin.)
1616 5045 1642 5096 Β
1756 5043 1774 5096 8
1792 5047 1944 5098 molliscarit
1957 5047 1983 5097 Β
2057 5048 2104 5098 en'·

438 5137 537 5203 pientes
554 5136 644 5200 Siros,
667 5136 799 5204 eripientis
818 5135 878 5186 libri
1009 5131 1025 5183 9
1043 5134 1135 5184 ceteds
1148 5131 1173 5181 Β
1190 5141 1213 5182 et
1232 5132 1311 5182 stan.
1329 5132 1357 5181 in
1374 5141 1436 5194 aot,
1456 5132 1569 5198 cytheris
1587 5133 1663 5182 ceteri
1758 5133 1885 5184 tercurtae
1901 5133 1930 5196 V,
1954 5131 2104 5186 bercaneB

438 5224 548 5291 tygridis
560 5223 594 5288 B,
610 5225 712 5290 tigridis
724 5224 808 5286 meri,
825 5239 873 5272 ern.
888 5220 976 5272 Schott
993 5229 1016 5271 et
1029 5219 1106 5270 Sina.
1210 5215 1243 5268 10
1259 5219 1396 5286 pollicetur
1408 5218 1433 5268 B
1497 5219 1639 5285 suspendor
1652 5216 1723 5282 Bou,
1740 5226 1870 5270 sustemor
1886 5219 1926 5268 Va
1932 5219 1959 5268 T
1960 5218 1981 5284 ¹,
1998 5236 2103 5287 snspen-

438 5319 478 5360 tor
493 5309 543 5374 Vh,
560 5319 695 5378 captentur
707 5309 731 5359 1.
826 5306 857 5359 ll
876 5325 950 5360 mena
962 5307 988 5357 Β
995 5305 1071 5357 VLT
1160 5302 1193 5355 13
1212 5305 1336 5356 exhibuet
1348 5305 1374 5355 Β
1431 5305 1555 5372 collegam
1567 5302 1638 5369 Pto,
1655 5307 1777 5373 colligam
1789 5307 1865 5357 ceteri
1924 5308 2060 5359 anxietate
2072 5305 2104 5368 B,

437 5404 505 5448 etate
523 5398 607 5460 ceteri,
623 5397 706 5462 spatio
722 5413 803 5446 uacuo
821 5396 908 5446 relicto
926 5395 954 5444 in
970 5393 1025 5445 Vct
1042 5393 1066 5444 T
1177 5391 1211 5443 15
1228 5394 1333 5444 summit
1346 5391 1371 5442 Β
1490 5390 1523 5442 16
1540 5392 1605 5443 aliut
1616 5391 1642 5441 B
1715 5393 1887 5458 promouisem
1900 5392 1925 5443 Β
2003 5392 2104 5446 ledisB

438 5480 470 5532 lt
490 5481 649 5550 numinibus]
669 5484 788 5535 nomibns
800 5480 843 5533 B¹
916 5481 1027 5532 hominis
1038 5479 1065 5531 B
1175 5476 1208 5529 18
1226 5480 1322 5547 suscipi
1334 5478 1360 5528 B
1436 5479 1627 5546 naufraginmh
1704 5481 1818 5546 reginam
1836 5481 1936 5531 surdidi
1949 5481 1984 5545 B,
2001 5481 2103 5533 subdidi

438 5570 555 5636 reginam
565 5569 641 5620 ceteri
722 5568 755 5618 19
767 5569 916 5635 imperantis
926 5567 1030 5630 Hartel,
1047 5569 1165 5634 inperant
1174 5565 1208 5630 B,
1219 5566 1346 5633 imperant
1359 5565 1412 5629 VL,
1424 5567 1589 5633 imperantem
1604 5565 1656 5629 ΤΡ,
1667 5565 1862 5632 imperanlnrtl,
1874 5567 2103 5633 imperatorSirnt.

437 5672 507 5706 nunc
526 5657 552 5718 (c
570 5673 624 5721 sup.
640 5655 696 5718 lin.)
713 5655 737 5702 V
846 5653 883 5705 20
899 5662 925 5706 et
942 5673 990 5705 om.
1005 5654 1084 5705 Sirra.
1163 5655 1280 5720 auguriis
1297 5663 1405 5704 uocatus
1417 5652 1450 5716 B,
1467 5663 1577 5705 uocatus
1594 5653 1710 5720 auguriis
1728 5653 1803 5702 ceteri
1917 5652 1951 5704 21
1973 5651 2009 5722 et]
2029 5654 2104 5706 ectB

436 5744 509 5794 liciae
522 5741 579 5792 BV
639 5744 803 5794 manentibus
821 5743 884 5793 costi.
900 5741 995 5792 Hurtcl
1093 5739 1128 5792 23
1145 5741 1304 5808 tempestatis
1316 5741 1342 5790 Β
1440 5739 1474 5792 24
1492 5741 1549 5807 tigit
1562 5740 1587 5790 B
1650 5741 1770 5791 allectum
1787 5737 1813 5787 Γ
1874 5738 1967 5809 habet]
1986 5741 2104 5794 aurentii
