4538 6436
799 368 888 424 xum
907 369 1027 438 (onan.
1047 373 1070 434 ι,
1088 373 1124 438 a).

422 552 445 589 ³⁵
504 538 685 621 Pulchrior,
709 548 743 608 et
765 549 857 608 easta
880 543 1039 609 ridentem
1062 546 1136 612 luce
1159 547 1297 632 liguram

500 641 668 708 Laudibus
690 643 733 709 ad
756 647 883 710 eaelum
906 655 1024 735 portat.
1063 648 1163 714 decus
1186 651 1242 716 illa
1264 651 1411 736 prolecto

501 748 630 814 Adtulit
652 749 727 816 huic
749 751 862 833 facies,
886 773 968 838 quae
993 754 1102 819 multis
1124 775 1224 820 causa
1245 757 1360 842 pericli

502 851 610 940 Saepe
632 853 711 918 luit:
735 854 908 941 pulchrum
932 858 1011 923 satis
1036 865 1087 924 est
1109 861 1269 926 mansisse
1292 861 1454 948 pudicum.

503 955 597 1022 Haec
620 958 683 1022 nisi
706 957 747 1024 de
771 979 897 1025 summo
921 980 985 1026 non
1008 960 1128 1028 dantur
1150 964 1291 1030 culmine
1315 964 1458 1052 Olympi.

504 1058 617 1125 Sicubi
637 1063 817 1148 contingat,
840 1065 892 1129 vel
916 1065 1041 1130 formae
1065 1068 1236 1134 commoda
1259 1070 1380 1134 sanctis

395 1239 402 1252 ,
501 1163 669 1230 Mentibus
692 1164 896 1246 adcrescant,
921 1168 1008 1234 bello
1033 1191 1069 1234 se
1092 1171 1224 1238 vincere
1247 1179 1373 1238 certant

500 1265 593 1332 'l'unc
616 1267 774 1349 homines,
797 1268 968 1356 funditque
993 1272 1094 1338 decus
1118 1276 1169 1340 vel
1192 1297 1329 1340 munera
1350 1283 1458 1342 terrae

500 1369 629 1436 Dextra
650 1372 779 1436 animae
802 1373 948 1459 vivitque
974 1376 1045 1454 sibi,
1070 1377 1146 1442 dum
1169 1377 1297 1464 deperit
1318 1379 1376 1445 illi.

501 1473 595 1539 Haec
619 1497 693 1538 oum
715 1477 888 1562 multiplici
910 1480 1050 1564 populus
1072 1490 1221 1547 narraret
1244 1483 1285 1548 ab
1309 1504 1376 1560 ore,

433 1592 443 1625 f·
503 1577 579 1644 Vna
601 1579 663 1643 fuit
685 1581 812 1644 cunctis
836 1583 999 1648 sententia
1022 1583 1089 1648 lixa
1111 1587 1259 1651 catervis.

501 1681 612 1747 Turba
635 1681 845 1749 sacerdotum
868 1685 1122 1772 venerandaque
1146 1689 1235 1752 curia
1259 1689 1375 1754 saeclis

501 1784 613 1872 Elegit
635 1787 738 1852 voluit
761 1790 880 1853 meruit
902 1791 1048 1878 suscepit
1071 1794 1201 1857 amavit.

547 1888 636 1957 Ecce
659 1891 749 1956 aliud
771 1891 925 1976 dictuque
950 1914 1070 1958 novum
1094 1897 1241 1962 mirabile
1265 1899 1391 1962 cunctis

501 1991 720 2076 Transieram,
748 1995 835 2081 quod
859 1998 997 2083 quisque
1020 2006 1129 2084 pavet,
1159 2001 1246 2085 quod
1273 2003 1409 2088 suspicit
1431 2003 1530 2070 orbis.

420 2113 443 2144 -·
503 2095 569 2160 Vix
593 2097 779 2186 primaevus
803 2109 883 2180 erat,
908 2101 1056 2166 tremulis
1080 2124 1152 2167 cum
1175 2104 1288 2170 limina
1310 2106 1392 2171 lucis

501 2199 679 2267 Caloantur
701 2204 832 2290 plantis,
857 2226 930 2270 curn
954 2208 1066 2270 matris
1089 2207 1131 2272 ab
1153 2209 1257 2274 ubere
1281 2210 1384 2295 raptis

500 2304 658 2370 Blandior
681 2328 700 2371 a
723 2313 837 2373 tenero
861 2329 960 2374 sucus
983 2308 1174 2376 subducitur
1197 2312 1328 2393 haustu,

500 2408 629 2476 Callida
651 2412 822 2476 mentitum
846 2414 999 2497 genetrix
1022 2435 1096 2478 curu
1118 2414 1202 2481 forte
1225 2437 1375 2502 saporem

499 2512 690 2579 Herbarum
713 2515 858 2599 querulis
882 2516 1023 2582 infundit
1045 2516 1127 2584 dura
1149 2519 1288 2598 labellis,

432 2657 435 2666 ·
500 2618 638 2684 Nesciat
660 2625 696 2684 ut
718 2625 815 2685 natus
839 2627 939 2706 gustu
962 2641 1162 2706 cognoscere
1185 2629 1332 2700 matrem,

500 2720 597 2787 Vnde
620 2721 834 2788 subornatum
857 2723 1009 2790 sorbetur
1034 2725 1117 2788 lacte
1141 2731 1260 2811 negato

500 2825 663 2892 Faucibus
686 2825 822 2891 insuetis
846 2825 983 2892 ridenda
1005 2827 1120 2894 fraude
1145 2849 1324 2894 venenum:

501 2930 598 2995 Istius
621 2933 679 2996 illa
699 2931 771 3009 fuit,
796 2953 869 2996 curn
893 2934 1023 3018 signum
1046 2934 1191 3020 contigit,
1214 2941 1316 3000 aetas.

501 3034 586 3099 Nam
608 3035 741 3100 fulsisse
764 3035 874 3101 ferunt
898 3037 994 3101 huius
1019 3038 1183 3103 cunabula
1205 3059 1325 3124 magno

501 3136 651 3219 Lumine,
675 3160 748 3203 curn
771 3146 881 3204 tantus
907 3141 1076 3207 micuisset
1101 3131 1257 3228 splendor
1278 3144 1312 3207 in
1334 3143 1403 3222 illo,

501 3244 652 3319 Quantus
675 3245 708 3310 in
732 3247 925 3332 obsequium
950 3248 1056 3333 potuit
1081 3259 1157 3312 tunc
1181 3249 1312 3333 fungier
1334 3249 1460 3328 aether,

501 3346 585 3413 Cum
608 3349 718 3413 iussus
742 3351 865 3414 servire
891 3351 959 3415 viro
984 3352 1136 3416 mortalia
1159 3353 1277 3438 raptim

501 3452 650 3518 Membra
673 3454 762 3518 levat
782 3454 880 3520 labsu
904 3455 1060 3541 gradiens
1083 3457 1174 3522 celer
1194 3457 1281 3542 ignis
1302 3455 1444 3543 Olympi,

501 3554 722 3642 Cornipedum
746 3559 863 3644 pernix
886 3580 1002 3623 cursus
1025 3560 1171 3624 imitatus
1195 3581 1364 3644 equorum.

429 3675 441 3708 5·
503 3659 669 3746 Prospera
691 3680 755 3725 non
779 3662 875 3727 aliter
899 3684 1036 3749 puerum
1060 3672 1137 3728 tunc
1160 3665 1291 3730 fflmma
1314 3685 1487 3751 pererrans

501 3763 626 3830 Circuit
649 3765 800 3830 inlustrat
823 3774 1001 3833 veneratur
1025 3769 1164 3854 suspicit
1186 3769 1297 3834 ambit.

548 3870 633 3935 Turn
654 3871 795 3957 pavidus
819 3874 951 3957 genitor
973 3875 1149 3939 summisso
1173 3873 1296 3939 lumine
1319 3873 1423 3938 fatur:

501 3974 657 4040 “Summe
681 3975 790 4056 deum,
814 3978 918 4042 sancti
942 3985 1063 4058 custos,
1086 3979 1141 4064 qui
1164 3979 1306 4044 eulmine
1330 3978 1412 4042 caeli

501 4077 621 4144 Omina
643 4077 760 4144 dextra
781 4081 874 4160 facis,
897 4102 981 4166 quae
1005 4083 1113 4147 cernis
1137 4083 1260 4148 lumine
1284 4081 1413 4160 dextro,

437 4197 439 4200 ’
503 4181 601 4247 Hunc
625 4182 686 4248 tibi
709 4182 750 4249 de
774 4186 887 4270 primis
911 4193 945 4251 et
967 4187 1074 4252 adhuc
1097 4187 1305 4274 reptantibus
1327 4186 1432 4262 annia,

502 4285 623 4352 Sancte
647 4295 753 4374 pater,
778 4311 892 4370 voveo,
917 4312 1013 4376 quern
1037 4290 1178 4356 necdum
1201 4290 1352 4357 cassibus
1374 4291 1453 4356 artis

501 4389 645 4456 Lubrica
667 4394 806 4458 terrenis
829 4394 1001 4460 innectunt
1023 4397 1157 4462 saccula
1179 4395 1285 4481 culpis
1308 4431 1350 4442 -

501 4493 572 4560 Nee
589 4494 714 4560 iaciant
729 4518 783 4559 -:
808 4497 860 4578 sit,
879 4518 1006 4563 summe
1022 4498 1115 4579 deus,
1140 4499 1201 4564 tibi
1216 4518 1335 4562 munus
1352 4493 1532 4583 opimum”.

500 4598 594 4665 Haec
618 4600 665 4664 ait
688 4608 722 4666 ct
745 4602 898 4668 lacrimas
922 4625 1002 4690 quas
1024 4611 1179 4690 promunt
1201 4593 1322 4689 gaudia
1344 4600 1461 4666 lundit.

433 4743 438 4754 ·
503 4703 692 4791 Crispinum
714 4706 798 4792 petit
820 4706 896 4771 inde
920 4707 1039 4785 libens,
1063 4728 1159 4792 quern
1181 4705 1293 4773 dicere
1318 4704 1416 4792 digno

500 4806 576 4872 Non
599 4806 695 4872 datur
718 4808 862 4895 cloquio,
886 4831 947 4875 neo
972 4809 1119 4875 simodo
1143 4817 1257 4896 surgat
1279 4809 1412 4874 Averno

500 4908 565 4983 Qui
587 4912 694 4997 potuit
714 4913 835 4998 rigidas
859 4912 900 4980 de
924 4913 1059 5000 rupibus
1082 4913 1282 5000 Appennini,

501 5013 653 5078 Flumina
675 5037 750 5080 cunr
773 5022 912 5096 starent,
936 5017 978 5082 ad
1001 5018 1164 5102 plectrum
1186 5016 1305 5082 ducere
1329 5015 1439 5081 silvas.

237 5257 491 5326 v.75fngunt
629 5255 847 5312 allattuIitV
986 5257 1202 5327 v.78pulcrnm
1225 5259 1419 5326 euplirahB
1556 5253 1792 5326 afflamina}

133 5346 284 5414 contingant
302 5345 390 5408 Sis-n,
407 5344 579 5412 appaream
597 5353 627 5397 ut
643 5355 689 5396 ortt
706 5363 738 5396 a
756 5347 798 5399 vel
815 5346 997 5412 corripendum
1118 5364 1144 5398 r,
1163 5345 1195 5397 81
1215 5342 1322 5408 canna]
1345 5347 1455 5398 cornua
1465 5342 1509 5398 13¹
1631 5360 1656 5394 v.
1674 5341 1709 5394 82
1727 5353 1795 5396 torm

134 5431 214 5484 ssu.
359 5430 604 5499 v.83deparatB
743 5431 1222 5496 mammaemammal
1361 5429 1796 5496 afflaustucodimmtud,

132 5535 179 5570 cna
198 5517 278 5570 Sin.
393 5535 418 5569 v.
436 5517 704 5574 acumem
812 5535 836 5570 v.
856 5516 903 5570 101
923 5517 994 5584 urna]
1013 5518 1121 5570 tnme
1195 5525 1259 5568 nnnc
1278 5514 1389 5582 fungier]
1407 5527 1470 5568 mac
1488 5516 1591 5568 tundier
1609 5514 1794 5578 aaronem»

133 5604 235 5656 intulit
252 5603 341 5656 Mon
469 5621 494 5655 v.
514 5601 565 5655 108
582 5615 672 5656 custus
685 5604 710 5654 B
844 5621 868 5654 r.
888 5603 939 5654 109
956 5602 1050 5668 omina]
1071 5605 1154 5655 omnia
1172 5602 1241 5652 Lflb
1371 5619 1395 5654 v.
1416 5599 1466 5654 117
1484 5603 1585 5668 regida
1602 5599 1671 5650 BV!
1751 5605 1794 5656 ad·

133 5688 284 5754 penniniB,
300 5688 452 5755 apannJuib

1504 5775 1508 5784 .
1547 5779 1585 5830 6,
