4612 6442
814 423 860 480 lll.
888 427 935 480 Ill}
953 425 1191 482 EDITIONIBUS
1210 425 1360 482 ENNODI.
1840 426 1916 482 LVII

250 597 571 680 ficium-benificium,
607 600 1036 681 ingemescere-iaqcmiscerc,
1068 599 1338 682 pulcher-pulcer,
1370 602 1676 682 obtinere-optinere,
1712 620 1915 682 exsuperare-

252 725 438 785 ccupcrore,
460 703 743 786 epistula-epistola
765 712 822 768 ete.
858 709 861 714 “

363 806 538 894 Separatim
555 809 689 896 denique
702 808 855 896 quaedam
872 808 1017 875 addenda
1033 819 1105 876 sunt
1120 809 1159 874 dc
1175 808 1399 876 assimilatione
1415 809 1690 896 praepositionum.
1720 808 1778 872 hac
1792 833 1916 896 quoqne

252 913 285 976 in
307 934 340 976 re
362 911 485 978 codices
500 913 530 978 B
545 921 576 978 et
588 913 624 980 V
640 923 713 992 snut
727 911 939 992 dissimillimi,
961 912 1012 978 hic
1026 912 1221 978 assimilandi
1237 912 1456 978 consuetudini
1471 911 1646 999 indulgens
1668 912 1720 977 ille
1735 912 1916 1000 plerumque

254 1017 413 1082 resistens.
457 1039 557 1104 neque
579 1015 711 1082 dubium
733 1027 796 1098 cst,
817 1018 894 1104 quin
916 1018 945 1083 B
967 1017 1062 1082 etiam
1084 1018 1115 1081 in
1138 1017 1188 1081 his
1210 1016 1320 1082 formis
1342 1017 1472 1104 propius
1496 1018 1536 1083 ab
1558 1017 1717 1104 archetypi
1740 1017 1916 1102 integritate

252 1121 343 1200 absit,
365 1122 440 1208 quia
454 1122 625 1208 generatim
640 1122 898 1188 animadvertitur
910 1123 1008 1188 libros
1031 1121 1246 1203 EnnodianoS,
1268 1145 1331 1209 quo
1353 1123 1537 1188 recentiores
1560 1124 1632 1204 sint,
1655 1146 1692 1188 eo
1714 1123 1814 1209 magis
1837 1123 1916 1188 assi·

253 1224 406 1290 milationi
428 1226 540 1291 favere.
575 1233 709 1290 ceterum
733 1226 817 1290 etin
840 1224 947 1291 codice
963 1225 1045 1292 Vct
1067 1226 1099 1290 in
1115 1226 1143 1291 B
1159 1225 1318 1312 exemplar
1340 1224 1436 1290 nimia
1458 1225 1584 1290 licentia
1605 1227 1826 1313 transcriptum
1847 1249 1916 1292 esse

252 1337 405 1394 testantur
430 1337 462 1394 et
488 1353 588 1416 uirgae
616 1332 723 1419 quales
750 1331 954 1398 inveniuntur
982 1355 1012 1418 p.
1032 1333 1104 1410 285,
1127 1334 1168 1396 22
1196 1330 1448 1410 suffertiaotc'onc
1475 1331 1503 1393 B
1529 1353 1588 1417 pro
1614 1331 1672 1396 sub
1699 1330 1913 1411 festinatione,

251 1458 283 1521 p.
306 1435 434 1515 171,12
460 1434 690 1501 immeritorum
716 1437 768 1503 V*
794 1459 853 1523 pro
882 1437 919 1501 iu
946 1437 1137 1514 meritorum,
1168 1444 1200 1500 et
1227 1434 1524 1512 PseudoIsidorus,
1560 1435 1614 1521 qui
1641 1435 1810 1521 exemplari
1839 1435 1914 1499 noni

252 1538 367 1603 saeculi
390 1538 439 1604 vel
463 1538 555 1603 etiam
581 1539 756 1625 antiquiore
784 1563 859 1605 usus
887 1539 1016 1626 praebet
1042 1543 1139 1626 p.50,
1159 1540 1197 1605 17
1219 1537 1351 1619 adpellit
1373 1577 1414 1585 —
1437 1538 1465 1602 B
1488 1546 1520 1602 01
1542 1538 1577 1603 V
1599 1537 1737 1619 appellit,
1762 1561 1791 1624 p.
1808 1541 1858 1616 65,
1872 1541 1914 1603 23

252 1642 411 1724 adloquiis
434 1681 474 1689 —
496 1642 526 1706 B
548 1651 579 1706 ct
601 1642 638 1708 V
660 1641 816 1724 alloquiis.
862 1665 932 1708 curn
960 1665 1034 1728 crgo
1060 1641 1178 1707 librarii
1201 1663 1317 1728 pronos
1345 1663 1379 1706 se
1405 1649 1562 1727 praestent
1590 1639 1630 1706 ad
1657 1640 1913 1706 assimilationem

253 1744 471 1824 inducendam,
493 1754 597 1811 tamen
616 1748 759 1833 exempla
781 1748 928 1813 contrarii
943 1747 1011 1813 vitii
1035 1747 1067 1810 in
1090 1746 1118 1811 B
1142 1746 1346 1831 reperiuntur:
1369 1771 1399 1833 p.
1417 1749 1498 1822 l2‚6
1520 1746 1649 1810 udones
1663 1745 1692 1808 B
1706 1766 1763 1831 pro
1786 1765 1915 1808 annuas

252 1853 303 1932 t:
317 1849 564 1929 anniversarias),
587 1873 637 1937 op.
653 1849 774 1914 XLIII
788 1853 848 1917 117
871 1850 1058 1931 Adpeuatut
1077 1871 1134 1934 pro
1153 1848 1349 1928 Amteuniui,
1372 1872 1403 1934 p.
1420 1847 1692 1928 2801610110
1714 1871 1772 1934 pro
1793 1847 1914 1912 Allecto

252 1957 303 2032 t=
314 1944 479 2038 Ἀληκτιῦ).
515 1953 575 2018 boc
597 1953 757 2018 diversum
779 1952 919 2019 studium
941 1953 986 2018 ita
1007 1959 1128 2017 tantum
1150 1951 1299 2037 explicari
1322 1960 1436 2037 potest,
1458 1950 1543 2037 quod
1565 1950 1708 2016 codexB
1731 1974 1750 2016 a
1771 1949 1913 2038 pluribus

251 2055 386 2120 librariis
409 2056 545 2142 scriptus
568 2065 629 2137 est,
657 2079 792 2143 quornm
814 2057 894 2122 alius
917 2055 1173 2121 assimilationem
1197 2054 1281 2119 iusto
1304 2056 1404 2140 magis
1427 2056 1515 2120 auxit
1537 2054 1616 2120 alins
1639 2055 1768 2142 expulit.
1810 2056 1914 2140 itaque

252 2169 335 2225 certa
357 2182 466 2224 norma
488 2159 657 2224 destitutus
680 2160 836 2225 vocabula
864 2161 931 2225 sive
958 2183 1028 2224 cum
1056 2158 1281 2222 assimilatione
1308 2159 1375 2223 sive
1402 2159 1469 2223 sine
1491 2157 1714 2223 assimilatione
1740 2151 1915 2245 composita

252 2265 352 2350 recepi
375 2287 414 2328 ex
431 2263 474 2343 B,
496 2263 550 2348 qni
572 2263 631 2327 etsi
654 2286 715 2328 11011
739 2264 871 2350 integer,
893 2263 1042 2350 integrior
1064 2271 1167 2326 tamen
1190 2270 1239 2326 est
1260 2262 1369 2327 ceteris
1392 2260 1561 2327 codicibus.
1597 2262 1723 2341 formas,
1745 2263 1776 2326 in
1800 2262 1914 2348 quibus

252 2369 289 2435 V
311 2367 430 2448 differt,
459 2367 609 2432 adnotavi
645 2389 753 2432 omnes
788 2377 909 2454 praeter
942 2367 1037 2432 verba
1075 2366 1249 2451 composita
1282 2389 1351 2430 cum
1392 2366 1677 2454 praepositionibus
1713 2389 1785 2431 cam
1814 2375 1845 2430 et
1878 2366 1913 2430 in

251 2477 302 2554 (=
318 2484 355 2536 co
376 2471 426 2537 vel
448 2480 466 2536 c
489 2480 521 2535 01
543 2473 576 2553 t).

357 2987 428 3051 Iam
452 3010 526 3052 vero
557 2988 688 3052 missum
720 2988 831 3053 faciam
855 2989 915 3053 hoc
937 3011 1033 3074 oan,
1066 2985 1151 3072 quod
1180 3010 1236 3072 per
1261 3007 1316 3049 sex
1344 2986 1407 3049 fere
1436 3007 1535 3049 annos
1565 2985 1676 3049 diurna
1703 2994 1914 3070 nocturnaque

255 3112 350 3154 manu
380 3091 512 3154 versavi.
560 3113 654 3176 opera
684 3089 809 3177 quidem
837 3092 906 3178 ipsa
936 3089 1064 3156 Ennodi
1093 3090 1289 3177 typographo
1317 3113 1357 3154 rn.
1380 3088 1511 3153 Octobri
1541 3112 1568 3153 a
1593 3091 1675 3155 1882
1706 3087 1820 3152 traditu
1852 3088 1913 3152 ium

252 3193 373 3280 pridem
396 3194 481 3281 typis
504 3216 620 3260 excusa
641 3201 728 3273 011111,
757 3194 813 3258 sed
840 3194 880 3259 ad
903 3194 1097 3282 prooemium
1125 3203 1218 3280 atque
1243 3192 1361 3257 indices
1390 3191 1598 3256 conficiendos
1627 3191 1814 3277 permultum
1836 3201 1915 3256 tern-

249 3297 336 3383 poris
358 3319 438 3384 opus
454 3296 521 3361 fuit.
554 3305 736 3361 excusatum
760 3320 809 3361 mc
832 3297 913 3377 volo,
935 3298 962 3362 si
986 3298 1035 3362 cui
1058 3297 1135 3362 haec
1157 3297 1317 3383 praefatio,
1339 3295 1456 3383 quippe
1478 3318 1557 3381 qnae
1581 3294 1683 3360 verbis
1705 3317 1743 3359 ex
1766 3294 1913 3360 Ennodio

252 3401 357 3488 petitis
387 3400 499 3464 referta
530 3400 585 3479 sit,
622 3423 661 3464 ex
690 3400 746 3466 illo
776 3423 917 3466 sermone
947 3400 1118 3488 depravato
1151 3400 1221 3486 ipsa
1248 3399 1382 3464 colorem
1417 3398 1571 3486 quendam
1600 3397 1750 3462 rusticum
1780 3399 1914 3464 traxisse

251 3503 417 3569 videbitur.
469 3502 614 3586 indicem¹
635 3504 796 3569 nominum
834 3504 979 3568 auximus
1014 3503 1247 3590 pretiosissimis
1279 3501 1436 3567 Sinuondi
1471 3502 1568 3580 110110,
1607 3503 1639 3566 111
1673 3501 1774 3567 indice
1810 3525 1912 3566 rernm

251 3617 283 3672 01
312 3605 534 3672 vocabulorum
568 3615 671 3671 autem
704 3607 803 3672 multa
837 3607 878 3672 ad
910 3631 1005 3694 opera
1035 3606 1161 3672 Ennodi
1192 3605 1441 3692 interpretanda·
1459 3606 1667 3692 lectionesque
1705 3606 1913 3693 explorandas

251 3709 373 3790 idonea,
394 3732 474 3796 quae
495 3709 527 3773 in
551 3719 703 3796 apparatu
726 3710 833 3775 critico
849 3711 958 3776 afferre
981 3735 1043 3776 non
1065 3711 1162 3790 licuit,
1185 3719 1258 3776 sunt
1273 3710 1410 3775 collecta.
1426 3751 1467 3758 -
1484 3710 1592 3776 Unum
1615 3717 1718 3790 restat,
1739 3718 1776 3774 111
1797 3710 1913 3795 gratias

252 3837 342 3899 agam
365 3812 625 3878 bibliothecarum
655 3814 835 3900 praefectis,
864 3838 996 3901 quorum
1024 3815 1210 3879 liberalitate
1238 3836 1314 3878 usus
1344 3837 1413 3878 sum
1440 3814 1580 3879 Bruxelli
1602 3812 1740 3878 Londini
1761 3813 1912 3878 Monachi

252 3917 386 3996 Romae,
419 3925 513 4002 atque
535 3917 696 3998 Harteli0,
723 3917 777 4004 qni
808 3941 865 4004 pro
888 3917 1104 3983 benevolentia
1132 3940 1189 3981 sna
1217 3917 1356 4002 singrdas
1386 3940 1461 3982 strae
1488 3917 1634 3982 editionis
1663 3917 1805 4004 plagulas
1828 3916 1912 4004 typis

252 4043 383 4085 excusas
406 4020 548 4106 protinus
571 4043 693 4085 mecum
715 4023 958 4088 communicavit
979 4045 1016 4088 00
1038 4031 1186 4108 tempure,
1208 4043 1270 4106 qno
1293 4020 1416 4086 codices
1431 4021 1548 4086 contuli
1569 4031 1600 4087 01
1621 4021 1661 4086 ad
1684 4022 1742 4086 hos
1765 4021 1912 4086 lectiones

254 4123 294 4188 ab
317 4124 387 4211 ipso
409 4133 441 4189 01
462 4147 481 4189 a
503 4147 553 4188 me
574 4134 697 4190 notatas
720 4126 807 4212 potui
830 4127 961 4212 exigere.

356 4296 487 4383 Biponti
509 4321 615 4362 mense
637 4298 726 4363 Maio
749 4299 822 4364 anni
845 4297 1187 4365 MDCCCLXXXV.

1558 4453 1628 4532 Fr.
1655 4450 1807 4552 Vogel.

356 5850 496 5904 Erremus.
