4596 6450
420 345 483 406 aro
1079 337 1211 396 ocnmu
1230 337 1364 406 (opusc.
1383 337 1419 406 1).

421 513 564 592 octiens,
594 513 711 599 quibus
740 513 849 579 fuerat
877 531 986 576 errore
1016 511 1175 592 sociatus,
1206 509 1335 596 quando
1358 517 1436 576 nata
1459 518 1510 576 est
1532 513 1618 577 inter
1640 512 1817 578 sceleratos
1841 512 1881 579 da
1905 514 1966 580 hoc
1989 513 2079 600 quod

420 613 659 699 intellegebant
691 637 728 680 se
756 636 858 681 nuum
889 615 974 681 velle
1008 613 1182 679 discordia.
1233 613 1318 678 adsit
1350 614 1502 678 divinitas
1538 623 1571 680 et
1603 615 1764 681 beneficia
1795 637 1855 680 sua
1888 618 1921 681 in
1958 638 2077 683 aevum

422 717 591 805 producat,
619 740 684 804 qua
706 718 901 806 disponente
925 719 1036 783 votiva
1058 718 1145 782 inter
1167 737 1243 782 reos
1267 737 1409 781 evenere
1431 717 1545 801 litigia.
1591 737 1667 782 nam
1689 718 1877 800 Ilridiricus,
1900 727 2078 804 postquam

421 821 482 886 tibi
504 819 545 887 de
568 822 766 887 adversariis
790 823 855 886 tuis
877 822 1006 906 peregit
1029 821 1237 906 triumphum,
1261 819 1303 884 da
1326 841 1361 886 se
1383 820 1544 906 praebuit.
2036 881 2038 886 ,
2091 851 2113 892 p.
2128 844 2169 883 sor

368 927 409 988 56
528 923 588 989 XI.
623 924 738 990 Trahit
759 945 813 989 me
836 924 877 990 ad
900 924 998 990 aliam
1021 930 1148 1009 partam
1171 924 1408 989 venerabilium
1431 945 1509 1010 pars
1532 946 1651 1011 magna
1673 929 1870 992 meritomm.
1908 927 2003 993 video
2027 928 2078 990 in·
2147 959 2159 992 1

421 1035 587 1113 speratum
603 1025 754 1094 decorem
770 1028 899 1093 urbium
916 1029 1080 1094 cineribus
1098 1028 1250 1093 evenisse
1268 1034 1301 1093 et
1317 1028 1377 1092 sub
1395 1028 1560 1094 civilitatis
1576 1030 1778 1117 plenitudine
1794 1031 1940 1117 palatina
1955 1031 2079 1115 ubique

420 1133 665 1198 tectarutilare.
699 1131 1214 1220 videcanteperfectaacdifioia,
1232 1153 1329 1218 quam
1344 1153 1396 1198 me
1409 1133 1603 1218 contigisset
1616 1132 1784 1220 disposita.
1818 1134 2082 1220 illaipsamater

422 1234 590 1300 civitatum
606 1235 711 1302 Roma
734 1237 908 1302 inveniscit
931 1235 1076 1302 marcida
1100 1237 1280 1301 senectutis
1303 1236 1451 1300 membra
1466 1236 1656 1302 resecando.
1694 1236 1770 1304 date
1785 1239 1924 1317 veniam,
1948 1238 2078 1324 Luper·

369 1336 502 1404 aveatis
532 1339 621 1424 genii
644 1360 739 1406 sacra
763 1339 962 1406 rudimenta:
995 1341 1068 1426 plus
1093 1345 1145 1404 est
1168 1359 1321 1404 occasum
1345 1339 1505 1425 repellere
1528 1361 1625 1425 quam
1648 1340 1968 1429 dedisse'principia.
2013 1341 2080 1406 buc

422 1440 563 1522 accedit,
597 1443 683 1528 quod
715 1464 868 1508 coronam
900 1445 1009 1508 curiae
1042 1444 1211 1508 innumero
1244 1444 1323 1508 flore
1355 1444 1481 1506 velasti.
1534 1443 1660 1508 nullum
1688 1444 1729 1510 de
1760 1444 1938 1512 honoribus
1967 1445 2080 1530 tetigit
2136 1475 2163 1512 ιο

421 1545 619 1630 desperatio,
643 1551 740 1631 q'uem
763 1547 916 1610 iuverunt
939 1545 1172 1632 deprecantem
1196 1547 1283 1610 bona
1307 1547 1539 1613 conscientiae.
1577 1548 1684 1612 nescit
1707 1547 1748 1613 de
1771 1548 1892 1616 effectu
1908 1547 2080 1634 petitionis

422 1645 586 1728 dubitare,
620 1648 674 1733 qui
707 1647 889 1734 splendidis
919 1649 1013 1735 inops
1037 1649 1163 1714 meritis
1187 1670 1252 1714 non
1276 1649 1412 1734 rogavit.
1458 1655 1514 1714 ant
1537 1649 1615 1714 boni
1639 1671 1750 1716 snmus
1773 1651 1942 1738 proposito
1967 1656 2080 1716 nostro

369 1749 480 1813 bilant
503 1756 559 1814 tuo
583 1750 796 1832 informamur
819 1753 983 1839 exemplo.
1022 1758 1197 1817 creverunt
1220 1752 1420 1839 reipublicae
1445 1773 1525 1839 opes
1550 1773 1622 1820 cum
1645 1755 1844 1841 privatorum
1860 1753 2080 1840 profectibus:

421 1872 583 1938 nusquam
614 1855 648 1918 in
680 1857 755 1920 aula
782 1863 840 1920 tua
863 1856 1007 1920 ambitus
1031 1862 1064 1920 ct
1087 1876 1183 1941 opum
1207 1855 1330 1940 ubique
1353 1855 1484 1920 diffusio
1508 1861 1568 1921 est.
1613 1878 1710 1921 nemo
1733 1855 1906 1922 indonatus
1929 1855 2081 1921 abscedit

422 1963 456 2023 ct
477 1957 586 2021 nullus
611 1959 819 2024 incommoda
840 1958 1089 2045 proscriptionis
1105 1959 1309 2043 ingemescit.
1349 1959 1569 2043 legationibus
1585 1961 1649 2024 tuis
1665 1960 1752 2026 inest
1768 1961 1863 2046 vigor
1878 1960 2079 2025 inmortalis:
2135 1990 2161 2027 rs

420 2063 650 2128 mandatomm
685 2062 834 2129 ordinem
867 2065 1009 2151 digeris,
1044 2064 1233 2151 priusquam
1269 2065 1396 2150 legatos
1431 2063 1587 2150 aspicias3
1624 2084 1684 2128 nec
1719 2062 1982 2149 replicationibus
2014 2063 2081 2128 tuis

369 2167 632 2252 59repcrinntur
662 2169 825 2233 contraria
855 2189 915 2233 nec
947 2167 1188 2233 obiectionibus
1217 2168 1321 2232 facilis
1350 2167 1490 2232 occurrit
1522 2167 1690 2233 resolutio.
1736 2167 1877 2232 excubat
1899 2188 1958 2253 pro
1981 2167 2081 2232 armis

424 2269 536 2354 opinio
564 2272 769 2357 principalis:
809 2273 875 2336 otia
907 2278 1019 2337 nostra
1049 2272 1160 2357 magni
1191 2273 1278 2356 regis
1311 2269 1493 2335 sollicitudo
1524 2267 1682 2350 custodit,
1716 2291 1776 2334 nec
1805 2275 1916 2336 tamen
1947 2267 2081 2335 desistis

423 2373 561 2438 castella
591 2375 781 2460 'propagare
818 2396 913 2440 curas
948 2381 1021 2439 tuas
1056 2377 1088 2438 in
1122 2375 1255 2459 longum
1291 2374 1486 2460 producens.
1538 2395 1600 2440 nec
1632 2375 1690 2438 viri
1726 2374 1818 2438 fortis
1851 2376 1885 2438 in
1918 2381 1951 2440 te
1985 2372 2082 2440 deest

423 2475 580 2540 securitas
610 2497 669 2541 nec
702 2478 833 2542 cautela
861 2480 1049 2544 metuentis.
1094 2479 1299 2563 ogeminam
1330 2478 1364 2541 in
1391 2499 1457 2541 uno
1480 2478 1628 2562 principe
1653 2478 1807 2542 virtutum
1832 2477 2080 2564 planitudinem,
2137 2505 2164 2543 so

423 2599 507 2663 quae
529 2578 628 2645 deum
650 2581 797 2666 resignat
819 2586 997 2662 auctorem,
1020 2583 1095 2666 quia
1118 2603 1183 2645 non
1205 2579 1305 2646 habet
1327 2582 1413 2645 inter
1434 2580 1582 2645 homines
1606 2601 1625 2643 a
1647 2601 1710 2664 quo
1729 2578 1878 2645 videatur
1901 2579 2081 2667 sumpsisse
2094 2573 2119 2614 Ρ·
2133 2566 2173 2604 ³⁰⁸

425 2679 510 2767 quod
534 2682 684 2749 exhibet!

370 2787 411 2848 60
533 2785 611 2853 XII.
647 2785 711 2851 Sed
736 2808 813 2852 ecce
836 2807 949 2851 mrsus
971 2794 1043 2873 post
1066 2787 1210 2871 quietem
1231 2785 1368 2852 solidam
1392 2787 1434 2851 ad
1454 2787 1541 2852 acies
1557 2786 1658 2851 verba
1673 2807 1879 2852 revocamus:
1904 2788 2022 2853 iterum
2039 2786 2083 2852 ed

424 2913 460 2956 se
483 2892 564 2955 tuba
585 2899 683 2956 vocat
706 2892 883 2976 eloquium.
929 2890 1166 2956 Sermicnsium
1190 2891 1303 2955 civitas
1327 2890 1405 2955 olim
1429 2891 1522 2955 limes
1545 2888 1661 2954 Italiae
1685 2889 1761 2968 fuit,
1791 2891 1824 2954 in
1848 2912 1911 2976 qna
1934 2892 2082 2956 seniores

424 2993 547 3060 domini
577 2995 802 3075 excubabant,
835 3015 876 3058 ne
908 3000 1103 3058 coacervata
1135 2993 1223 3058 illinc
1253 2993 1463 3058 finitimarum
1492 2994 1630 3057 vulnera
1659 2993 1806 3077 gentium
1834 2995 1867 3058 in
1895 2993 2081 3059 Romanum
2138 3024 2164 3062 :a

424 3119 542 3186 corpus
566 3105 790 3166 excurrerent.
835 3098 917 3164 bace
947 3103 1063 3184 postca
1093 3119 1152 3184 per
1180 3097 1364 3183 regentium
1393 3099 1580 3181 neglectum
1612 3097 1645 3160 in
1670 3094 1870 3183 (lepidorum
1900 3097 1973 3162 iura
2004 3118 2083 3162 con-

423 3203 536 3284 cessit,
577 3201 663 3267 unde
703 3201 881 3268 cottidiana
920 3201 1087 3265 insultatio
1121 3207 1155 3266 et
1187 3201 1392 3287 inconposita
1426 3202 1628 3286 legationum
1663 3200 1848 3286 frequentia
1880 3200 2084 3266 mittebatur.

373 3311 410 3370 61
426 3305 567 3370 urebant
590 3307 734 3371 animum
758 3307 913 3393 principis
938 3305 1044 3370 dolosi
1067 3303 1293 3370 blandimenta
1315 3305 1479 3369 conmenti
1504 3310 1537 3369 et
1561 3305 1646 3368 circa
1670 3304 1750 3367 alios
1767 3303 1923 3390 (lepidas,
1947 3324 2085 3389 quorum

424 3407 540 3473 ductor
575 3416 625 3474 cst
655 3408 855 3489 Gunderith,
891 3408 1125 3494 intempestiva
1154 3408 1319 3474 Trascrici
1353 3409 1566 3474 familiaritas.
1619 3407 1778 3473 credebas
1808 3409 1842 3471 in
1875 3415 1932 3472 tua
1964 3408 2085 3473 iniuria

423 3511 542 3598 perire,
566 3513 642 3598 quia
665 3512 719 3577 diu
743 3513 866 3578 licebat
881 3511 998 3577 Italiae
1022 3512 1266 3600 possessionem
1290 3518 1324 3576 tc
1347 3511 1536 3577 dominante
1560 3510 1703 3590 retineri,
1729 3531 1789 3575 nec
1804 3511 1987 3577 sufficiebat
2003 3533 2082 3577 con·
2138 3543 2166 3580 so

425 3614 557 3692 solatio,
582 3614 668 3702 quod
691 3637 764 3682 eam
787 3624 823 3681 tu
847 3637 912 3680 non
935 3614 1145 3703 perdideras,
1176 3633 1251 3680 cum
1273 3617 1441 3682 inmensus
1465 3621 1555 3681 esset
1578 3614 1680 3694 dolor,
1712 3635 1769 3678 cur
1790 3614 1879 3680 illam
1903 3620 2086 3681 retentator

423 3739 487 3783 non
515 3719 601 3784 inter
632 3719 864 3785 dominationis
896 3726 973 3784 tuae
1008 3719 1145 3784 exordia
1174 3719 1380 3784 reddidisset.
1430 3719 1532 3783 minui
1565 3720 1720 3784 aestimas
1754 3717 1841 3803 qnod
1871 3739 1937 3783 non
1967 3719 2085 3783 crescit

372 3821 609 3908 62imperinm.
647 3830 821 3908 postquam
843 3829 955 3888 tamen
978 3821 1100 3907 liquido
1118 3822 1279 3887 Traserici
1302 3828 1438 3908 patuere
1461 3828 1645 3904 conmenta,
1669 3821 1849 3887 Gothorum
1864 3821 2086 3886 nobilissimos

424 3925 529 3990 Pitaia
560 3925 708 3991 Herduic
739 3933 773 3990 et
804 3926 926 4011 pubem
958 3927 1056 3990 nullis
1094 3924 1200 3989 adhuc
1234 3925 1418 3990 dedicatam
1450 3925 1582 4012 proeliis
1615 3925 1802 4005 destinasti,
1840 3929 1877 3989 ut
1906 3925 1932 3988 si
1964 3924 2085 3989 oblatis

426 4029 633 4116 pactionibus
661 4028 906 4115 adquiesceret,
938 4029 1039 4095 semel
1071 4031 1186 4094 invasa
1214 4031 1357 4094 locorum
1386 4029 1548 4116 potiretur
1579 4029 1725 4094 arbitrio.
1772 4028 1830 4093 sed
1858 4050 1937 4094 usus
1968 4029 2083 4093 incon·
2138 4060 2164 4100 es

426 4132 542 4197 stantis
573 4131 723 4196 felicitati
752 4139 828 4198 tuae
859 4132 1036 4197 obsecutus
1061 4140 1127 4198 est:
1163 4133 1247 4218 fugit
1270 4139 1386 4219 sponte
1410 4132 1518 4198 aliena
1541 4139 1575 4197 et
1599 4133 1669 4198 sine
1692 4132 1824 4218 inpulsu
1847 4133 2012 4199 exercitus
2035 4133 2084 4197 tui

425 4235 573 4300 deseruit
595 4234 682 4321 qnod
704 4234 858 4301 debebat.
897 4235 1051 4301 continuo
1068 4236 1183 4317 Pitnia,
1207 4237 1262 4322 qui
1285 4242 1318 4301 et
1340 4234 1381 4302 de
1405 4242 1437 4302 te
1462 4242 1599 4303 eventus
1622 4236 1720 4302 utiles
1742 4243 1925 4322 sumpserat
1947 4243 1981 4302 et
2003 4257 2082 4301 con·
2097 4273 2120 4315 p.
2133 4267 2176 4306 res

426 4339 572 4404 ciliorum
604 4345 771 4405 momenta
799 4337 956 4415 librabat,
992 4361 1057 4404 non
1087 4341 1285 4426 adquisitam
1319 4362 1394 4406 esse
1429 4347 1547 4404 terram
1581 4338 1719 4404 credidit
1746 4339 1805 4404 sed
1832 4338 1989 4419 refusam,
2021 4360 2084 4404 nec

372 4449 413 4510 63
427 4442 551 4529 rapinis
579 4449 616 4507 ut
643 4443 803 4508 lucrativa
834 4444 1010 4529 populatus
1041 4450 1105 4526 est,
1138 4443 1195 4509 sed
1225 4443 1524 4533 dispensationibus
1557 4443 1700 4509 servavit
1720 4449 1757 4506 ut
1779 4444 1919 4529 propria.
1964 4441 2083 4528 quibus

424 4545 469 4611 ibi
504 4543 743 4610 ordinationem
776 4544 1022 4612 moderantibus
1061 4569 1120 4633 per
1151 4549 1311 4613 foederati
1346 4547 1519 4612 Mundonis
1554 4544 1822 4611 adtrectationem
1854 4545 1996 4610 Graecia
2031 4550 2084 4609 est
2138 4577 2166 4616 ω

426 4689 591 4696 m-——-
604 4687 838 4694 ...n—*0—

526 4787 544 4839 2
561 4789 740 4858 intelligebant
751 4787 777 4840 B
896 4787 913 4840 3
931 4790 1036 4841 euenire
1051 4786 1089 4838 V¹
1095 4789 1121 4840 U
1232 4787 1350 4842 5²trahet
1362 4791 1387 4841 Β
1465 4790 1617 4857 inspiratum
1629 4787 1655 4838 B
1771 4783 1962 4854 ieontefflset
1973 4785 1999 4836 Β
2017 4784 2083 4852 (scil.

425 4873 532 4940 videre),
551 4877 702 4943 contigisset
717 4873 810 4944 (scire)
823 4877 920 4928 Hartcl
939 4875 983 4942 (cs.
992 4893 1022 4942 p.
1038 4878 1120 4939 211,4
1140 4879 1179 4939 97,
1192 4875 1234 4940 13)
1338 4874 1356 4926 8
1374 4876 1518 4928 inueniscst
1529 4873 1555 4924 B
1623 4874 1754 4926 resieando
1767 4873 1793 4924 B
1896 4871 1914 4926 9
1931 4875 2084 4942 repelleret

427 4962 472 5029 (cs.
487 4961 592 5014 eccla
608 4962 664 5028 28),
686 4963 810 5031 repellere
821 4962 855 5026 B,
881 4963 1007 5015 rebellare
1024 4961 1107 5024 ederi,
1134 4961 1262 5013 debellare
1279 4960 1376 5013 Hortel
1515 4957 1549 5011 10
1565 4960 1663 5012 meede
1675 4959 1709 5024 D,
1730 4959 1828 5012 accidet
1839 4959 1873 5022 B,
1896 4961 1990 5012 accidit
2007 4961 2084 5012 ceteri

424 5050 515 5116 tetiget
531 5049 675 5116 desperatio
693 5047 719 5115 (c
737 5067 793 5116 sup.
807 5050 852 5101 lin.
870 5066 940 5100 moa.
956 5047 986 5113 2}
1000 5045 1026 5097 B
1148 5044 1359 5100 transeunte
1479 5044 1513 5096 14
1531 5045 1653 5098 abscedet
1664 5045 1690 5096 B
1811 5042 1844 5096 15
1862 5045 2013 5112 ingemescit
2025 5044 2085 5110 BL,

424 5135 570 5202 ingemiscit
587 5137 663 5188 ceteri
738 5133 815 5202 inest]
834 5153 867 5189 cn
878 5172 883 5184 .
894 5143 933 5187 cst
945 5134 971 5185 Β
1086 5130 1119 5182 16
1135 5132 1236 5199 lagatus
1248 5132 1274 5183 Β
1346 5134 1468 5202 aspiciam
1486 5149 1535 5184 nec
1552 5132 1739 5184 obiectionibus
1757 5129 1816 5196 (nee
1833 5131 1907 5183 obiec
1922 5131 1951 5182 ia
1968 5129 2018 5196 lit)
2035 5129 2087 5196 131,

423 5237 472 5273 nec
489 5221 552 5290 repl.
571 5262 597 5274 ..
617 5224 756 5275 contrania
772 5223 856 5289 acppl.
873 5223 902 5272 ia
913 5239 962 5288 naq.
975 5221 1023 5288 inf.
1036 5218 1081 5271 B²
1187 5218 1219 5271 17
1236 5224 1418 5291 repperiuntur
1428 5221 1486 5273 BV
1550 5229 1667 5274 occurret
1678 5221 1704 5272 Β
1806 5218 1839 5272 al
1859 5217 1920 5272 diii·
1938 5221 1976 5286 (ia
1989 5220 2040 5287 lit.)
2052 5221 2087 5284 B,

425 5307 584 5358 dominumd
692 5305 727 5359 22
744 5305 823 5375 quod]
842 5324 893 5374 qno
905 5305 931 5356 B
1040 5301 1074 5356 24
1092 5302 1165 5373 tuba]
1184 5308 1251 5359 cuba
1262 5306 1288 5357 Β
1357 5309 1564 5377 Sirmiensiump
1635 5308 1703 5360 limis
1715 5306 1741 5356 Β
1844 5305 1879 5359 25
1896 5307 2049 5360 coacerbata
2061 5307 2088 5358 Β

424 5389 460 5444 26
480 5393 626 5460 regentium
647 5391 668 5459 (i
685 5393 753 5460 sap.)
774 5392 798 5441 V
932 5388 966 5442 27
988 5391 1058 5444 unde
1075 5391 1110 5457 D,
1133 5409 1183 5445 uas
1194 5392 1228 5457 Β,
1250 5411 1283 5446 ue
1305 5393 1358 5458 VL,
1382 5412 1415 5447 nc
1432 5396 1479 5447 rel.
1618 5395 1745 5448 cotidiana
1766 5392 1790 5444 V
1861 5393 1865 5400 “
1888 5394 2042 5461 ligationum
2061 5393 2088 5445 Β

424 5476 460 5530 29
475 5480 597 5547 gandent
607 5480 633 5531 B
752 5477 785 5531 31
805 5487 833 5532 tu
847 5496 895 5530 can.
910 5477 1018 5528 TMUD
1138 5477 1173 5531 32
1190 5481 1315 5533 reddisset
1331 5498 1388 5548 sup.
1400 5483 1446 5534 lin.
1460 5481 1486 5532 di
1498 5479 1524 5531 Β
1645 5477 1680 5532 33
1697 5487 1816 5548 gotcrum
1827 5478 1884 5530 BV
1957 5479 2088 5532 nobilissi-

425 5582 483 5617 mus
500 5565 607 5630 codices,
629 5565 756 5631 emendp
868 5563 903 5616 34
920 5566 1047 5618 diutinasti
1063 5564 1091 5615 Β
1202 5563 1237 5618 35
1254 5567 1346 5620 inuasn
1362 5566 1397 5633 B,
1419 5569 1508 5621 invaso
1526 5567 1602 5621 atari
1714 5563 1748 5618 37
1766 5563 1909 5622 dalnttatB¹
1979 5566 2048 5636 pisia
2061 5565 2088 5618 Β

424 5650 496 5704 utilis
507 5649 534 5704 Β
636 5649 671 5706 40
687 5651 891 5708 menatenam
908 5650 1007 5706 water
