4566 6532
883 395 1000 454 cccvii
1019 395 1142 463 (EPIST.
1161 395 1185 458 1,
1202 397 1230 460 2)
1251 425 1283 434 -
1302 393 1405 452 eccm
1424 393 1547 461 (EPIST.
1567 393 1590 459 7,
1608 391 1643 460 4).

1069 703 1217 774 cccvll
1240 706 1348 792 (uersa.
1365 709 1395 785 7,
1411 705 1457 791 2).

1028 901 1264 978 ENNODIVS
1291 900 1493 976 FAVSTO.

547 1049 727 1162 Quantum
755 1079 797 1144 ad
823 1081 946 1146 fascem
976 1080 1133 1146 maeroris
1149 1079 1309 1165 adiungit
1336 1080 1517 1166 interrupta
1546 1078 1728 1159 tribulatio,
1762 1077 1891 1163 quando
1918 1083 1955 1140 ut
1983 1076 2092 1139 acrius

435 1188 508 1248 urat
529 1184 728 1262 adversitas,
759 1205 989 1270 prosperorum
1013 1185 1195 1250 mutatione
1224 1183 1404 1250 blanditur!
1450 1184 1490 1248 ad
1520 1185 1612 1249 cuius
1640 1203 1794 1268 umquam
1825 1201 1907 1246 onus
1938 1181 2093 1258 accessit,

436 1285 523 1373 quod
547 1288 756 1352 continuatae
780 1287 940 1352 sarcinam
965 1287 1161 1352 calamitatis
1185 1286 1328 1353 abiecit?
1364 1309 1461 1373 quarn
1478 1287 1562 1352 bene
1579 1305 1631 1351 me
1648 1284 1689 1350 ad
1706 1284 1897 1370 patientiam
1919 1283 2092 1348 absentiae

437 1397 568 1456 vestrae
593 1392 708 1476 longus
732 1396 913 1477 temporum
936 1411 1016 1454 usus
1040 1397 1224 1476 aptaverat,
1253 1390 1330 1455 dum
1353 1390 1430 1469 hoc,
1455 1389 1542 1476 quod
1565 1389 1707 1454 felicitas
1732 1408 1794 1452 nou
1817 1387 1977 1464 habebat,
2005 1385 2092 1452 didi·
2163 1405 2176 1442 ³

407 1496 552 1558 icerant
574 1514 636 1558 nec
659 1500 736 1559 vote
758 1499 984 1580 praesumere!
1030 1515 1108 1558 ecce
1133 1493 1250 1558 iterum
1275 1493 1316 1558 de
1339 1492 1532 1558 inveteratis
1559 1491 1727 1557 doloribus
1750 1491 1860 1576 passio
1884 1491 2015 1556 novella
2039 1513 2094 1555 me

436 1597 576 1679 lacerat,
608 1605 642 1663 et
671 1597 844 1663 obductam
874 1598 1059 1662 cicatricem
1091 1596 1248 1662 rescindit
1277 1597 1360 1662 ictus
1392 1597 1525 1661 acutior.
1580 1595 1822 1682 inploraveram
1850 1595 1870 1659 a
1898 1592 2095 1660 discedente

436 1700 706 1780 misericordiam,
729 1707 766 1764 ut
788 1699 874 1785 quod
897 1699 939 1765 de
962 1700 1130 1785 praesenti
1153 1700 1419 1765 confabulatione
1442 1698 1631 1785 perdebam,
1656 1700 1773 1764 litteris
1797 1703 2006 1785 pensaretur;
2031 1719 2095 1762 nec

437 1804 521 1869 banc
549 1804 677 1889 frugem
701 1805 850 1869 omnibus
873 1802 1046 1868 desideriis
1076 1804 1204 1868 ieiunus
1233 1803 1369 1870 emerui.
1414 1823 1476 1888 ego
1500 1801 1745 1868 consuetudinis
1769 1823 1862 1868 meae
1886 1823 1949 1866 non
1976 1801 2094 1886 negle-

438 1907 635 1994 gensinter
665 1908 816 1971 lacrimas
849 1908 969 1992 scripta
998 1907 1172 1986 concinno,
1204 1907 1322 1992 quibus
1353 1905 1394 1971 de
1426 1906 1611 1971 adflictione
1643 1927 1719 1970 mea
1748 1904 1873 1971 credidi
1904 1906 1949 1970 nil
1979 1906 2094 1992 potius
2151 1930 2178 1968 ιο

407 2008 662 2090 eradicandum,
697 2011 843 2075 inlustris
874 2010 936 2074 viri
968 2009 1078 2076 domni
1107 2011 1273 2075 Pamfroni
1307 2011 1466 2076 relatione
1502 2015 1686 2075 contentus.
1740 2030 1841 2088 nunc,
1876 2010 1921 2074 mi
1951 2009 2096 2088 domine,

440 2114 598 2199 obsequia
625 2113 740 2178 famuli
765 2115 862 2178 vestri
892 2113 1065 2200 dignanter
1092 2113 1230 2202 accipite
1262 2119 1295 2180 ot
1323 2114 1450 2181 animae
1478 2114 1511 2181 in
1542 2113 1702 2201 angustiis
1729 2113 1923 2180 constitutae
1946 2109 2098 2178 remedia

441 2222 598 2284 consueta
620 2222 797 2304 praestate.
1906 2201 1918 2214 ’

408 1057 420 1115 1

1062 2454 1231 2524 ccovlll
1254 2458 1364 2542 (arrsr.
1383 2460 1411 2537 7,
1429 2456 1472 2540 3).

1037 2650 1273 2725 ENNODIVS
1300 2650 1490 2724 AVIENO.
1524 2645 1525 2650 ¹

413 2802 426 2862 ¹
552 2791 694 2900 Quibus
717 2823 976 2908 magnitudinem
1000 2831 1088 2889 tuam
1112 2823 1337 2890 discedentem
1364 2823 1516 2910 precibus
1545 2825 1720 2912 inplorari,
1749 2825 1865 2890 mento
1894 2833 2097 2908 retexerem,
2154 2855 2179 2892 is

442 2927 504 2991 nisi
529 2927 706 2992 memoriae
722 2933 853 2992 vestrae
877 2929 1028 3013 inrogare
1054 2930 1271 3013 contumelias
1295 2929 1461 2993 evitarem.
1498 2949 1571 2992 nam
1596 2929 1650 3014 qui
1673 2935 1836 2993 amantem
1859 2926 1900 2994 de
1924 2928 1986 3010 his,
2011 2951 2099 3016 quae

442 3051 558 3096 recens
580 3036 656 3095 sunt
678 3037 761 3112 acta,
787 3032 987 3112 convenerit,
1010 3029 1198 3117 fugiendam
1216 3032 1311 3097 bonis
1328 3031 1526 3098 oblivionem
1550 3033 1743 3119 inportunus
1766 3033 1911 3120 opponit,
1935 3054 2010 3098 cum
2035 3034 2100 3099 hoc

445 3135 487 3198 sit
514 3134 680 3220 peculiare
710 3135 906 3216 coniunctis,
937 3141 973 3199 nt
999 3136 1061 3201 sub
1091 3134 1230 3220 quadam
1260 3135 1478 3221 praescientia
1504 3142 1616 3201 mutuo
1648 3136 1710 3201 eibi
1741 3136 1854 3222 cupita
1875 3136 2041 3202 sufficiant
2066 3147 2101 3203 et

441 3237 483 3302 ad
500 3237 718 3302 substantiam
735 3238 881 3302 caritatis
897 3238 1024 3306 efficaci
1039 3238 1298 3325 dispensatione,
1321 3238 1406 3324 quod
1423 3241 1507 3304 votis
1524 3239 1725 3327 poscendum
1743 3246 1804 3320 eet,
1828 3238 1948 3304 effectu
1964 3235 2098 3305 seniore

410 3341 628 3406 teoncilient.
672 3341 823 3406 caelestis
851 3341 1054 3428 dispensatio
1083 3341 1233 3408 facienda
1264 3342 1426 3427 suggerit,
1458 3343 1485 3406 si
1515 3341 1593 3428 quid
1615 3364 1706 3407 arnor
1728 3348 1819 3428 optat
1841 3343 1997 3428 inquiras.
2044 3344 2097 3410 bis
2153 3369 2179 3408 so

440 3442 587 3528 iungitur
610 3443 696 3530 quod
720 3445 882 3509 aestuanti
904 3446 1043 3526 animae,
1066 3443 1143 3510 dum
1158 3445 1222 3509 iter
1237 3444 1414 3530 adriperes,
1438 3446 1559 3510 multus
1575 3445 1608 3509 in
1624 3445 1894 3532 promissionibus
1910 3446 2099 3512 subvenisti

441 3543 580 3610 dicendo
604 3545 855 3610 sustentandum
879 3569 931 3612 me
956 3568 1029 3611 esse
1053 3547 1198 3633 paginis,
1222 3548 1278 3632 qui
1300 3547 1453 3635 propriae
1477 3547 1558 3611 lucis
1583 3548 1730 3634 privarer
1752 3549 1913 3614 absentia.
1960 3571 2039 3614 ecce
2064 3557 2099 3615 et

440 3648 632 3733 pollicitatio
663 3647 727 3713 fide
760 3649 921 3713 claudicat
952 3654 985 3714 et
1016 3671 1075 3735 spe
1106 3650 1257 3714 inritatus
1290 3649 1437 3716 ardesco.
1492 3651 1561 3736 egit
1590 3652 1725 3717 venicus
1757 3653 1798 3718 de
1830 3651 1967 3718 remedii
1997 3675 2098 3740 prac-

410 3752 628 3838 3sumptione
651 3751 779 3832 fiducia,
803 3757 839 3816 ut
862 3751 1028 3818 difficilius
1051 3751 1132 3817 dura
1155 3753 1345 3818 tolerentur.
1392 3753 1451 3818 scd
1476 3775 1569 3834 nunc,
1593 3755 1636 3818 mi
1660 3753 1799 3834 domine,
1824 3755 1982 3821 honorem
2006 3757 2097 3821 salu-

441 3854 575 3919 tationis
599 3855 777 3940 accipiene,
799 3861 974 3941 postquam
990 3857 1077 3942 apud
1094 3877 1152 3921 vos
1171 3856 1254 3943 quod
1272 3856 1356 3922 male
1374 3863 1425 3921 est
1441 3859 1548 3922 animo
1571 3856 1747 3941 declaravi,
1771 3860 1894 3925 curatio
1918 3867 2100 3946 properata
2154 3888 2180 3927 es

443 3957 625 4040 subcurret,
649 3964 685 4022 ut
708 3959 763 4044 qui
788 3958 901 4022 salutis
918 3965 1047 4024 vestrae
1071 3966 1175 4024 status
1200 3965 1251 4023 est
1270 3960 1322 4023 vel
1346 3961 1472 4046 gratiae
1495 3961 1695 4048 principalis,
1720 3963 1904 4046 expectatis
1928 3972 2102 4028 reseretur

442 4060 603 4146 alloquiis.

1082 4299 1213 4370 dcclx
1236 4303 1345 4389 (misr.
1364 4307 1393 4386 7,
1410 4303 1455 4390 4).

1022 4497 1257 4572 ENNODIVS
1283 4497 1519 4574 AGNELLO.

414 4657 427 4715 ¹
563 4637 713 4756 Semper
742 4671 938 4736 famulantes
969 4671 1158 4758 diligentiae
1188 4675 1325 4760 paginas
1353 4697 1439 4742 nunc
1467 4679 1500 4742 in
1530 4679 1713 4764 proditione
1736 4681 1787 4745 sui
1810 4678 1902 4743 dolor
1926 4682 2042 4766 exegit
2066 4687 2102 4746 et

443 4772 636 4858 gaudiorum
660 4774 827 4840 ministras
850 4775 883 4839 in
907 4796 1020 4841 vocem
1043 4778 1242 4842 reserandae
1266 4779 1366 4844 traxit
1389 4781 1545 4863 iniuriae,
1576 4804 1637 4847 nee
1665 4787 1819 4848 contenta
1844 4784 1919 4848 fuco
1943 4783 2098 4848 dissimu-
2154 4820 2180 4860 ω

444 4876 572 4941 lationis
594 4877 739 4942 urbanae
764 4884 893 4944 secreta
914 4881 1055 4964 pectoris
1079 4886 1135 4945 aut
1159 4881 1380 4949 taciturnitate
1396 4885 1531 4950 vestivit
1547 4892 1603 4951 aut
1617 4886 1650 4951 in
1666 4891 1794 4972 partem
1811 4886 1910 4951 aliam
1924 4889 2101 4968 transtulit

547 5151 680 5222 [cccvu]
716 5153 733 5206 2
751 5156 856 5207 meroris
871 5153 900 5220 V,
923 5156 1043 5207 memoris
1057 5153 1082 5205 Β
1219 5157 1236 5210 5
1253 5158 1401 5213 dedicerant
1416 5161 1442 5212 Β
1581 5160 1596 5213 1
1613 5166 1740 5217 rascendis
1754 5164 1805 5216 BL
1907 5166 2100 5233 inploraberam

441 5241 532 5292 litteris
544 5239 595 5305 13¹,
612 5259 628 5292 a
642 5241 787 5294 discedente
805 5280 911 5295 ......
931 5243 1068 5309 perdebam
1086 5244 1171 5310 mppl.
1182 5245 1210 5294 ia
1222 5263 1270 5311 mg.
1282 5246 1331 5313 inf.
1341 5245 1386 5297 Β2
1471 5247 1487 5299 9
1505 5249 1640 5316 negligens
1653 5249 1690 5318 (gl
1702 5251 1730 5302 io
1743 5250 1791 5316 lit.)
1800 5250 1826 5301 B
1914 5248 1948 5302 10
1959 5253 2058 5320 scripta
2067 5252 2102 5317 Β,

442 5343 491 5376 om.
503 5326 579 5378 ceteri
646 5328 785 5380 afflictione
802 5326 827 5377 V

545 5427 692 5498 [cocvlss]
727 5429 760 5484 15
778 5432 972 5485 descendentem
985 5431 1012 5482 Β
1116 5432 1149 5484 16
1165 5435 1288 5487 euitarem
1301 5437 1335 5500 Β,
1358 5439 1497 5492 deuitarern
1516 5441 1591 5492 ceteri
1696 5439 1728 5492 18
1745 5443 1889 5508 praesentia
1906 5459 1964 5508 sup.
1978 5443 2025 5494 lira
2039 5445 2064 5496 ei
2080 5443 2107 5492 V

442 5511 475 5565 21
493 5515 616 5583 adriperie
629 5517 662 5580 Β,
679 5517 799 5584 arriperis
815 5516 928 5569 VLT¹O
976 5518 1074 5570 inultus
1087 5517 1190 5584 Horret,
1208 5523 1303 5573 multos
1314 5523 1348 5587 Β,
1364 5524 1451 5577 multia
1469 5527 1544 5578 ceteri
1634 5525 1669 5578 23
1686 5527 1800 5580 irritatus
1816 5527 1838 5578 V
1921 5525 1956 5579 24
1976 5529 2102 5586 honorem

442 5602 564 5654 honorem
581 5602 623 5654 13¹
727 5601 762 5654 26
779 5599 913 5656 succurrat
928 5603 953 5654 V
1017 5605 1109 5656 salutis
1125 5605 1158 5668 (is
1174 5607 1203 5656 ia
1219 5607 1266 5671 m.)
1278 5607 1304 5658 B
1371 5609 1463 5679 stabul
1483 5619 1533 5664 stat
1550 5619 1576 5664 et
1587 5611 1613 5662 B
1680 5615 1779 5679 gratiae
1791 5611 1824 5677 B,
1841 5614 1924 5680 gretia
1942 5615 2020 5668 ceteri

547 5703 669 5776 [CCOIX]
705 5703 740 5758 29
757 5707 931 5776 diligentaeB
1000 5709 1087 5778 exegit
1104 5711 1203 5779 scripsi,
1220 5713 1308 5780 exiget
1318 5713 1353 5778 Β,
1370 5715 1452 5786 exigit
1469 5715 1545 5768 ωιτη·
1648 5712 1681 5768 31
1700 5716 1865 5771 secretumB
