<?xml version="1.0" encoding="UTF-8"?>
<!DOCTYPE html PUBLIC "-//W3C//DTD XHTML 1.0 Transitional//EN"
    "http://www.w3.org/TR/xhtml1/DTD/xhtml1-transitional.dtd">
<html xmlns="http://www.w3.org/1999/xhtml" xml:lang="en" lang="en">
 <head>
  <title>
</title>
<meta http-equiv="Content-Type" content="text/html;charset=utf-8" />
  <meta name='ocr-system' content='tesseract 3.04.00' />
  <meta name='ocr-capabilities' content='ocr_page ocr_carea ocr_par ocr_line ocrx_word'/>
</head>
<body>
  <div class='ocr_page' id='page_1' title='image "./monumentagerman06mittgoog_0228.png"; bbox 0 0 4596 6450; ppageno 0'>
   <div class='ocr_carea' id='block_1_1' title="bbox 634 415 1856 490">
    <p class='ocr_par' dir='ltr' id='par_1_1' title="bbox 634 415 1856 490">
     <span class='ocr_line' id='line_1_1' title="bbox 634 415 1856 490; baseline 0.003 -15"><span class='ocrx_word' id='word_1_1' title='bbox 634 424 770 476; x_wconf 62' lang='lat' dir='ltr'>tantm</span> <span class='ocrx_word' id='word_1_2' title='bbox 803 415 912 476; x_wconf 46' lang='lat' dir='ltr'>[stet.</span> <span class='ocrx_word' id='word_1_3' title='bbox 931 429 956 478; x_wconf 67' lang='lat' dir='ltr'>:e</span> <span class='ocrx_word' id='word_1_4' title='bbox 975 429 1011 478; x_wconf 64' lang='grc' dir='ltr'>ὃ.</span> <span class='ocrx_word' id='word_1_5' title='bbox 1029 426 1179 478; x_wconf 56' lang='lat' dir='ltr'>conatu</span> <span class='ocrx_word' id='word_1_6' title='bbox 1213 426 1323 478; x_wconf 66' lang='lat' dir='ltr'>tj&#39;ls‘t.</span> <span class='ocrx_word' id='word_1_7' title='bbox 1342 429 1366 476; x_wconf 74' lang='lat'>5.</span> <span class='ocrx_word' id='word_1_8' title='bbox 1384 433 1421 479; x_wconf 69' lang='lat' dir='ltr'>l.</span> <span class='ocrx_word' id='word_1_9' title='bbox 1797 435 1856 490; x_wconf 63' lang='grc' dir='ltr'>ιζζ,</span> 
     </span>
    </p>
   </div>
   <div class='ocr_carea' id='block_1_2' title="bbox 137 595 1891 2546">
    <p class='ocr_par' dir='ltr' id='par_1_2' title="bbox 199 595 1854 681">
     <span class='ocr_line' id='line_1_2' title="bbox 199 595 1854 681; baseline 0.002 -21"><span class='ocrx_word' id='word_1_10' title='bbox 199 597 433 681; x_wconf 81' lang='lat' dir='ltr'>paenitentiam</span> <span class='ocrx_word' id='word_1_11' title='bbox 456 595 571 659; x_wconf 83' lang='lat' dir='ltr'>redeat</span> <span class='ocrx_word' id='word_1_12' title='bbox 593 597 636 660; x_wconf 87' lang='lat' dir='ltr'>de</span> <span class='ocrx_word' id='word_1_13' title='bbox 666 599 872 661; x_wconf 85' lang='lat' dir='ltr'>abiuratione</span> <span class='ocrx_word' id='word_1_14' title='bbox 904 599 1035 662; x_wconf 79' lang='lat' dir='ltr'>fastidii</span> <span class='ocrx_word' id='word_1_15' title='bbox 1079 619 1192 661; x_wconf 83' lang='lat' dir='ltr'>nostro</span> <span class='ocrx_word' id='word_1_16' title='bbox 1224 602 1312 662; x_wconf 86' lang='lat' dir='ltr'>enim</span> <span class='ocrx_word' id='word_1_17' title='bbox 1343 603 1422 662; x_wconf 75' lang='lat' dir='ltr'>titio</span> <span class='ocrx_word' id='word_1_18' title='bbox 1450 601 1485 661; x_wconf 88' lang='lat' dir='ltr'>in</span> <span class='ocrx_word' id='word_1_19' title='bbox 1514 601 1656 662; x_wconf 54' lang='lat' dir='ltr'>colmiae</span> <span class='ocrx_word' id='word_1_20' title='bbox 1686 603 1854 664; x_wconf 57' lang='lat' dir='ltr'>sessioni</span> 
     </span>
    </p>

    <p class='ocr_par' dir='ltr' id='par_1_3' title="bbox 199 700 1855 788">
     <span class='ocr_line' id='line_1_3' title="bbox 199 700 1855 788; baseline 0.002 -26"><span class='ocrx_word' id='word_1_21' title='bbox 199 700 362 784; x_wconf 89' lang='lat' dir='ltr'>supercilii</span> <span class='ocrx_word' id='word_1_22' title='bbox 386 701 576 760; x_wconf 81' lang='lat' dir='ltr'>memoriam</span> <span class='ocrx_word' id='word_1_23' title='bbox 600 722 665 761; x_wconf 93' lang='lat' dir='ltr'>non</span> <span class='ocrx_word' id='word_1_24' title='bbox 689 703 859 764; x_wconf 68' lang='lat' dir='ltr'>aurittunt.</span> <span class='ocrx_word' id='word_1_25' title='bbox 892 703 918 763; x_wconf 88' lang='lat' dir='ltr'>si</span> <span class='ocrx_word' id='word_1_26' title='bbox 941 702 1020 763; x_wconf 91' lang='lat' dir='ltr'>illud</span> <span class='ocrx_word' id='word_1_27' title='bbox 1044 703 1121 763; x_wconf 72' lang='lat' dir='ltr'>mali</span> <span class='ocrx_word' id='word_1_28' title='bbox 1145 724 1249 785; x_wconf 72' lang='lat' dir='ltr'>genus</span> <span class='ocrx_word' id='word_1_29' title='bbox 1274 705 1392 764; x_wconf 63' lang='lat' dir='ltr'>sectari</span> <span class='ocrx_word' id='word_1_30' title='bbox 1415 723 1447 765; x_wconf 80' lang='lat' dir='ltr'>et</span> <span class='ocrx_word' id='word_1_31' title='bbox 1471 703 1612 765; x_wconf 59' lang='lat' dir='ltr'>hazilss</span> <span class='ocrx_word' id='word_1_32' title='bbox 1637 707 1855 788; x_wconf 67' lang='lat' dir='ltr'>suspicentur.</span> 
     </span>
    </p>

    <p class='ocr_par' dir='ltr' id='par_1_4' title="bbox 200 803 1855 891">
     <span class='ocr_line' id='line_1_4' title="bbox 200 803 1855 891; baseline 0.002 -25"><span class='ocrx_word' id='word_1_33' title='bbox 200 826 270 866; x_wconf 93' lang='lat' dir='ltr'>cum</span> <span class='ocrx_word' id='word_1_34' title='bbox 295 804 381 865; x_wconf 90' lang='lat' dir='ltr'>enim</span> <span class='ocrx_word' id='word_1_35' title='bbox 405 803 681 866; x_wconf 65' lang='lat' dir='ltr'>eminentissimos</span> <span class='ocrx_word' id='word_1_36' title='bbox 704 805 840 866; x_wconf 83' lang='lat' dir='ltr'>adt·.··llat</span> <span class='ocrx_word' id='word_1_37' title='bbox 863 807 1035 888; x_wconf 62' lang='lat' dir='ltr'>castigatio</span> <span class='ocrx_word' id='word_1_38' title='bbox 1059 828 1118 868; x_wconf 87' lang='lat' dir='ltr'>sna</span> <span class='ocrx_word' id='word_1_39' title='bbox 1143 825 1176 868; x_wconf 89' lang='lat' dir='ltr'>et</span> <span class='ocrx_word' id='word_1_40' title='bbox 1199 807 1357 868; x_wconf 69' lang='lat' dir='ltr'>hon-mum</span> <span class='ocrx_word' id='word_1_41' title='bbox 1375 807 1542 891; x_wconf 59' lang='lat' dir='ltr'>plenitudo</span> <span class='ocrx_word' id='word_1_42' title='bbox 1559 808 1775 868; x_wconf 55' lang='lat' dir='ltr'>saccularium</span> <span class='ocrx_word' id='word_1_43' title='bbox 1793 809 1855 870; x_wconf 71' lang='lat' dir='ltr'>hoe</span> 
     </span>
    </p>

    <p class='ocr_par' dir='ltr' id='par_1_5' title="bbox 201 907 1855 994">
     <span class='ocr_line' id='line_1_5' title="bbox 201 907 1855 994; baseline 0.002 -25"><span class='ocrx_word' id='word_1_44' title='bbox 201 908 269 970; x_wconf 90' lang='lat' dir='ltr'>solo</span> <span class='ocrx_word' id='word_1_45' title='bbox 297 907 434 968; x_wconf 88' lang='lat' dir='ltr'>artifieio</span> <span class='ocrx_word' id='word_1_46' title='bbox 466 909 609 991; x_wconf 82' lang='lat' dir='ltr'>patiatur</span> <span class='ocrx_word' id='word_1_47' title='bbox 638 929 832 991; x_wconf 67' lang='lat' dir='ltr'>augmenta.</span> <span class='ocrx_word' id='word_1_48' title='bbox 867 909 1140 971; x_wconf 83' lang='lat' dir='ltr'>considerandum</span> <span class='ocrx_word' id='word_1_49' title='bbox 1171 927 1219 970; x_wconf 85' lang='lat' dir='ltr'>est</span> <span class='ocrx_word' id='word_1_50' title='bbox 1252 911 1327 993; x_wconf 76' lang='lat' dir='ltr'>quid</span> <span class='ocrx_word' id='word_1_51' title='bbox 1361 911 1498 972; x_wconf 55' lang='lat' dir='ltr'>scissis</span> <span class='ocrx_word' id='word_1_52' title='bbox 1531 910 1717 972; x_wconf 65' lang='lat' dir='ltr'>detrimenti</span> <span class='ocrx_word' id='word_1_53' title='bbox 1749 913 1855 994; x_wconf 75' lang='lat' dir='ltr'>pariat</span> 
     </span>
    </p>

    <p class='ocr_par' dir='ltr' id='par_1_6' title="bbox 141 1012 1889 1199">
     <span class='ocr_line' id='line_1_6' title="bbox 141 1012 1889 1097; baseline 0.001 -25"><span class='ocrx_word' id='word_1_54' title='bbox 141 1046 147 1054; x_wconf 94' lang='lat'><em>·</em></span> <span class='ocrx_word' id='word_1_55' title='bbox 200 1019 302 1072; x_wconf 88' lang='lat' dir='ltr'>status</span> <span class='ocrx_word' id='word_1_56' title='bbox 325 1012 478 1093; x_wconf 77' lang='lat' dir='ltr'>angustia</span> <span class='ocrx_word' id='word_1_57' title='bbox 502 1033 568 1072; x_wconf 90' lang='lat' dir='ltr'>non</span> <span class='ocrx_word' id='word_1_58' title='bbox 602 1013 720 1074; x_wconf 88' lang='lat' dir='ltr'>metiti.</span> <span class='ocrx_word' id='word_1_59' title='bbox 764 1033 844 1094; x_wconf 74' lang='lat' dir='ltr'>ergo</span> <span class='ocrx_word' id='word_1_60' title='bbox 874 1012 1016 1074; x_wconf 80' lang='lat' dir='ltr'>sufficiat</span> <span class='ocrx_word' id='word_1_61' title='bbox 1046 1013 1261 1094; x_wconf 69' lang='lat' dir='ltr'>magnitud-ini</span> <span class='ocrx_word' id='word_1_62' title='bbox 1292 1033 1437 1076; x_wconf 72' lang='lat' dir='ltr'>restrae.</span> <span class='ocrx_word' id='word_1_63' title='bbox 1468 1013 1555 1097; x_wconf 58' lang='lat' dir='ltr'>quod</span> <span class='ocrx_word' id='word_1_64' title='bbox 1586 1033 1659 1097; x_wconf 61' lang='lat' dir='ltr'>post</span> <span class='ocrx_word' id='word_1_65' title='bbox 1690 1012 1889 1097; x_wconf 53' lang='lat' dir='ltr'>dapssifftai</span> 
     </span>
     <span class='ocr_line' id='line_1_7' title="bbox 198 1113 1857 1199; baseline 0.001 -23"><span class='ocrx_word' id='word_1_66' title='bbox 198 1115 405 1199; x_wconf 78' lang='lat' dir='ltr'>scriptionem</span> <span class='ocrx_word' id='word_1_67' title='bbox 429 1115 534 1175; x_wconf 72' lang='lat' dir='ltr'>sentm</span> <span class='ocrx_word' id='word_1_68' title='bbox 558 1113 634 1197; x_wconf 85' lang='lat' dir='ltr'>quid</span> <span class='ocrx_word' id='word_1_69' title='bbox 658 1137 718 1198; x_wconf 86' lang='lat' dir='ltr'>per</span> <span class='ocrx_word' id='word_1_70' title='bbox 749 1115 913 1178; x_wconf 89' lang='lat' dir='ltr'>silentium</span> <span class='ocrx_word' id='word_1_71' title='bbox 946 1117 1064 1177; x_wconf 89' lang='lat' dir='ltr'>erroris</span> <span class='ocrx_word' id='word_1_72' title='bbox 1094 1116 1295 1178; x_wconf 84' lang='lat' dir='ltr'>incurrerim.</span> <span class='ocrx_word' id='word_1_73' title='bbox 1342 1117 1399 1178; x_wconf 76' lang='lat' dir='ltr'>scd</span> <span class='ocrx_word' id='word_1_74' title='bbox 1431 1119 1523 1178; x_wconf 56' lang='lat' dir='ltr'>risui</span> <span class='ocrx_word' id='word_1_75' title='bbox 1550 1117 1717 1180; x_wconf 62' lang='lat' dir='ltr'>osuiteor.</span> <span class='ocrx_word' id='word_1_76' title='bbox 1747 1139 1788 1178; x_wconf 85' lang='lat' dir='ltr'>ne</span> <span class='ocrx_word' id='word_1_77' title='bbox 1815 1116 1857 1179; x_wconf 82' lang='lat' dir='ltr'>sd</span> 
     </span>
    </p>

    <p class='ocr_par' dir='ltr' id='par_1_7' title="bbox 198 1217 1857 1305">
     <span class='ocr_line' id='line_1_8' title="bbox 198 1217 1857 1305; baseline 0.002 -26"><span class='ocrx_word' id='word_1_78' title='bbox 198 1219 309 1280; x_wconf 78' lang='lat' dir='ltr'>titium</span> <span class='ocrx_word' id='word_1_79' title='bbox 334 1239 387 1280; x_wconf 92' lang='lat' dir='ltr'>me</span> <span class='ocrx_word' id='word_1_80' title='bbox 409 1217 545 1280; x_wconf 87' lang='lat' dir='ltr'>duceret</span> <span class='ocrx_word' id='word_1_81' title='bbox 568 1219 647 1301; x_wconf 73' lang='lat' dir='ltr'>luga</span> <span class='ocrx_word' id='word_1_82' title='bbox 672 1219 842 1302; x_wconf 87' lang='lat' dir='ltr'>culparum</span> <span class='ocrx_word' id='word_1_83' title='bbox 866 1235 900 1281; x_wconf 92' lang='lat' dir='ltr'>et</span> <span class='ocrx_word' id='word_1_84' title='bbox 924 1241 1031 1281; x_wconf 85' lang='lat' dir='ltr'>sermo</span> <span class='ocrx_word' id='word_1_85' title='bbox 1055 1218 1230 1302; x_wconf 71' lang='lat' dir='ltr'>deputatus</span> <span class='ocrx_word' id='word_1_86' title='bbox 1253 1219 1295 1281; x_wconf 88' lang='lat' dir='ltr'>ad</span> <span class='ocrx_word' id='word_1_87' title='bbox 1319 1222 1475 1303; x_wconf 57' lang='lat' dir='ltr'>graffium.</span> <span class='ocrx_word' id='word_1_88' title='bbox 1505 1220 1581 1281; x_wconf 74' lang='lat' dir='ltr'>dum</span> <span class='ocrx_word' id='word_1_89' title='bbox 1605 1222 1695 1282; x_wconf 56' lang='lat' dir='ltr'>nulla</span> <span class='ocrx_word' id='word_1_90' title='bbox 1719 1223 1857 1305; x_wconf 60' lang='lat' dir='ltr'>peritiam</span> 
     </span>
    </p>

    <p class='ocr_par' dir='ltr' id='par_1_8' title="bbox 198 1323 1858 1407">
     <span class='ocr_line' id='line_1_9' title="bbox 198 1323 1858 1407; baseline 0.001 -23"><span class='ocrx_word' id='word_1_91' title='bbox 198 1323 274 1384; x_wconf 86' lang='lat' dir='ltr'>lima</span> <span class='ocrx_word' id='word_1_92' title='bbox 295 1341 491 1385; x_wconf 89' lang='lat' dir='ltr'>comeremr.</span> <span class='ocrx_word' id='word_1_93' title='bbox 516 1323 678 1384; x_wconf 73' lang='lat' dir='ltr'>inveniret</span> <span class='ocrx_word' id='word_1_94' title='bbox 696 1323 866 1386; x_wconf 83' lang='lat' dir='ltr'>offensam.</span> <span class='ocrx_word' id='word_1_95' title='bbox 902 1324 1009 1405; x_wconf 76' lang='lat' dir='ltr'>refugi</span> <span class='ocrx_word' id='word_1_96' title='bbox 1032 1323 1211 1386; x_wconf 78' lang='lat' dir='ltr'>h·.··rrorenu</span> <span class='ocrx_word' id='word_1_97' title='bbox 1234 1325 1289 1406; x_wconf 90' lang='lat' dir='ltr'>qui</span> <span class='ocrx_word' id='word_1_98' title='bbox 1313 1325 1436 1406; x_wconf 52' lang='lat' dir='ltr'>igmaris</span> <span class='ocrx_word' id='word_1_99' title='bbox 1460 1324 1501 1386; x_wconf 81' lang='lat' dir='ltr'>de</span> <span class='ocrx_word' id='word_1_100' title='bbox 1525 1323 1662 1407; x_wconf 72' lang='lat' dir='ltr'>putendi</span> <span class='ocrx_word' id='word_1_101' title='bbox 1684 1325 1858 1386; x_wconf 51' lang='lat' dir='ltr'>omasi-sne</span> 
     </span>
    </p>

    <p class='ocr_par' dir='ltr' id='par_1_9' title="bbox 144 1426 1890 1594">
     <span class='ocr_line' id='line_1_10' title="bbox 197 1426 1890 1510; baseline -0.001 -22"><span class='ocrx_word' id='word_1_102' title='bbox 197 1441 384 1509; x_wconf 86' lang='lat' dir='ltr'>generatur.</span> <span class='ocrx_word' id='word_1_103' title='bbox 429 1447 508 1489; x_wconf 92' lang='lat' dir='ltr'>ecce</span> <span class='ocrx_word' id='word_1_104' title='bbox 537 1426 669 1488; x_wconf 86' lang='lat' dir='ltr'>adserui</span> <span class='ocrx_word' id='word_1_105' title='bbox 703 1426 859 1489; x_wconf 72' lang='lat' dir='ltr'>habuisse</span> <span class='ocrx_word' id='word_1_106' title='bbox 887 1448 939 1488; x_wconf 88' lang='lat' dir='ltr'>me</span> <span class='ocrx_word' id='word_1_107' title='bbox 967 1445 1002 1488; x_wconf 92' lang='lat' dir='ltr'>et</span> <span class='ocrx_word' id='word_1_108' title='bbox 1032 1429 1175 1488; x_wconf 88' lang='lat' dir='ltr'>animam</span> <span class='ocrx_word' id='word_1_109' title='bbox 1206 1426 1389 1510; x_wconf 63' lang='lat' dir='ltr'>depositum</span> <span class='ocrx_word' id='word_1_110' title='bbox 1423 1428 1609 1489; x_wconf 62' lang='lat' dir='ltr'>austeras</span> <span class='ocrx_word' id='word_1_111' title='bbox 1638 1445 1671 1488; x_wconf 87' lang='lat' dir='ltr'>et</span> <span class='ocrx_word' id='word_1_112' title='bbox 1700 1427 1787 1489; x_wconf 73' lang='lat' dir='ltr'>bene</span> <span class='ocrx_word' id='word_1_113' title='bbox 1815 1427 1890 1489; x_wconf 76' lang='lat' dir='ltr'>de3</span> 
     </span>
     <span class='ocr_line' id='line_1_11' title="bbox 144 1530 1857 1594; baseline 0.002 -3"><span class='ocrx_word' id='word_1_114' title='bbox 144 1563 145 1566; x_wconf 35' lang='lat'>¹</span> <span class='ocrx_word' id='word_1_115' title='bbox 201 1530 324 1592; x_wconf 74' lang='lat' dir='ltr'>viribus</span> <span class='ocrx_word' id='word_1_116' title='bbox 349 1533 472 1593; x_wconf 85' lang='lat' dir='ltr'>conscii</span> <span class='ocrx_word' id='word_1_117' title='bbox 494 1533 526 1593; x_wconf 93' lang='lat' dir='ltr'>in</span> <span class='ocrx_word' id='word_1_118' title='bbox 551 1530 1015 1594; x_wconf 81' lang='lat' dir='ltr'>restimtionererecnndiam.</span> <span class='ocrx_word' id='word_1_119' title='bbox 1054 1549 1156 1594; x_wconf 86' lang='lat' dir='ltr'>restat</span> <span class='ocrx_word' id='word_1_120' title='bbox 1173 1549 1219 1594; x_wconf 87' lang='lat' dir='ltr'>ut.</span> <span class='ocrx_word' id='word_1_121' title='bbox 1242 1531 1499 1592; x_wconf 69' lang='lat' dir='ltr'>emendatissimi</span> <span class='ocrx_word' id='word_1_122' title='bbox 1524 1531 1699 1594; x_wconf 63' lang='lat' dir='ltr'>bominum.</span> <span class='ocrx_word' id='word_1_123' title='bbox 1722 1549 1756 1593; x_wconf 90' lang='lat' dir='ltr'>et</span> <span class='ocrx_word' id='word_1_124' title='bbox 1778 1531 1857 1594; x_wconf 75' lang='lat' dir='ltr'>iliud</span> 
     </span>
    </p>

    <p class='ocr_par' dir='ltr' id='par_1_10' title="bbox 198 1632 1856 1719">
     <span class='ocr_line' id='line_1_12' title="bbox 198 1632 1856 1719; baseline 0.001 -24"><span class='ocrx_word' id='word_1_125' title='bbox 198 1632 329 1719; x_wconf 88' lang='lat' dir='ltr'>placere</span> <span class='ocrx_word' id='word_1_126' title='bbox 359 1634 450 1696; x_wconf 81' lang='lat' dir='ltr'>robis</span> <span class='ocrx_word' id='word_1_127' title='bbox 480 1635 685 1716; x_wconf 68' lang='lat' dir='ltr'>allegationis</span> <span class='ocrx_word' id='word_1_128' title='bbox 717 1656 811 1698; x_wconf 87' lang='lat' dir='ltr'>meae</span> <span class='ocrx_word' id='word_1_129' title='bbox 840 1635 1044 1718; x_wconf 67' lang='lat' dir='ltr'>inspectione</span> <span class='ocrx_word' id='word_1_130' title='bbox 1071 1655 1283 1717; x_wconf 72' lang='lat' dir='ltr'>cognoscam.</span> <span class='ocrx_word' id='word_1_131' title='bbox 1314 1634 1401 1718; x_wconf 83' lang='lat' dir='ltr'>quod</span> <span class='ocrx_word' id='word_1_132' title='bbox 1432 1636 1591 1698; x_wconf 84' lang='lat' dir='ltr'>hactenus</span> <span class='ocrx_word' id='word_1_133' title='bbox 1623 1655 1760 1719; x_wconf 55' lang='lat' dir='ltr'>accepta</span> <span class='ocrx_word' id='word_1_134' title='bbox 1791 1657 1856 1697; x_wconf 83' lang='lat' dir='ltr'>tum</span> 
     </span>
    </p>

    <p class='ocr_par' dir='ltr' id='par_1_11' title="bbox 198 1736 1887 1926">
     <span class='ocr_line' id='line_1_13' title="bbox 199 1736 1887 1822; baseline -0.002 -22"><span class='ocrx_word' id='word_1_135' title='bbox 199 1737 334 1800; x_wconf 80' lang='lat' dir='ltr'>reddidi</span> <span class='ocrx_word' id='word_1_136' title='bbox 380 1736 444 1799; x_wconf 85' lang='lat' dir='ltr'>lida</span> <span class='ocrx_word' id='word_1_137' title='bbox 473 1739 560 1799; x_wconf 92' lang='lat' dir='ltr'>enim</span> <span class='ocrx_word' id='word_1_138' title='bbox 592 1737 692 1800; x_wconf 89' lang='lat' dir='ltr'>index</span> <span class='ocrx_word' id='word_1_139' title='bbox 719 1756 772 1800; x_wconf 86' lang='lat' dir='ltr'>est</span> <span class='ocrx_word' id='word_1_140' title='bbox 801 1738 1028 1822; x_wconf 64' lang='lat' dir='ltr'>possibilitatis</span> <span class='ocrx_word' id='word_1_141' title='bbox 1059 1755 1192 1798; x_wconf 77' lang='lat' dir='ltr'>nostrae</span> <span class='ocrx_word' id='word_1_142' title='bbox 1221 1737 1441 1800; x_wconf 58' lang='lat' dir='ltr'>commmatio</span> <span class='ocrx_word' id='word_1_143' title='bbox 1470 1757 1504 1800; x_wconf 87' lang='lat' dir='ltr'>et</span> <span class='ocrx_word' id='word_1_144' title='bbox 1533 1741 1616 1800; x_wconf 82' lang='lat' dir='ltr'>sicut</span> <span class='ocrx_word' id='word_1_145' title='bbox 1644 1739 1676 1800; x_wconf 92' lang='lat' dir='ltr'>in</span> <span class='ocrx_word' id='word_1_146' title='bbox 1707 1739 1887 1801; x_wconf 72' lang='lat' dir='ltr'>omnibusl</span> 
     </span>
     <span class='ocr_line' id='line_1_14' title="bbox 198 1840 1858 1926; baseline 0.001 -24"><span class='ocrx_word' id='word_1_147' title='bbox 198 1843 391 1926; x_wconf 81' lang='lat' dir='ltr'>praecipua.</span> <span class='ocrx_word' id='word_1_148' title='bbox 423 1842 467 1903; x_wconf 91' lang='lat' dir='ltr'>ita</span> <span class='ocrx_word' id='word_1_149' title='bbox 495 1841 615 1902; x_wconf 84' lang='lat' dir='ltr'>famam</span> <span class='ocrx_word' id='word_1_150' title='bbox 645 1843 797 1903; x_wconf 91' lang='lat' dir='ltr'>muniens</span> <span class='ocrx_word' id='word_1_151' title='bbox 828 1842 915 1902; x_wconf 89' lang='lat' dir='ltr'>circa</span> <span class='ocrx_word' id='word_1_152' title='bbox 944 1840 1077 1924; x_wconf 77' lang='lat' dir='ltr'>linguae</span> <span class='ocrx_word' id='word_1_153' title='bbox 1100 1843 1239 1903; x_wconf 84' lang='lat' dir='ltr'>maciem</span> <span class='ocrx_word' id='word_1_154' title='bbox 1263 1842 1443 1904; x_wconf 69' lang='lat' dir='ltr'>custodita.</span> <span class='ocrx_word' id='word_1_155' title='bbox 1474 1843 1567 1925; x_wconf 81' lang='lat' dir='ltr'>quia.</span> <span class='ocrx_word' id='word_1_156' title='bbox 1597 1843 1625 1904; x_wconf 90' lang='lat' dir='ltr'>si</span> <span class='ocrx_word' id='word_1_157' title='bbox 1648 1843 1766 1904; x_wconf 81' lang='lat' dir='ltr'>crescit</span> <span class='ocrx_word' id='word_1_158' title='bbox 1789 1843 1858 1904; x_wconf 88' lang='lat' dir='ltr'>elo-</span> 
     </span>
    </p>

    <p class='ocr_par' dir='ltr' id='par_1_12' title="bbox 198 1944 1859 2030">
     <span class='ocr_line' id='line_1_15' title="bbox 198 1944 1859 2030; baseline 0.001 -23"><span class='ocrx_word' id='word_1_159' title='bbox 198 1946 367 2029; x_wconf 91' lang='lat' dir='ltr'>quentium</span> <span class='ocrx_word' id='word_1_160' title='bbox 391 1944 450 2007; x_wconf 91' lang='lat' dir='ltr'>dos</span> <span class='ocrx_word' id='word_1_161' title='bbox 472 1944 613 2029; x_wconf 88' lang='lat' dir='ltr'>pudore.</span> <span class='ocrx_word' id='word_1_162' title='bbox 637 1945 734 2009; x_wconf 75' lang='lat' dir='ltr'>facile</span> <span class='ocrx_word' id='word_1_163' title='bbox 756 1944 952 2030; x_wconf 88' lang='lat' dir='ltr'>prudentiae</span> <span class='ocrx_word' id='word_1_164' title='bbox 975 1967 1095 2007; x_wconf 92' lang='lat' dir='ltr'>nomeu</span> <span class='ocrx_word' id='word_1_165' title='bbox 1119 1945 1320 2030; x_wconf 80' lang='lat' dir='ltr'>adipiscitur.</span> <span class='ocrx_word' id='word_1_166' title='bbox 1343 1967 1418 2006; x_wconf 89' lang='lat' dir='ltr'>cum</span> <span class='ocrx_word' id='word_1_167' title='bbox 1441 1967 1502 2029; x_wconf 87' lang='lat' dir='ltr'>per</span> <span class='ocrx_word' id='word_1_168' title='bbox 1525 1945 1631 2029; x_wconf 84' lang='lat' dir='ltr'>ipsum</span> <span class='ocrx_word' id='word_1_169' title='bbox 1654 1947 1859 2008; x_wconf 61' lang='lat' dir='ltr'>centis-istst.</span> 
     </span>
    </p>

    <p class='ocr_par' dir='ltr' id='par_1_13' title="bbox 137 2048 1857 2132">
     <span class='ocr_line' id='line_1_16' title="bbox 137 2048 1857 2132; baseline -0.003 -16"><span class='ocrx_word' id='word_1_170' title='bbox 137 2081 147 2116; x_wconf 73' lang='lat' dir='ltr'>s</span> <span class='ocrx_word' id='word_1_171' title='bbox 197 2049 344 2112; x_wconf 74' lang='lat' dir='ltr'>infantia</span> <span class='ocrx_word' id='word_1_172' title='bbox 391 2070 514 2112; x_wconf 83' lang='lat' dir='ltr'>causac</span> <span class='ocrx_word' id='word_1_173' title='bbox 541 2067 667 2111; x_wconf 83' lang='lat' dir='ltr'>tamen.</span> <span class='ocrx_word' id='word_1_174' title='bbox 696 2070 794 2132; x_wconf 87' lang='lat' dir='ltr'>quam</span> <span class='ocrx_word' id='word_1_175' title='bbox 822 2049 1025 2112; x_wconf 84' lang='lat' dir='ltr'>iniunxistis.</span> <span class='ocrx_word' id='word_1_176' title='bbox 1057 2049 1213 2110; x_wconf 77' lang='lat' dir='ltr'>iacturam</span> <span class='ocrx_word' id='word_1_177' title='bbox 1238 2049 1351 2110; x_wconf 68' lang='lat' dir='ltr'>intutis</span> <span class='ocrx_word' id='word_1_178' title='bbox 1375 2048 1519 2110; x_wconf 76' lang='lat' dir='ltr'>exhibeo</span> <span class='ocrx_word' id='word_1_179' title='bbox 1542 2067 1575 2111; x_wconf 88' lang='lat' dir='ltr'>et</span> <span class='ocrx_word' id='word_1_180' title='bbox 1598 2049 1675 2110; x_wconf 86' lang='lat' dir='ltr'>dum</span> <span class='ocrx_word' id='word_1_181' title='bbox 1698 2050 1857 2132; x_wconf 78' lang='lat' dir='ltr'>imperata</span> 
     </span>
    </p>

    <p class='ocr_par' dir='ltr' id='par_1_14' title="bbox 197 2151 1891 2338">
     <span class='ocr_line' id='line_1_17' title="bbox 200 2151 1891 2236; baseline -0.002 -22"><span class='ocrx_word' id='word_1_182' title='bbox 200 2173 375 2236; x_wconf 89' lang='lat' dir='ltr'>exsequor.</span> <span class='ocrx_word' id='word_1_183' title='bbox 398 2153 586 2236; x_wconf 76' lang='lat' dir='ltr'>opinionem</span> <span class='ocrx_word' id='word_1_184' title='bbox 611 2152 653 2213; x_wconf 84' lang='lat' dir='ltr'>ad</span> <span class='ocrx_word' id='word_1_185' title='bbox 677 2153 799 2214; x_wconf 89' lang='lat' dir='ltr'>incerta</span> <span class='ocrx_word' id='word_1_186' title='bbox 824 2153 1020 2214; x_wconf 72' lang='lat' dir='ltr'>transmitto.</span> <span class='ocrx_word' id='word_1_187' title='bbox 1057 2153 1218 2234; x_wconf 56' lang='lat' dir='ltr'>,agnellus</span> <span class='ocrx_word' id='word_1_188' title='bbox 1240 2151 1282 2214; x_wconf 91' lang='lat' dir='ltr'>de</span> <span class='ocrx_word' id='word_1_189' title='bbox 1304 2153 1388 2214; x_wconf 83' lang='lat' dir='ltr'>casis</span> <span class='ocrx_word' id='word_1_190' title='bbox 1410 2153 1590 2236; x_wconf 75' lang='lat' dir='ltr'>petrarias</span> <span class='ocrx_word' id='word_1_191' title='bbox 1607 2155 1891 2236; x_wconf 63' lang='lat' dir='ltr'>promissionum)</span> 
     </span>
     <span class='ocr_line' id='line_1_18' title="bbox 197 2253 1857 2338; baseline -0.001 -20"><span class='ocrx_word' id='word_1_192' title='bbox 197 2256 275 2318; x_wconf 86' lang='lat' dir='ltr'>milti</span> <span class='ocrx_word' id='word_1_193' title='bbox 309 2256 426 2318; x_wconf 91' lang='lat' dir='ltr'>inludit</span> <span class='ocrx_word' id='word_1_194' title='bbox 460 2257 606 2338; x_wconf 79' lang='lat' dir='ltr'>efligies.</span> <span class='ocrx_word' id='word_1_195' title='bbox 641 2256 754 2316; x_wconf 80' lang='lat' dir='ltr'>rolens</span> <span class='ocrx_word' id='word_1_196' title='bbox 781 2276 800 2316; x_wconf 91' lang='lat' dir='ltr'>a</span> <span class='ocrx_word' id='word_1_197' title='bbox 828 2254 922 2315; x_wconf 78' lang='lat' dir='ltr'>tobis</span> <span class='ocrx_word' id='word_1_198' title='bbox 956 2275 1117 2315; x_wconf 88' lang='lat' dir='ltr'>summam</span> <span class='ocrx_word' id='word_1_199' title='bbox 1151 2255 1248 2338; x_wconf 91' lang='lat' dir='ltr'>pretii</span> <span class='ocrx_word' id='word_1_200' title='bbox 1285 2253 1461 2336; x_wconf 71' lang='lat' dir='ltr'>designari.</span> <span class='ocrx_word' id='word_1_201' title='bbox 1515 2253 1573 2316; x_wconf 58' lang='lat' dir='ltr'>seul</span> <span class='ocrx_word' id='word_1_202' title='bbox 1607 2256 1684 2316; x_wconf 79' lang='lat' dir='ltr'>mali</span> <span class='ocrx_word' id='word_1_203' title='bbox 1718 2255 1857 2316; x_wconf 76' lang='lat' dir='ltr'>hominis</span> 
     </span>
    </p>

    <p class='ocr_par' dir='ltr' id='par_1_15' title="bbox 196 2358 1857 2442">
     <span class='ocr_line' id='line_1_19' title="bbox 196 2358 1857 2442; baseline -0.002 -19"><span class='ocrx_word' id='word_1_204' title='bbox 196 2359 347 2423; x_wconf 81' lang='lat' dir='ltr'>ardorem</span> <span class='ocrx_word' id='word_1_205' title='bbox 371 2361 591 2422; x_wconf 75' lang='lat' dir='ltr'>insatiabilem</span> <span class='ocrx_word' id='word_1_206' title='bbox 615 2381 690 2421; x_wconf 85' lang='lat' dir='ltr'>esse</span> <span class='ocrx_word' id='word_1_207' title='bbox 712 2358 883 2420; x_wconf 76' lang='lat' dir='ltr'>didicistis.</span> <span class='ocrx_word' id='word_1_208' title='bbox 907 2358 961 2442; x_wconf 90' lang='lat' dir='ltr'>qui</span> <span class='ocrx_word' id='word_1_209' title='bbox 985 2358 1046 2419; x_wconf 94' lang='lat' dir='ltr'>nisi</span> <span class='ocrx_word' id='word_1_210' title='bbox 1070 2375 1259 2441; x_wconf 89' lang='lat' dir='ltr'>contemptu</span> <span class='ocrx_word' id='word_1_211' title='bbox 1284 2359 1446 2442; x_wconf 86' lang='lat' dir='ltr'>pecuniae</span> <span class='ocrx_word' id='word_1_212' title='bbox 1463 2379 1526 2419; x_wconf 87' lang='lat' dir='ltr'>non</span> <span class='ocrx_word' id='word_1_213' title='bbox 1545 2377 1690 2420; x_wconf 80' lang='lat' dir='ltr'>sanetur.</span> <span class='ocrx_word' id='word_1_214' title='bbox 1727 2359 1857 2421; x_wconf 87' lang='lat' dir='ltr'>domine</span> 
     </span>
    </p>

    <p class='ocr_par' dir='ltr' id='par_1_16' title="bbox 195 2461 1553 2546">
     <span class='ocr_line' id='line_1_20' title="bbox 195 2461 1553 2546; baseline 0 -20"><span class='ocrx_word' id='word_1_215' title='bbox 195 2464 249 2526; x_wconf 91' lang='lat' dir='ltr'>mi.</span> <span class='ocrx_word' id='word_1_216' title='bbox 273 2464 380 2526; x_wconf 89' lang='lat' dir='ltr'>saluto</span> <span class='ocrx_word' id='word_1_217' title='bbox 402 2479 435 2526; x_wconf 91' lang='lat' dir='ltr'>ct</span> <span class='ocrx_word' id='word_1_218' title='bbox 458 2485 548 2546; x_wconf 82' lang='lat' dir='ltr'>rogo.</span> <span class='ocrx_word' id='word_1_219' title='bbox 574 2478 610 2524; x_wconf 92' lang='lat' dir='ltr'>nt</span> <span class='ocrx_word' id='word_1_220' title='bbox 634 2463 749 2545; x_wconf 75' lang='lat' dir='ltr'>religio</span> <span class='ocrx_word' id='word_1_221' title='bbox 773 2463 858 2524; x_wconf 84' lang='lat' dir='ltr'>circu</span> <span class='ocrx_word' id='word_1_222' title='bbox 883 2483 936 2523; x_wconf 89' lang='lat' dir='ltr'>me</span> <span class='ocrx_word' id='word_1_223' title='bbox 960 2462 1003 2545; x_wconf 91' lang='lat' dir='ltr'>pii</span> <span class='ocrx_word' id='word_1_224' title='bbox 1027 2463 1147 2522; x_wconf 90' lang='lat' dir='ltr'>amoris</span> <span class='ocrx_word' id='word_1_225' title='bbox 1171 2479 1321 2523; x_wconf 71' lang='lat' dir='ltr'>serretur</span> <span class='ocrx_word' id='word_1_226' title='bbox 1344 2479 1378 2523; x_wconf 90' lang='lat' dir='ltr'>et</span> <span class='ocrx_word' id='word_1_227' title='bbox 1401 2461 1553 2526; x_wconf 60' lang='lat' dir='ltr'>sceleris.</span> 
     </span>
    </p>
   </div>
   <div class='ocr_carea' id='block_1_3' title="bbox 775 2751 1284 3021">
    <p class='ocr_par' dir='ltr' id='par_1_17' title="bbox 775 2751 1284 3021">
     <span class='ocr_line' id='line_1_21' title="bbox 807 2751 1248 2836; baseline -0.005 -17"><span class='ocrx_word' id='word_1_228' title='bbox 807 2751 1003 2819; x_wconf 76' lang='lat' dir='ltr'>cmm</span> <span class='ocrx_word' id='word_1_229' title='bbox 1027 2753 1139 2836; x_wconf 75' lang='lat' dir='ltr'>(crist.</span> <span class='ocrx_word' id='word_1_230' title='bbox 1155 2759 1186 2818; x_wconf 78' lang='lat'>5.</span> <span class='ocrx_word' id='word_1_231' title='bbox 1204 2755 1248 2836; x_wconf 69' lang='lat' dir='ltr'>ll.</span> 
     </span>
     <span class='ocr_line' id='line_1_22' title="bbox 775 2948 1284 3021; baseline -0.002 0"><span class='ocrx_word' id='word_1_232' title='bbox 775 2949 1012 3021; x_wconf 68' lang='lat' dir='ltr'>ENNODIVS</span> <span class='ocrx_word' id='word_1_233' title='bbox 1040 2948 1284 3021; x_wconf 70' lang='lat' dir='ltr'>HEIdSFAR</span> 
     </span>
    </p>
   </div>
   <div class='ocr_carea' id='block_1_4' title="bbox 305 3097 1885 3211">
    <p class='ocr_par' dir='ltr' id='par_1_18' title="bbox 305 3097 1885 3211">
     <span class='ocr_line' id='line_1_23' title="bbox 305 3097 1885 3211; baseline -0.001 -22"><span class='ocrx_word' id='word_1_234' title='bbox 305 3097 387 3190; x_wconf 81' lang='lat' dir='ltr'>Diu</span> <span class='ocrx_word' id='word_1_235' title='bbox 410 3127 578 3211; x_wconf 89' lang='lat' dir='ltr'>quaesitus</span> <span class='ocrx_word' id='word_1_236' title='bbox 602 3125 773 3188; x_wconf 79' lang='lat' dir='ltr'>desideriis</span> <span class='ocrx_word' id='word_1_237' title='bbox 797 3129 878 3190; x_wconf 90' lang='lat' dir='ltr'>meis</span> <span class='ocrx_word' id='word_1_238' title='bbox 903 3128 1013 3191; x_wconf 72' lang='lat' dir='ltr'>evenit</span> <span class='ocrx_word' id='word_1_239' title='bbox 1037 3128 1187 3188; x_wconf 83' lang='lat' dir='ltr'>effectus.</span> <span class='ocrx_word' id='word_1_240' title='bbox 1232 3143 1267 3187; x_wconf 90' lang='lat' dir='ltr'>nt</span> <span class='ocrx_word' id='word_1_241' title='bbox 1291 3125 1386 3187; x_wconf 91' lang='lat' dir='ltr'>detur</span> <span class='ocrx_word' id='word_1_242' title='bbox 1409 3128 1525 3208; x_wconf 79' lang='lat' dir='ltr'>genius</span> <span class='ocrx_word' id='word_1_243' title='bbox 1549 3126 1727 3189; x_wconf 84' lang='lat' dir='ltr'>benefieiis.</span> <span class='ocrx_word' id='word_1_244' title='bbox 1750 3131 1885 3188; x_wconf 85' lang='lat' dir='ltr'>trans-l</span> 
     </span>
    </p>
   </div>
   <div class='ocr_carea' id='block_1_5' title="bbox 128 3230 1892 4435">
    <p class='ocr_par' dir='ltr' id='par_1_19' title="bbox 128 3230 1892 4435">
     <span class='ocr_line' id='line_1_24' title="bbox 197 3230 1860 3315; baseline -0.001 -22"><span class='ocrx_word' id='word_1_245' title='bbox 197 3231 297 3293; x_wconf 86' lang='lat' dir='ltr'>missa</span> <span class='ocrx_word' id='word_1_246' title='bbox 310 3231 344 3292; x_wconf 94' lang='lat' dir='ltr'>in</span> <span class='ocrx_word' id='word_1_247' title='bbox 360 3231 491 3314; x_wconf 83' lang='lat' dir='ltr'>longum</span> <span class='ocrx_word' id='word_1_248' title='bbox 508 3231 739 3315; x_wconf 82' lang='lat' dir='ltr'>expectatione</span> <span class='ocrx_word' id='word_1_249' title='bbox 757 3232 956 3294; x_wconf 88' lang='lat' dir='ltr'>tribuuntur.</span> <span class='ocrx_word' id='word_1_250' title='bbox 993 3232 1071 3293; x_wconf 74' lang='lat' dir='ltr'>sirit</span> <span class='ocrx_word' id='word_1_251' title='bbox 1088 3232 1120 3292; x_wconf 94' lang='lat' dir='ltr'>in</span> <span class='ocrx_word' id='word_1_252' title='bbox 1137 3251 1342 3314; x_wconf 88' lang='lat' dir='ltr'>quacumque</span> <span class='ocrx_word' id='word_1_253' title='bbox 1359 3247 1520 3292; x_wconf 81' lang='lat' dir='ltr'>terrarum</span> <span class='ocrx_word' id='word_1_254' title='bbox 1538 3249 1632 3315; x_wconf 89' lang='lat' dir='ltr'>parte</span> <span class='ocrx_word' id='word_1_255' title='bbox 1649 3230 1860 3314; x_wconf 76' lang='lat' dir='ltr'>proximitas:</span> 
     </span>
     <span class='ocr_line' id='line_1_25' title="bbox 199 3333 1859 3418; baseline -0.001 -22"><span class='ocrx_word' id='word_1_256' title='bbox 199 3335 461 3417; x_wconf 77' lang='lat' dir='ltr'>sequestratione</span> <span class='ocrx_word' id='word_1_257' title='bbox 485 3355 655 3418; x_wconf 90' lang='lat' dir='ltr'>corporum</span> <span class='ocrx_word' id='word_1_258' title='bbox 679 3337 849 3417; x_wconf 81' lang='lat' dir='ltr'>sanguinis</span> <span class='ocrx_word' id='word_1_259' title='bbox 872 3349 989 3397; x_wconf 87' lang='lat' dir='ltr'>catena</span> <span class='ocrx_word' id='word_1_260' title='bbox 1015 3356 1080 3396; x_wconf 96' lang='lat' dir='ltr'>nou</span> <span class='ocrx_word' id='word_1_261' title='bbox 1105 3335 1281 3416; x_wconf 83' lang='lat' dir='ltr'>rumpitur:</span> <span class='ocrx_word' id='word_1_262' title='bbox 1304 3355 1364 3418; x_wconf 90' lang='lat' dir='ltr'>per</span> <span class='ocrx_word' id='word_1_263' title='bbox 1379 3333 1521 3396; x_wconf 82' lang='lat' dir='ltr'>discreta</span> <span class='ocrx_word' id='word_1_264' title='bbox 1545 3336 1715 3415; x_wconf 69' lang='lat' dir='ltr'>regionum</span> <span class='ocrx_word' id='word_1_265' title='bbox 1738 3334 1859 3394; x_wconf 88' lang='lat' dir='ltr'>caritas</span> 
     </span>
     <span class='ocr_line' id='line_1_26' title="bbox 199 3436 1861 3522; baseline -0.001 -23"><span class='ocrx_word' id='word_1_266' title='bbox 199 3436 316 3500; x_wconf 89' lang='lat' dir='ltr'>damna</span> <span class='ocrx_word' id='word_1_267' title='bbox 338 3458 404 3501; x_wconf 91' lang='lat' dir='ltr'>non</span> <span class='ocrx_word' id='word_1_268' title='bbox 428 3440 538 3502; x_wconf 86' lang='lat' dir='ltr'>sentit.</span> <span class='ocrx_word' id='word_1_269' title='bbox 562 3439 693 3521; x_wconf 91' lang='lat' dir='ltr'>quaudo</span> <span class='ocrx_word' id='word_1_270' title='bbox 717 3441 802 3501; x_wconf 90' lang='lat' dir='ltr'>inter</span> <span class='ocrx_word' id='word_1_271' title='bbox 825 3461 881 3501; x_wconf 87' lang='lat' dir='ltr'>eos</span> <span class='ocrx_word' id='word_1_272' title='bbox 904 3439 958 3522; x_wconf 91' lang='lat' dir='ltr'>qui</span> <span class='ocrx_word' id='word_1_273' title='bbox 983 3437 1186 3499; x_wconf 84' lang='lat' dir='ltr'>habitatione</span> <span class='ocrx_word' id='word_1_274' title='bbox 1203 3457 1399 3520; x_wconf 86' lang='lat' dir='ltr'>separantur</span> <span class='ocrx_word' id='word_1_275' title='bbox 1414 3438 1623 3520; x_wconf 84' lang='lat' dir='ltr'>praesentiae</span> <span class='ocrx_word' id='word_1_276' title='bbox 1640 3438 1712 3499; x_wconf 82' lang='lat' dir='ltr'>tice</span> <span class='ocrx_word' id='word_1_277' title='bbox 1729 3453 1861 3498; x_wconf 90' lang='lat' dir='ltr'>tenetur</span> 
     </span>
     <span class='ocr_line' id='line_1_27' title="bbox 128 3538 1892 3626; baseline 0 -24"><span class='ocrx_word' id='word_1_278' title='bbox 128 3563 150 3599; x_wconf 77' lang='lat' dir='ltr'>s</span> <span class='ocrx_word' id='word_1_279' title='bbox 199 3541 341 3604; x_wconf 83' lang='lat' dir='ltr'>affectio.</span> <span class='ocrx_word' id='word_1_280' title='bbox 391 3538 455 3604; x_wconf 89' lang='lat' dir='ltr'>deo</span> <span class='ocrx_word' id='word_1_281' title='bbox 486 3543 702 3626; x_wconf 88' lang='lat' dir='ltr'>omnipotenti</span> <span class='ocrx_word' id='word_1_282' title='bbox 734 3543 857 3624; x_wconf 81' lang='lat' dir='ltr'>gratias</span> <span class='ocrx_word' id='word_1_283' title='bbox 895 3541 1019 3604; x_wconf 84' lang='lat' dir='ltr'>refero.</span> <span class='ocrx_word' id='word_1_284' title='bbox 1058 3543 1132 3623; x_wconf 86' lang='lat' dir='ltr'>quia</span> <span class='ocrx_word' id='word_1_285' title='bbox 1165 3563 1223 3602; x_wconf 82' lang='lat' dir='ltr'>tos</span> <span class='ocrx_word' id='word_1_286' title='bbox 1254 3562 1415 3603; x_wconf 81' lang='lat' dir='ltr'>memores</span> <span class='ocrx_word' id='word_1_287' title='bbox 1447 3540 1524 3602; x_wconf 85' lang='lat' dir='ltr'>fecit</span> <span class='ocrx_word' id='word_1_288' title='bbox 1555 3561 1630 3604; x_wconf 86' lang='lat' dir='ltr'>esse</span> <span class='ocrx_word' id='word_1_289' title='bbox 1663 3541 1795 3624; x_wconf 88' lang='lat' dir='ltr'>pietatis</span> <span class='ocrx_word' id='word_1_290' title='bbox 1824 3542 1892 3602; x_wconf 71' lang='lat' dir='ltr'>eti</span> 
     </span>
     <span class='ocr_line' id='line_1_28' title="bbox 199 3642 1859 3730; baseline -0.001 -23"><span class='ocrx_word' id='word_1_291' title='bbox 199 3645 371 3730; x_wconf 83' lang='lat' dir='ltr'>prosapiae</span> <span class='ocrx_word' id='word_1_292' title='bbox 399 3644 459 3707; x_wconf 87' lang='lat' dir='ltr'>sub</span> <span class='ocrx_word' id='word_1_293' title='bbox 492 3645 648 3727; x_wconf 82' lang='lat' dir='ltr'>religiosa</span> <span class='ocrx_word' id='word_1_294' title='bbox 672 3647 847 3708; x_wconf 87' lang='lat' dir='ltr'>occasione</span> <span class='ocrx_word' id='word_1_295' title='bbox 871 3645 1046 3707; x_wconf 88' lang='lat' dir='ltr'>reminisci.</span> <span class='ocrx_word' id='word_1_296' title='bbox 1091 3659 1176 3707; x_wconf 89' lang='lat' dir='ltr'>teste</span> <span class='ocrx_word' id='word_1_297' title='bbox 1199 3645 1262 3707; x_wconf 90' lang='lat' dir='ltr'>deo</span> <span class='ocrx_word' id='word_1_298' title='bbox 1286 3663 1456 3729; x_wconf 83' lang='lat' dir='ltr'>postquam</span> <span class='ocrx_word' id='word_1_299' title='bbox 1478 3644 1558 3706; x_wconf 88' lang='lat' dir='ltr'>mihi</span> <span class='ocrx_word' id='word_1_300' title='bbox 1581 3644 1698 3707; x_wconf 85' lang='lat' dir='ltr'>domna</span> <span class='ocrx_word' id='word_1_301' title='bbox 1714 3642 1859 3727; x_wconf 55' lang='lat' dir='ltr'>cynegia</span> 
     </span>
     <span class='ocr_line' id='line_1_29' title="bbox 199 3746 1858 3832; baseline -0.001 -22"><span class='ocrx_word' id='word_1_302' title='bbox 199 3749 347 3812; x_wconf 89' lang='lat' dir='ltr'>meritum</span> <span class='ocrx_word' id='word_1_303' title='bbox 370 3763 500 3812; x_wconf 74' lang='lat' dir='ltr'>vestrae</span> <span class='ocrx_word' id='word_1_304' title='bbox 523 3751 779 3812; x_wconf 75' lang='lat' dir='ltr'>conversationis</span> <span class='ocrx_word' id='word_1_305' title='bbox 802 3749 973 3832; x_wconf 83' lang='lat' dir='ltr'>exposuit.</span> <span class='ocrx_word' id='word_1_306' title='bbox 998 3749 1155 3811; x_wconf 77' lang='lat' dir='ltr'>visionem</span> <span class='ocrx_word' id='word_1_307' title='bbox 1180 3765 1321 3811; x_wconf 76' lang='lat' dir='ltr'>vestram</span> <span class='ocrx_word' id='word_1_308' title='bbox 1346 3748 1479 3832; x_wconf 86' lang='lat' dir='ltr'>speciali</span> <span class='ocrx_word' id='word_1_309' title='bbox 1503 3746 1619 3810; x_wconf 71' lang='lat' dir='ltr'>autore</span> <span class='ocrx_word' id='word_1_310' title='bbox 1642 3747 1809 3831; x_wconf 79' lang='lat' dir='ltr'>requisiti.</span> <span class='ocrx_word' id='word_1_311' title='bbox 1832 3747 1858 3808; x_wconf 91' lang='lat' dir='ltr'>si</span> 
     </span>
     <span class='ocr_line' id='line_1_30' title="bbox 199 3850 1891 3937; baseline 0.001 -25"><span class='ocrx_word' id='word_1_312' title='bbox 199 3853 281 3914; x_wconf 81' lang='lat' dir='ltr'>totis</span> <span class='ocrx_word' id='word_1_313' title='bbox 315 3853 444 3937; x_wconf 89' lang='lat' dir='ltr'>copiam</span> <span class='ocrx_word' id='word_1_314' title='bbox 479 3863 591 3937; x_wconf 83' lang='lat' dir='ltr'>optata</span> <span class='ocrx_word' id='word_1_315' title='bbox 627 3851 775 3915; x_wconf 88' lang='lat' dir='ltr'>dedisset</span> <span class='ocrx_word' id='word_1_316' title='bbox 809 3854 947 3914; x_wconf 86' lang='lat' dir='ltr'>occasio.</span> <span class='ocrx_word' id='word_1_317' title='bbox 1001 3852 1147 3914; x_wconf 90' lang='lat' dir='ltr'>domina.</span> <span class='ocrx_word' id='word_1_318' title='bbox 1182 3852 1390 3914; x_wconf 88' lang='lat' dir='ltr'>salutationis</span> <span class='ocrx_word' id='word_1_319' title='bbox 1424 3852 1643 3914; x_wconf 76' lang='lat' dir='ltr'>reverentiam</span> <span class='ocrx_word' id='word_1_320' title='bbox 1680 3850 1794 3914; x_wconf 89' lang='lat' dir='ltr'>dicens</span> <span class='ocrx_word' id='word_1_321' title='bbox 1825 3851 1891 3914; x_wconf 75' lang='lat' dir='ltr'>ins</span> 
     </span>
     <span class='ocr_line' id='line_1_31' title="bbox 199 3954 1862 4040; baseline -0.001 -22"><span class='ocrx_word' id='word_1_322' title='bbox 199 3954 370 4040; x_wconf 82' lang='lat' dir='ltr'>designato</span> <span class='ocrx_word' id='word_1_323' title='bbox 386 3956 505 4019; x_wconf 88' lang='lat' dir='ltr'>litteris</span> <span class='ocrx_word' id='word_1_324' title='bbox 522 3958 638 4018; x_wconf 78' lang='lat' dir='ltr'>restris</span> <span class='ocrx_word' id='word_1_325' title='bbox 656 3957 786 4039; x_wconf 85' lang='lat' dir='ltr'>negotio</span> <span class='ocrx_word' id='word_1_326' title='bbox 804 3957 1019 4018; x_wconf 88' lang='lat' dir='ltr'>ministerium</span> <span class='ocrx_word' id='word_1_327' title='bbox 1037 3955 1219 4018; x_wconf 75' lang='lat' dir='ltr'>devotionis</span> <span class='ocrx_word' id='word_1_328' title='bbox 1243 3954 1400 4038; x_wconf 85' lang='lat' dir='ltr'>spondeo.</span> <span class='ocrx_word' id='word_1_329' title='bbox 1424 3955 1499 4038; x_wconf 88' lang='lat' dir='ltr'>quia</span> <span class='ocrx_word' id='word_1_330' title='bbox 1523 3969 1651 4016; x_wconf 90' lang='lat' dir='ltr'>tautum</span> <span class='ocrx_word' id='word_1_331' title='bbox 1673 3969 1862 4039; x_wconf 85' lang='lat' dir='ltr'>praestatur</span> 
     </span>
     <span class='ocr_line' id='line_1_32' title="bbox 201 4057 1859 4143; baseline -0.001 -23"><span class='ocrx_word' id='word_1_332' title='bbox 201 4059 345 4134; x_wconf 83' lang='lat' dir='ltr'>animae,</span> <span class='ocrx_word' id='word_1_333' title='bbox 375 4067 532 4143; x_wconf 85' lang='lat' dir='ltr'>quantum</span> <span class='ocrx_word' id='word_1_334' title='bbox 564 4060 686 4122; x_wconf 88' lang='lat' dir='ltr'>sanctis</span> <span class='ocrx_word' id='word_1_335' title='bbox 716 4057 895 4121; x_wconf 79' lang='lat' dir='ltr'>exhibetur</span> <span class='ocrx_word' id='word_1_336' title='bbox 924 4058 1050 4121; x_wconf 90' lang='lat' dir='ltr'>studiis.</span> <span class='ocrx_word' id='word_1_337' title='bbox 1096 4079 1172 4121; x_wconf 80' lang='lat' dir='ltr'>rere</span> <span class='ocrx_word' id='word_1_338' title='bbox 1201 4059 1275 4120; x_wconf 90' lang='lat' dir='ltr'>dico</span> <span class='ocrx_word' id='word_1_339' title='bbox 1304 4079 1356 4120; x_wconf 83' lang='lat' dir='ltr'>nte</span> <span class='ocrx_word' id='word_1_340' title='bbox 1385 4079 1562 4142; x_wconf 89' lang='lat' dir='ltr'>numquam</span> <span class='ocrx_word' id='word_1_341' title='bbox 1585 4057 1739 4121; x_wconf 87' lang='lat' dir='ltr'>dilexisse</span> <span class='ocrx_word' id='word_1_342' title='bbox 1762 4078 1859 4141; x_wconf 90' lang='lat' dir='ltr'>quem</span> 
     </span>
     <span class='ocr_line' id='line_1_33' title="bbox 201 4160 1859 4246; baseline -0.001 -23"><span class='ocrx_word' id='word_1_343' title='bbox 201 4160 406 4226; x_wconf 84' lang='lat' dir='ltr'>detestamini</span> <span class='ocrx_word' id='word_1_344' title='bbox 438 4177 471 4227; x_wconf 92' lang='lat' dir='ltr'>et</span> <span class='ocrx_word' id='word_1_345' title='bbox 502 4164 660 4240; x_wconf 76' lang='lat' dir='ltr'>veritum.</span> <span class='ocrx_word' id='word_1_346' title='bbox 695 4183 737 4226; x_wconf 89' lang='lat' dir='ltr'>ue</span> <span class='ocrx_word' id='word_1_347' title='bbox 771 4160 812 4224; x_wconf 90' lang='lat' dir='ltr'>ad</span> <span class='ocrx_word' id='word_1_348' title='bbox 847 4161 906 4225; x_wconf 90' lang='lat' dir='ltr'>diri</span> <span class='ocrx_word' id='word_1_349' title='bbox 941 4162 1080 4225; x_wconf 90' lang='lat' dir='ltr'>hominis</span> <span class='ocrx_word' id='word_1_350' title='bbox 1115 4161 1297 4246; x_wconf 80' lang='lat' dir='ltr'>profectum</span> <span class='ocrx_word' id='word_1_351' title='bbox 1336 4173 1447 4224; x_wconf 75' lang='lat' dir='ltr'>tester</span> <span class='ocrx_word' id='word_1_352' title='bbox 1480 4182 1610 4245; x_wconf 90' lang='lat' dir='ltr'>quoque</span> <span class='ocrx_word' id='word_1_353' title='bbox 1647 4161 1859 4224; x_wconf 88' lang='lat' dir='ltr'>inclinaretur</span> 
     </span>
     <span class='ocr_line' id='line_1_34' title="bbox 201 4263 1859 4347; baseline -0.002 -17"><span class='ocrx_word' id='word_1_354' title='bbox 201 4264 367 4330; x_wconf 79' lang='lat' dir='ltr'>adsensus.</span> <span class='ocrx_word' id='word_1_355' title='bbox 411 4265 497 4329; x_wconf 86' lang='lat' dir='ltr'>adsit</span> <span class='ocrx_word' id='word_1_356' title='bbox 521 4265 611 4329; x_wconf 90' lang='lat' dir='ltr'>deus.</span> <span class='ocrx_word' id='word_1_357' title='bbox 635 4288 677 4328; x_wconf 91' lang='lat' dir='ltr'>ne</span> <span class='ocrx_word' id='word_1_358' title='bbox 699 4266 740 4329; x_wconf 88' lang='lat' dir='ltr'>ad</span> <span class='ocrx_word' id='word_1_359' title='bbox 765 4266 1024 4327; x_wconf 87' lang='lat' dir='ltr'>ecclesiasticam</span> <span class='ocrx_word' id='word_1_360' title='bbox 1048 4264 1241 4347; x_wconf 82' lang='lat' dir='ltr'>dignitatem</span> <span class='ocrx_word' id='word_1_361' title='bbox 1267 4266 1378 4326; x_wconf 81' lang='lat' dir='ltr'>teniat</span> <span class='ocrx_word' id='word_1_362' title='bbox 1402 4265 1492 4326; x_wconf 94' lang='lat' dir='ltr'>nulla</span> <span class='ocrx_word' id='word_1_363' title='bbox 1517 4264 1624 4325; x_wconf 89' lang='lat' dir='ltr'>bonae</span> <span class='ocrx_word' id='word_1_364' title='bbox 1647 4263 1859 4326; x_wconf 88' lang='lat' dir='ltr'>institutionis</span> 
     </span>
     <span class='ocr_line' id='line_1_35' title="bbox 201 4368 512 4435; baseline 0 -3"><span class='ocrx_word' id='word_1_365' title='bbox 201 4368 317 4435; x_wconf 84' lang='lat' dir='ltr'>incude</span> <span class='ocrx_word' id='word_1_366' title='bbox 339 4368 512 4433; x_wconf 78' lang='lat' dir='ltr'>formatus.</span> 
     </span>
    </p>
   </div>
   <div class='ocr_carea' id='block_1_6' title="bbox 209 4526 617 4534">
    <p class='ocr_par' dir='ltr' id='par_1_20' title="bbox 209 4526 617 4534">
     <span class='ocr_line' id='line_1_36' title="bbox 209 4526 617 4534; baseline -0.002 -2"><span class='ocrx_word' id='word_1_367' title='bbox 209 4526 617 4534; x_wconf 70' lang='lat'>——.--——-..———-....-.</span> 
     </span>
    </p>
   </div>
   <div class='ocr_carea' id='block_1_7' title="bbox 202 4623 1864 5387">
    <p class='ocr_par' dir='ltr' id='par_1_21' title="bbox 202 4623 1864 5124">
     <span class='ocr_line' id='line_1_37' title="bbox 301 4623 1861 4692; baseline -0.004 -13"><span class='ocrx_word' id='word_1_368' title='bbox 301 4629 318 4678; x_wconf 86' lang='lat'><strong>3</strong></span> <span class='ocrx_word' id='word_1_369' title='bbox 342 4631 558 4679; x_wconf 84' lang='lat' dir='ltr'>eminentissimus</span> <span class='ocrx_word' id='word_1_370' title='bbox 578 4628 602 4677; x_wconf 91' lang='grc' dir='ltr'><em>Β</em></span> <span class='ocrx_word' id='word_1_371' title='bbox 705 4631 806 4679; x_wconf 76' lang='lat' dir='ltr'>attollat</span> <span class='ocrx_word' id='word_1_372' title='bbox 829 4629 851 4674; x_wconf 78' lang='lat' dir='ltr'>l&#39;</span> <span class='ocrx_word' id='word_1_373' title='bbox 986 4627 1003 4678; x_wconf 79' lang='lat' dir='ltr'>l</span> <span class='ocrx_word' id='word_1_374' title='bbox 1025 4641 1147 4677; x_wconf 81' lang='lat' dir='ltr'>aumenta</span> <span class='ocrx_word' id='word_1_375' title='bbox 1175 4639 1199 4678; x_wconf 89' lang='lat' dir='ltr'>tc</span> <span class='ocrx_word' id='word_1_376' title='bbox 1222 4646 1277 4692; x_wconf 74' lang='lat' dir='ltr'>sup</span> <span class='ocrx_word' id='word_1_377' title='bbox 1298 4629 1342 4675; x_wconf 75' lang='lat' dir='ltr'>liu.</span> <span class='ocrx_word' id='word_1_378' title='bbox 1363 4635 1425 4676; x_wconf 77' lang='lat' dir='ltr'>n.1</span> <span class='ocrx_word' id='word_1_379' title='bbox 1450 4628 1473 4676; x_wconf 85' lang='grc' dir='ltr'><em>Β</em></span> <span class='ocrx_word' id='word_1_380' title='bbox 1611 4627 1628 4672; x_wconf 79' lang='lat' dir='ltr'>o</span> <span class='ocrx_word' id='word_1_381' title='bbox 1654 4626 1817 4674; x_wconf 82' lang='lat' dir='ltr'>scribtiouem</span> <span class='ocrx_word' id='word_1_382' title='bbox 1837 4623 1861 4672; x_wconf 83' lang='grc' dir='ltr'><em>Β</em></span> 
     </span>
     <span class='ocr_line' id='line_1_38' title="bbox 202 4709 1861 4779; baseline -0.001 -17"><span class='ocrx_word' id='word_1_383' title='bbox 202 4715 354 4766; x_wconf 83' lang='lat' dir='ltr'>incurrerem</span> <span class='ocrx_word' id='word_1_384' title='bbox 375 4716 399 4764; x_wconf 88' lang='grc' dir='ltr'><em>Β</em></span> <span class='ocrx_word' id='word_1_385' title='bbox 468 4713 601 4778; x_wconf 77' lang='lat' dir='ltr'>confiteor]</span> <span class='ocrx_word' id='word_1_386' title='bbox 622 4733 711 4764; x_wconf 83' lang='lat' dir='ltr'>uereor</span> <span class='ocrx_word' id='word_1_387' title='bbox 733 4715 784 4775; x_wconf 68' lang='grc' dir='ltr'>Π,</span> <span class='ocrx_word' id='word_1_388' title='bbox 806 4717 855 4764; x_wconf 79' lang='lat' dir='ltr'>del.</span> <span class='ocrx_word' id='word_1_389' title='bbox 875 4726 897 4764; x_wconf 84' lang='lat' dir='ltr'>et</span> <span class='ocrx_word' id='word_1_390' title='bbox 915 4718 1037 4764; x_wconf 75' lang='lat' dir='ltr'>cntttiteor</span> <span class='ocrx_word' id='word_1_391' title='bbox 1055 4731 1179 4779; x_wconf 63' lang='lat' dir='ltr'>erperae-r.</span> <span class='ocrx_word' id='word_1_392' title='bbox 1200 4712 1236 4758; x_wconf 73' lang='lat' dir='ltr'>rt</span> <span class='ocrx_word' id='word_1_393' title='bbox 1348 4710 1365 4762; x_wconf 77' lang='lat'>8</span> <span class='ocrx_word' id='word_1_394' title='bbox 1384 4715 1488 4762; x_wconf 79' lang='lat' dir='ltr'>offesam</span> <span class='ocrx_word' id='word_1_395' title='bbox 1508 4713 1549 4760; x_wconf 75' lang='lat' dir='ltr'>tt·</span> <span class='ocrx_word' id='word_1_396' title='bbox 1621 4713 1724 4777; x_wconf 70' lang='lat' dir='ltr'>{umidi</span> <span class='ocrx_word' id='word_1_397' title='bbox 1740 4710 1764 4759; x_wconf 84' lang='lat' dir='ltr'><em>B</em></span> <span class='ocrx_word' id='word_1_398' title='bbox 1771 4709 1861 4760; x_wconf 59' lang='lat' dir='ltr'>th‘tt</span> 
     </span>
     <span class='ocr_line' id='line_1_39' title="bbox 202 4797 1860 4867; baseline -0.003 -16"><span class='ocrx_word' id='word_1_399' title='bbox 202 4803 313 4866; x_wconf 80' lang='lat' dir='ltr'>pariettdi</span> <span class='ocrx_word' id='word_1_400' title='bbox 333 4801 376 4852; x_wconf 87' lang='lat' dir='ltr'>VL</span> <span class='ocrx_word' id='word_1_401' title='bbox 384 4801 434 4860; x_wconf 82' lang='lat' dir='ltr'><em>T¹,·</em></span> <span class='ocrx_word' id='word_1_402' title='bbox 455 4821 491 4850; x_wconf 76' lang='lat' dir='ltr'>ata</span> <span class='ocrx_word' id='word_1_403' title='bbox 510 4803 646 4867; x_wconf 75' lang='lat' dir='ltr'>plaoendi?</span> <span class='ocrx_word' id='word_1_404' title='bbox 668 4804 702 4866; x_wconf 83' lang='lat' dir='ltr'>cs.</span> <span class='ocrx_word' id='word_1_405' title='bbox 719 4801 888 4852; x_wconf 53' lang='lat' dir='ltr'>CC&#39;CCLVt.)</span> <span class='ocrx_word' id='word_1_406' title='bbox 1018 4799 1035 4848; x_wconf 78' lang='lat'><strong>9</strong></span> <span class='ocrx_word' id='word_1_407' title='bbox 1053 4802 1150 4850; x_wconf 75' lang='lat' dir='ltr'>asserui</span> <span class='ocrx_word' id='word_1_408' title='bbox 1168 4799 1190 4846; x_wconf 74' lang='grc' dir='ltr'><strong><em>Γ</em></strong></span> <span class='ocrx_word' id='word_1_409' title='bbox 1322 4801 1353 4848; x_wconf 79' lang='lat' dir='ltr'>lo</span> <span class='ocrx_word' id='word_1_410' title='bbox 1371 4813 1447 4849; x_wconf 80' lang='lat' dir='ltr'>restat</span> <span class='ocrx_word' id='word_1_411' title='bbox 1467 4813 1495 4848; x_wconf 93' lang='lat' dir='ltr'>ut</span> <span class='ocrx_word' id='word_1_412' title='bbox 1514 4799 1714 4848; x_wconf 72' lang='lat' dir='ltr'>etitetnlttissiuti</span> <span class='ocrx_word' id='word_1_413' title='bbox 1732 4797 1860 4861; x_wconf 66' lang='lat' dir='ltr'>‹lia-ripui.</span> 
     </span>
     <span class='ocr_line' id='line_1_40' title="bbox 203 4881 1862 4952; baseline -0.005 -13"><span class='ocrx_word' id='word_1_414' title='bbox 203 4898 323 4939; x_wconf 80' lang='lat' dir='ltr'>rostatutc</span> <span class='ocrx_word' id='word_1_415' title='bbox 348 4890 530 4939; x_wconf 72' lang='lat' dir='ltr'>mendatissimi</span> <span class='ocrx_word' id='word_1_416' title='bbox 548 4888 586 4948; x_wconf 88' lang='grc' dir='ltr'>Β,</span> <span class='ocrx_word' id='word_1_417' title='bbox 615 4901 692 4938; x_wconf 83' lang='lat' dir='ltr'>restat</span> <span class='ocrx_word' id='word_1_418' title='bbox 721 4901 807 4938; x_wconf 85' lang='lat' dir='ltr'>autem</span> <span class='ocrx_word' id='word_1_419' title='bbox 834 4890 1033 4939; x_wconf 85' lang='lat' dir='ltr'>emendatissimi</span> <span class='ocrx_word' id='word_1_420' title='bbox 1055 4890 1131 4936; x_wconf 74' lang='lat' dir='ltr'>aeteri</span> <span class='ocrx_word' id='word_1_421' title='bbox 1270 4885 1300 4936; x_wconf 87' lang='lat' dir='ltr'>ll</span> <span class='ocrx_word' id='word_1_422' title='bbox 1326 4888 1494 4952; x_wconf 82' lang='lat' dir='ltr'>allegationes</span> <span class='ocrx_word' id='word_1_423' title='bbox 1515 4884 1551 4928; x_wconf 82' lang='lat' dir='ltr'>l&#39;¹</span> <span class='ocrx_word' id='word_1_424' title='bbox 1693 4883 1724 4933; x_wconf 72' lang='grc'>12</span> <span class='ocrx_word' id='word_1_425' title='bbox 1747 4885 1818 4933; x_wconf 78' lang='lat' dir='ltr'>utdix</span> <span class='ocrx_word' id='word_1_426' title='bbox 1837 4881 1862 4931; x_wconf 87' lang='grc' dir='ltr'><em>Β</em></span> 
     </span>
     <span class='ocr_line' id='line_1_41' title="bbox 205 4967 1864 5038; baseline -0.003 -16"><span class='ocrx_word' id='word_1_427' title='bbox 205 4971 235 5023; x_wconf 87' lang='grc'>13</span> <span class='ocrx_word' id='word_1_428' title='bbox 257 4977 350 5025; x_wconf 73' lang='lat' dir='ltr'>lamam</span> <span class='ocrx_word' id='word_1_429' title='bbox 368 4974 406 5036; x_wconf 83' lang='grc' dir='ltr'>Β,</span> <span class='ocrx_word' id='word_1_430' title='bbox 429 4979 494 5024; x_wconf 74' lang='lat' dir='ltr'>sarna</span> <span class='ocrx_word' id='word_1_431' title='bbox 513 4975 590 5024; x_wconf 70' lang='lat' dir='ltr'>ceteri</span> <span class='ocrx_word' id='word_1_432' title='bbox 692 4977 752 5038; x_wconf 81' lang='lat' dir='ltr'>quia</span> <span class='ocrx_word' id='word_1_433' title='bbox 770 4977 792 5024; x_wconf 86' lang='lat' dir='ltr'>si</span> <span class='ocrx_word' id='word_1_434' title='bbox 806 4974 858 5034; x_wconf 75' lang='lat' dir='ltr'>Bo,</span> <span class='ocrx_word' id='word_1_435' title='bbox 882 4975 954 5038; x_wconf 85' lang='lat' dir='ltr'>quasi</span> <span class='ocrx_word' id='word_1_436' title='bbox 972 4975 1047 5023; x_wconf 75' lang='lat' dir='ltr'>ceteri</span> <span class='ocrx_word' id='word_1_437' title='bbox 1189 4971 1219 5020; x_wconf 74' lang='lat' dir='ltr'>ll</span> <span class='ocrx_word' id='word_1_438' title='bbox 1244 4975 1397 5022; x_wconf 70' lang='lat' dir='ltr'>cornitescat</span> <span class='ocrx_word' id='word_1_439' title='bbox 1417 4971 1439 5018; x_wconf 79' lang='grc' dir='ltr'><strong><em>Γ</em></strong></span> <span class='ocrx_word' id='word_1_440' title='bbox 1576 4969 1609 5020; x_wconf 69' lang='grc'>15</span> <span class='ocrx_word' id='word_1_441' title='bbox 1631 4971 1793 5020; x_wconf 80' lang='lat' dir='ltr'>iniuucxistis</span> <span class='ocrx_word' id='word_1_442' title='bbox 1810 4967 1864 5017; x_wconf 79' lang='grc' dir='ltr'>ΒΓ</span> 
     </span>
     <span class='ocr_line' id='line_1_42' title="bbox 205 5055 1559 5124; baseline -0.004 -15"><span class='ocrx_word' id='word_1_443' title='bbox 205 5056 380 5112; x_wconf 79' lang='lat' dir='ltr'>l&#39;liruudetB</span> <span class='ocrx_word' id='word_1_444' title='bbox 450 5063 523 5111; x_wconf 74' lang='lat' dir='ltr'>nolus</span> <span class='ocrx_word' id='word_1_445' title='bbox 538 5061 615 5110; x_wconf 74' lang='lat' dir='ltr'>Sirra.</span> <span class='ocrx_word' id='word_1_446' title='bbox 687 5060 886 5112; x_wconf 73' lang='lat' dir='ltr'>hominesBW</span> <span class='ocrx_word' id='word_1_447' title='bbox 991 5058 1023 5109; x_wconf 81' lang='grc'>19</span> <span class='ocrx_word' id='word_1_448' title='bbox 1042 5057 1086 5124; x_wconf 86' lang='lat' dir='ltr'>nti]</span> <span class='ocrx_word' id='word_1_449' title='bbox 1106 5061 1167 5108; x_wconf 87' lang='lat' dir='ltr'>mibi</span> <span class='ocrx_word' id='word_1_450' title='bbox 1182 5057 1256 5107; x_wconf 85' lang='lat' dir='ltr'>Bl&#39;L</span> <span class='ocrx_word' id='word_1_451' title='bbox 1328 5059 1442 5106; x_wconf 62' lang='lat' dir='ltr'>foederis</span> <span class='ocrx_word' id='word_1_452' title='bbox 1463 5059 1518 5106; x_wconf 84' lang='lat' dir='ltr'>finit</span> <span class='ocrx_word' id='word_1_453' title='bbox 1534 5055 1559 5104; x_wconf 86' lang='grc' dir='ltr'><em>Β</em></span> 
     </span>
    </p>

    <p class='ocr_par' dir='ltr' id='par_1_22' title="bbox 204 5159 1863 5387">
     <span class='ocr_line' id='line_1_43' title="bbox 304 5159 1861 5230; baseline -0.004 -16"><span class='ocrx_word' id='word_1_454' title='bbox 304 5163 471 5230; x_wconf 74' lang='lat' dir='ltr'>[CLXXVII]</span> <span class='ocrx_word' id='word_1_455' title='bbox 507 5163 541 5214; x_wconf 66' lang='lat'>2⁵2</span> <span class='ocrx_word' id='word_1_456' title='bbox 564 5166 635 5213; x_wconf 92' lang='lat' dir='ltr'>uiuet</span> <span class='ocrx_word' id='word_1_457' title='bbox 651 5163 676 5212; x_wconf 98' lang='grc' dir='ltr'><em>Β</em></span> <span class='ocrx_word' id='word_1_458' title='bbox 802 5163 836 5213; x_wconf 73' lang='lat'>24</span> <span class='ocrx_word' id='word_1_459' title='bbox 857 5166 968 5230; x_wconf 79' lang='lat' dir='ltr'>danipua</span> <span class='ocrx_word' id='word_1_460' title='bbox 990 5161 1012 5210; x_wconf 91' lang='lat' dir='ltr'>l&#39;</span> <span class='ocrx_word' id='word_1_461' title='bbox 1132 5161 1165 5213; x_wconf 63' lang='lat' dir='ltr'>ao</span> <span class='ocrx_word' id='word_1_462' title='bbox 1189 5165 1291 5212; x_wconf 81' lang='lat' dir='ltr'>domina</span> <span class='ocrx_word' id='word_1_463' title='bbox 1310 5162 1334 5211; x_wconf 94' lang='grc' dir='ltr'><em>Β</em></span> <span class='ocrx_word' id='word_1_464' title='bbox 1458 5159 1492 5210; x_wconf 65' lang='lat' dir='ltr'>&#39;Id</span> <span class='ocrx_word' id='word_1_465' title='bbox 1515 5162 1617 5225; x_wconf 81' lang='lat' dir='ltr'>cupiant</span> <span class='ocrx_word' id='word_1_466' title='bbox 1635 5159 1660 5207; x_wconf 90' lang='grc' dir='ltr'><em>Β</em></span> <span class='ocrx_word' id='word_1_467' title='bbox 1751 5159 1861 5208; x_wconf 67' lang='lat' dir='ltr'>dedisset</span> 
     </span>
     <span class='ocr_line' id='line_1_44' title="bbox 204 5243 1863 5314; baseline -0.004 -15"><span class='ocrx_word' id='word_1_468' title='bbox 204 5259 287 5314; x_wconf 73' lang='lat' dir='ltr'>optata</span> <span class='ocrx_word' id='word_1_469' title='bbox 308 5249 426 5301; x_wconf 69' lang='lat' dir='ltr'><em>VLTCI’</em></span> <span class='ocrx_word' id='word_1_470' title='bbox 533 5252 668 5300; x_wconf 74' lang='lat' dir='ltr'>domina..</span> <span class='ocrx_word' id='word_1_471' title='bbox 693 5249 768 5312; x_wconf 64' lang='lat' dir='ltr'>[erm.</span> <span class='ocrx_word' id='word_1_472' title='bbox 786 5252 829 5312; x_wconf 74' lang='lat' dir='ltr'>dot</span> <span class='ocrx_word' id='word_1_473' title='bbox 848 5250 872 5298; x_wconf 93' lang='grc' dir='ltr'><em>Β</em></span> <span class='ocrx_word' id='word_1_474' title='bbox 1010 5246 1046 5298; x_wconf 75' lang='grc'>30</span> <span class='ocrx_word' id='word_1_475' title='bbox 1068 5251 1178 5298; x_wconf 76' lang='lat' dir='ltr'>sentietis</span> <span class='ocrx_word' id='word_1_476' title='bbox 1194 5249 1219 5297; x_wconf 87' lang='grc' dir='ltr'><em>Β</em></span> <span class='ocrx_word' id='word_1_477' title='bbox 1357 5245 1388 5296; x_wconf 80' lang='grc'>31</span> <span class='ocrx_word' id='word_1_478' title='bbox 1415 5249 1525 5296; x_wconf 73' lang='lat' dir='ltr'>bortrinis</span> <span class='ocrx_word' id='word_1_479' title='bbox 1551 5249 1601 5294; x_wconf 71' lang='lat' dir='ltr'>oto</span> <span class='ocrx_word' id='word_1_480' title='bbox 1619 5263 1673 5310; x_wconf 67' lang='lat' dir='ltr'>cop.</span> <span class='ocrx_word' id='word_1_481' title='bbox 1688 5246 1733 5292; x_wconf 75' lang='lat' dir='ltr'>tio.</span> <span class='ocrx_word' id='word_1_482' title='bbox 1753 5261 1783 5292; x_wconf 74' lang='lat' dir='ltr'>ut.</span> <span class='ocrx_word' id='word_1_483' title='bbox 1800 5247 1821 5294; x_wconf 81' lang='lat' dir='ltr'>ll</span> <span class='ocrx_word' id='word_1_484' title='bbox 1839 5243 1863 5292; x_wconf 88' lang='grc' dir='ltr'><em>Β</em></span> 
     </span>
     <span class='ocr_line' id='line_1_45' title="bbox 204 5331 803 5387; baseline 0.003 -4"><span class='ocrx_word' id='word_1_485' title='bbox 204 5331 236 5383; x_wconf 71' lang='lat'>32</span> <span class='ocrx_word' id='word_1_486' title='bbox 252 5353 373 5386; x_wconf 62' lang='lat' dir='ltr'>nemus</span> <span class='ocrx_word' id='word_1_487' title='bbox 389 5336 412 5383; x_wconf 88' lang='lat' dir='ltr'><strong><em>V</em></strong></span> <span class='ocrx_word' id='word_1_488' title='bbox 512 5335 546 5385; x_wconf 83' lang='lat'>33</span> <span class='ocrx_word' id='word_1_489' title='bbox 566 5340 690 5387; x_wconf 76' lang='lat' dir='ltr'>formatus</span> <span class='ocrx_word' id='word_1_490' title='bbox 709 5338 766 5386; x_wconf 86' lang='lat' dir='ltr'>finit</span> <span class='ocrx_word' id='word_1_491' title='bbox 778 5336 803 5385; x_wconf 89' lang='grc' dir='ltr'><em>Β</em></span> 
     </span>
    </p>
   </div>
   <div class='ocr_carea' id='block_1_8' title="bbox 0 0 2309 6450">
    <p class='ocr_par' dir='ltr' id='par_1_23' title="bbox 0 0 2309 6450">
     <span class='ocr_line' id='line_1_46' title="bbox 0 0 2309 6450; baseline 0 0"><span class='ocrx_word' id='word_1_492' title='bbox 0 0 2309 6450; x_wconf 95' lang='lat' dir='ltr'> </span> 
     </span>
    </p>
   </div>
  </div>
 </body>
</html>
