4596 6450
470 387 530 448 122
1008 376 1123 432 XCVIII
1141 376 1245 445 (ulcr.
1263 376 1300 444 2),
1318 375 1353 430 lc
1371 375 1491 444 (CARM.
1511 377 1536 438 2,
1555 375 1607 444 10).

469 561 597 621 secreta
623 555 783 620 factorum
810 552 943 636 linguae
972 553 1064 617 clave
1093 570 1259 630 reserare,
1288 550 1322 614 ni
1344 550 1461 614 merito
1491 548 1703 614 aestimemus
1726 549 1792 614 oris
1814 550 1968 616 iniuriam
1991 570 2121 615 narrare

467 658 645 736 sordentia,
675 663 709 722 et
731 657 818 742 quod
840 657 914 721 illos
937 656 1228 744 actione'perculit
1251 677 1310 720 nos
1333 657 1479 741 loquella
1501 655 1711 721 contaminet.
1756 655 1961 740 explicemus
1984 653 2121 734 interim,

438 763 586 850 lquibus
608 763 672 826 sint
694 762 757 825 ista
778 765 904 826 mutata
928 759 1144 840 successibus,
1167 766 1290 845 quanto
1314 765 1495 846 praeventa
1519 759 1694 844 splendore
1716 780 1783 823 nox
1805 759 1936 844 fugerit.
1975 758 2032 823 ubi
2049 765 2121 822 sunt

468 869 577 954 sigilla
598 867 766 932 numinum
782 864 867 928 votis
890 862 1070 948 imaginata
1092 864 1281 938 facientum,
1305 884 1442 948 quorum
1458 863 1560 929 facies
1578 864 1611 927 in
1627 868 1791 948 potestate
1806 863 1966 949 pependit
1979 863 2119 941 artificis,

467 973 584 1059 quibus
607 971 749 1056 pretium
772 975 829 1032 aut
852 967 1037 1033 sollicitudo
1059 968 1225 1053 operantis
1247 966 1377 1054 peperit
1407 973 1464 1032 aut
1490 968 1682 1032 metallum?
1725 967 1783 1032 ubi
1813 973 1888 1032 sunt
1916 966 1976 1048 dii,
2007 965 2120 1052 quibus
2178 1011 2182 1022 -

466 1077 645 1164 potentiam
669 1073 829 1140 dederunt
851 1072 1001 1136 homines
1025 1072 1152 1156 fulgore
1183 1077 1407 1156 gemmarum?
1453 1092 1495 1135 en
1517 1070 1629 1152 video,
1661 1071 1770 1136 omnia
1798 1072 1862 1136 ista
1888 1070 2059 1158 fugerunt,
2086 1077 2122 1135 ut

435 1180 566 1247 Scredo
597 1178 746 1244 Christus
770 1177 941 1261 ingressus
972 1180 1038 1240 cst:
1077 1175 1288 1259 respiciamus
1324 1174 1441 1259 quibus
1475 1173 1576 1238 fultus
1606 1174 1747 1239 auxiliis.
1791 1179 1954 1240 venerunt
1983 1195 2055 1238 cunr
2083 1196 2121 1240 eo

421 1279 423 1284 ’
467 1283 631 1350 caelorum
654 1279 745 1361 radii,
768 1278 992 1366 apostolorum
1015 1276 1212 1358 diademata,
1235 1278 1355 1344 Petrus
1378 1283 1412 1343 et
1434 1278 1568 1344 Paulus.
1605 1279 1661 1363 qui
1684 1278 1771 1344 enim
1794 1278 1827 1342 in
1851 1278 2121 1342 restaurationem

467 1385 558 1451 aedis
589 1389 700 1452 essent
729 1382 910 1450 necessarii
942 1381 1003 1448 nisi
1033 1381 1232 1448 architectus
1263 1388 1297 1446 et
1325 1387 1436 1468 petra,
1473 1381 1533 1446 nisi
1564 1383 1647 1467 lapis
1675 1389 1708 1448 et
1736 1381 2026 1471 superaedificans,
2061 1380 2122 1446 nisi

466 1490 715 1556 fundamentum
734 1494 766 1553 et
782 1487 916 1573 opifex?
956 1486 1031 1572 quid
1054 1485 1226 1571 trepidatis
1249 1485 1375 1572 pericla
1397 1485 1605 1550 mortalium?
1644 1484 1721 1571 quid
1743 1486 1841 1551 anxio
1864 1485 1976 1572 fugam
1999 1484 2121 1571 paratis

467 1599 631 1658 excursu?
677 1591 733 1657 ille
756 1596 807 1656 est
829 1591 882 1656 oui
904 1591 1014 1656 nullus
1038 1588 1216 1655 versutiam
1238 1594 1380 1652 vestram
1410 1589 1522 1673 lapsus
1551 1587 1737 1670 abscondit,
1767 1589 1824 1673 qui
1854 1609 1929 1654 cum
1956 1589 2029 1654 loco
2057 1609 2121 1652 non

436 1699 649 1775 tlmoveatur,
678 1714 884 1780 quocumque
913 1692 1059 1759 abieritis
1087 1693 1278 1778 insequitur.
1323 1692 1398 1758 veni
1429 1713 1524 1778 ergo,
1557 1691 1705 1778 piissime
1736 1691 1879 1773 domine,
1914 1700 1948 1758 et
1975 1692 2018 1758 ad
2046 1714 2121 1757 con-

468 1799 685 1866 secrationem
715 1797 825 1886 operis
847 1797 895 1863 tui
918 1798 1036 1884 plenus
1058 1796 1216 1862 inlabere.
1261 1796 1333 1862 vice
1356 1797 1491 1862 humani
1512 1817 1572 1884 per
1592 1796 1753 1882 baptisma
1775 1799 1920 1885 pectoris
1944 1805 2123 1884 purgentur

361 1913 367 1922 ·
467 1903 552 1968 haee
573 1901 698 1988 templa
721 1902 808 1988 turpi
829 1901 989 1966 hactenus
1013 1899 1163 1968 dedicata
1190 1901 1384 1986 patrocinio.
1429 1901 1578 1982 institue,
1610 1899 1751 1983 domiue,
1779 1901 1937 1967 vertendo
1964 1902 2122 1967 sacrificia

469 2011 512 2087 et,
535 2004 614 2070 dum
636 2004 723 2092 puris
747 2006 951 2072 cumulamus
974 2007 1091 2072 altaria
1115 2013 1230 2071 sancta
1252 2005 1406 2088 donariis,
1429 2007 1650 2092 praesentiam
1665 2013 1741 2073 tuac
1756 2007 1940 2075 maiestatis
1956 2007 2122 2089 intersero,
2182 2045 2186 2054 ·

468 2115 624 2176 evocatus
648 2115 834 2174 sanctorum
856 2111 973 2176 merito
997 2110 1216 2190 sacerdotum,
1239 2110 1337 2176 electi
1362 2131 1507 2178 scorsum
1532 2111 1715 2197 praesentis
1731 2109 1833 2197 patris
1849 2111 1954 2175 nostri
1967 2110 2124 2177 Laurenti

418 2218 456 2278 10
469 2213 679 2294 conscientia,
704 2214 758 2298 qui
781 2219 830 2278 tot
851 2215 969 2300 plenus
992 2214 1122 2280 dotibus
1144 2215 1186 2280 ad
1209 2215 1370 2280 eeclesiae
1394 2215 1528 2301 fastigio
1551 2215 1663 2296 crevit,
1687 2220 1766 2300 quot
1785 2214 1942 2280 fecissent
1964 2235 2123 2280 summum

468 2317 597 2402 singula
627 2337 776 2403 quaeque
807 2317 1011 2403 pontificem,
1041 2319 1074 2384 in
1101 2340 1165 2405 quo
1188 2326 1304 2385 vernat
1331 2319 1484 2406 princeps
1512 2319 1588 2384 boni
1616 2318 1722 2406 operis
1750 2325 1783 2384 et
1809 2323 1914 2383 mater
1943 2317 2123 2384 honestatis

467 2419 680 2502 verecundia,
714 2420 882 2507 religionis
916 2427 1047 2488 sanctae
1076 2423 1188 2486 nutrix
1218 2423 1395 2508 patientia,
1426 2423 1524 2488 deum
1548 2444 1679 2509 semper
1710 2423 1879 2508 placatura
1909 2421 2034 2508 pietas,
2070 2422 2123 2507 qui

468 2524 700 2592 ecclesiasticis
729 2525 885 2590 membris
913 2546 979 2591 non
1008 2547 1158 2592 sermone
1181 2527 1269 2592 vitae
1299 2526 1448 2592 instituta
1475 2526 1589 2612 tribuit
1617 2525 1675 2590 sed
1700 2525 1875 2610 exemplis,
1908 2525 1964 2610 qui
1994 2545 2122 2590 omnem
2170 2535 2192 2573 ‘l'

469 2628 596 2708 callem,
624 2649 687 2712 quo
711 2627 753 2694 ad
777 2627 874 2694 deum
897 2629 971 2711 itur,
996 2629 1072 2694 dum
1096 2630 1250 2715 praevius
1273 2629 1405 2711 incedit,
1429 2629 1582 2711 ostendit,
1605 2629 1780 2694 adiuvante
1803 2649 1838 2694 sc
1861 2629 1990 2694 domino
2013 2635 2122 2694 nostro

468 2729 545 2796 Iesu
568 2729 699 2798 Christo
723 2753 797 2798 cunr
819 2739 914 2818 patre
938 2738 1096 2818 regnante
1120 2732 1153 2796 in
1177 2733 1309 2798 saecula
1333 2733 1547 2799 saeculorum.
1593 2754 1697 2798 amen.

1144 3056 1191 3125 lc
1213 3057 1319 3146 (canu.
1337 3063 1367 3142 2,
1387 3060 1451 3145 10).

823 3254 1008 3328 VERSVS
1034 3253 1083 3328 IN
1109 3253 1246 3327 DOMO
1272 3253 1536 3330 MEDIOLANI
1563 3255 1764 3332 SCRIPTI.

837 3437 984 3503 Aedibus
1008 3438 1050 3503 ad
1073 3439 1207 3524 genium
1230 3439 1294 3504 duo
1318 3444 1394 3504 sunt
1418 3460 1576 3506 concessa
1598 3462 1659 3527 per
1680 3463 1808 3520 aevum,

885 3542 921 3608 si
944 3543 1073 3608 niteant
1096 3544 1214 3609 crustis
1237 3549 1294 3607 aut
1316 3542 1437 3608 domini
1460 3545 1586 3610 merito.

837 3647 986 3714 Herbida
1009 3655 1177 3735 pasturam
1201 3649 1389 3713 simulantia
1411 3670 1493 3713 saxa
1515 3649 1674 3716 virentem

882 3754 1039 3820 Inlioiant
1061 3755 1185 3836 oculos,
1208 3755 1368 3820 nobiliore
1393 3753 1467 3819 dolo

766 3873 777 3909 ⁵
835 3858 944 3924 Pellat
966 3879 1058 3946 opus,
1081 3864 1191 3924 tamen
1214 3864 1284 3924 arte
1308 3864 1401 3944 regat
1423 3864 1540 3924 natura
1562 3858 1696 3944 figuras,

883 3961 1021 4028 Viscera
1043 3961 1121 4028 dum
1144 3962 1290 4048 lapidum
1311 3961 1406 4048 fingit
1427 3961 1635 4048 imaginibus,

836 4065 1022 4131 Candorem
1043 4086 1140 4132 roseo
1164 4065 1339 4153 perfundat
1362 4064 1459 4130 docta
1480 4064 1609 4146 rubore,

883 4167 1052 4254 Depingat
1073 4170 1196 4255 sparsis
1221 4190 1365 4255 congrua
1387 4169 1534 4234 membra
1556 4169 1657 4234 notis:

834 4271 960 4336 Aurum
984 4273 1113 4340 eulmen
1137 4273 1218 4339 ebur
1241 4273 1370 4339 tabulas
1393 4273 1560 4359 laquearia
1582 4294 1729 4358 gemmas

755 4390 779 4428 1⁰
883 4374 958 4439 Non
980 4375 1076 4441 datur
1098 4377 1249 4442 humanis
1273 4377 1347 4464 plus
1369 4377 1503 4442 rutilare
1526 4377 1642 4443 bonis

835 4481 875 4544 In
899 4481 1004 4566 pretio
1028 4481 1132 4546 cautis
1155 4483 1222 4548 fors
1247 4488 1280 4547 et
1303 4483 1374 4548 sine
1399 4483 1473 4568 lege
1496 4483 1635 4546 iocatur:

882 4583 1027 4652 Moribus
1050 4593 1086 4651 ut
1110 4593 1252 4671 constes,
1276 4588 1384 4672 crede,
1408 4587 1528 4654 laboris
1552 4588 1624 4654 erit.

573 4858 587 4911 1
606 4863 731 4914 factorum
745 4860 782 4925 B,
804 4877 852 4912 om.
864 4861 940 4912 coest
1024 4861 1116 4928 lingua
1128 4863 1153 4913 B
1274 4863 1291 4916 2
1308 4865 1412 4932 loquela
1427 4864 1452 4915 V
1539 4865 1724 4916 contaminaret
1736 4864 1814 4916 Sir-m.
1937 4865 1955 4918 3
1973 4885 2025 4920 nox
2042 4868 2123 4935 splen-

468 4947 529 4998 dore
545 4945 664 4998 VLTOP
797 4943 815 4996 4
832 4947 965 4998 nominum
974 4946 1019 4996 Ba
1156 4947 1173 5000 5
1191 4950 1290 5016 peperit
1306 4951 1435 5017 operantis
1451 4949 1570 5000 VLTOP
1705 4949 1722 5002 6
1740 4953 1844 5004 homino
1859 4952 1899 5002 Va
2003 4963 2034 5006 nt
2050 4955 2123 5006 credo

468 5034 592 5100 fugerunt
606 5032 725 5085 VLTOP
843 5029 858 5082 7
877 5031 982 5100 quibus]
1001 5033 1075 5086 cuius
1086 5035 1112 5085 Β
1197 5054 1256 5088 curn
1275 5055 1306 5089 eo
1323 5056 1383 5089 aux.
1401 5038 1515 5090 celorum
1531 5037 1593 5100 (aux
1606 5043 1673 5104 esp.)
1687 5038 1712 5088 B
1832 5037 1850 5090 8
1867 5043 2081 5094 restaurationem
2094 5041 2124 5105 B,

468 5120 655 5173 restauratione
672 5121 748 5172 cereri
862 5115 894 5170 10
911 5120 1026 5187 pericula
1039 5121 1098 5172 01²1>
1173 5123 1241 5188 quod
1259 5124 1336 5174 anxio
1349 5123 1395 5173 Ba
1510 5121 1542 5174 II
1561 5125 1645 5175 nullas
1663 5123 1712 5188 Va,
1730 5125 1828 5176 nullam
1844 5125 1902 5177 oPs
1980 5145 2040 5179 cum
2059 5125 2124 5194 (uqa.

468 5221 483 5256 ο
501 5203 548 5271 za.)
561 5205 587 5255 Β
723 5203 758 5258 15
774 5205 929 5273 proauum
945 5204 949 5270 t
964 5213 1036 5258 tuam
1054 5213 1114 5258 tuac
1131 5207 1157 5257 Β
1295 5207 1327 5259 re
1344 5209 1433 5261 erasus
1445 5209 1470 5259 Β
1574 5193 1696 5261 laurente
1713 5207 1770 5260 rec
1910 5208 1942 5260 rr
1960 5211 2125 5264 contusa

469 5301 531 5357 quot
549 5289 590 5344 Τ2
607 5301 631 5346 et
648 5291 737 5357 Siros,
755 5292 823 5359 quod
841 5293 916 5343 ceteri
1021 5290 1053 5344 19
1070 5293 1207 5360 relegionis
1220 5295 1245 5345 Β
1314 5312 1413 5362 semper
1431 5313 1478 5346 om.
1493 5295 1519 5345 B
1622 5292 1658 5346 20
1675 5295 1766 5348 tribuit
1777 5296 1811 5360 B,
1828 5297 1925 5349 tribuet
1942 5299 2018 5350 ceteri

573 5391 627 5461 [10]
663 5412 688 5445 v.
705 5391 723 5445 2
740 5391 843 5460 crustis]
860 5395 943 5447 cristis
957 5393 1003 5446 B‘*
1106 5413 1130 5447 v.
1150 5393 1167 5447 5
1185 5398 1264 5464 pellat
1280 5397 1334 5449 scil.
1352 5397 1448 5462 oculos,
1467 5398 1648 5452 fallatHartcl
1752 5418 1777 5454 v.
1797 5397 1812 5449 7
1830 5401 1905 5454 dueta
1921 5401 2126 5472 ruboremque,

469 5481 543 5534 docta
561 5479 696 5546 roborali,
713 5480 801 5532 doctor
817 5482 909 5536 arbore
921 5480 953 5546 L,
972 5481 1059 5535 doctor
1077 5482 1109 5535 ab
1127 5500 1171 5537 ore
1188 5486 1235 5538 rel.
1341 5501 1365 5536 v.
1386 5482 1419 5534 12
1436 5481 1492 5554 orit]
1511 5492 1564 5537 eret
1575 5485 1601 5538 B
1607 5483 1617 5522 ¹
