4596 6450
429 391 539 446 CXLIII
560 391 680 458 [CARM.
700 392 725 450 9,
743 391 798 458 33),
816 390 926 445 CXLIV
946 389 1070 458 (EPIST.
1087 390 1113 453 4,
1134 391 1184 453 14),
1203 389 1298 444 CXLV
1318 388 1441 456 [EPIS'P.
1458 389 1483 450 4,
1504 389 1555 452 lo).
1760 392 1814 452 [4]

787 716 938 785 CXLIII
962 718 1068 803 (canu.
1085 721 1115 800 2,
1133 716 1200 803 33).

469 914 654 987 VERSVS
682 915 744 987 DE
772 913 1092 1003 OBLOQVENTE
1120 913 1210 986 SIBI
1237 911 1513 986 ADVOCATO.

531 1083 684 1170 Inprobe,
708 1081 784 1168 quid
808 1082 918 1146 fractis
942 1082 1113 1147 confundis
1136 1084 1266 1168 singula
1288 1083 1416 1147 verbis?

577 1187 736 1274 Depingit
758 1208 865 1252 mores
890 1187 1008 1252 obruta
1030 1188 1144 1274 lingua
1167 1195 1249 1252 tuos.

530 1291 665 1376 Accipis
689 1291 842 1377 exposcis
866 1292 1050 1377 praesumis
1074 1292 1207 1357 rennuis
1231 1290 1339 1355 ardes.

575 1394 698 1458 Tristia
720 1393 841 1458 blanda
864 1395 970 1467 simul,
995 1393 1092 1457 fortia
1114 1394 1204 1458 fluxa
1227 1394 1318 1458 facis.

461 1515 471 1548 ³·
531 1498 586 1562 Ira
608 1518 709 1585 pavor
731 1497 840 1561 rables
864 1496 1022 1582 patientia
1045 1503 1190 1582 temporo
1214 1498 1246 1561 in
1270 1519 1348 1561 uno:

577 1601 641 1665 Tot
663 1601 765 1665 facies
789 1605 900 1684 gestas
924 1599 1108 1685 pectoribus
1131 1601 1254 1664 vacuis.

797 1924 938 1993 CXLIV
954 1926 1065 2014 (rrrsr.
1082 1933 1112 2008 4,
1132 1928 1196 2014 14).

757 2123 995 2198 ENNODIVS
1033 2123 1235 2199 FAVSTO.

274 2272 382 2383 Quae
399 2323 499 2388 saepe
515 2300 722 2366 mediocriter
739 2303 841 2387 gratis
858 2303 996 2388 inpensa
1013 2309 1088 2367 sunt
1112 2304 1263 2388 quotiens
1287 2302 1486 2368 exhibentur
1507 2302 1609 2367 verba
1632 2301 1824 2383 coniunctis,
1840 2301 1851 2360 1

164 2407 320 2494 quidquid
352 2406 458 2472 favori
496 2405 687 2470 obsecutum
725 2411 789 2488 est,
825 2428 942 2472 sereno
976 2407 1181 2491 mancipetur
1214 2407 1357 2471 affectui.
1409 2426 1472 2470 nou
1506 2404 1646 2493 depictis
1681 2426 1824 2470 amorem

167 2512 321 2575 mentItur
349 2510 517 2595 alloquiis,
550 2511 604 2596 qui
626 2511 783 2596 perlatori
807 2533 881 2577 caro
905 2510 1072 2577 reddenda
1096 2510 1235 2574 dominis
1259 2511 1380 2595 scripta
1402 2510 1574 2574 conmittit.
1620 2509 1653 2572 iu
1676 2508 1824 2572 sublimis

100 2633 111 2668 τι
165 2621 197 2678 et
212 2614 376 2700 magnifici
392 2613 452 2677 viri
468 2612 624 2678 Panfroni
647 2615 712 2680 mei
737 2613 1011 2680 conmendatione
1035 2635 1091 2678 ore
1114 2613 1233 2677 feriato
1257 2633 1349 2677 mens
1373 2611 1473 2676 dictat
1496 2613 1675 2697 epistolam.
1714 2610 1857 2677 nesciat

165 2719 251 2781 enim
281 2717 314 2781 in
345 2717 441 2803 quale
474 2717 603 2781 culmen
631 2719 749 2782 merita
775 2717 862 2804 apud
891 2739 942 2783 me
967 2717 1041 2797 viri,
1073 2737 1169 2803 quem
1196 2736 1268 2780 sum
1290 2717 1472 2802 praefatus,
1505 2717 1676 2795 extollam,
1706 2717 1738 2780 in
1762 2737 1825 2802 quo

166 2821 297 2904 linguae
320 2821 443 2884 macies
465 2811 614 2884 debitum
637 2821 780 2906 pectoris
804 2821 918 2906 nequit
941 2823 1137 2908 exprimere.
1184 2819 1241 2884 sed
1265 2819 1480 2885 abdicandum
1504 2825 1593 2884 esset
1615 2819 1704 2901 mihi,
1727 2820 1825 2885 etiam

166 2925 194 2987 si
223 2924 429 3010 subpeteret,
463 2923 635 2989 facundiae
670 2924 882 2990 lenocInium:
917 2926 993 3010 quia
1020 2945 1146 3011 pauper
1174 2945 1281 2988 sermo
1309 2924 1446 2989 uberem
1474 2922 1678 3008 diligentiam
1705 2923 1826 2988 rectius

168 3028 350 3106 confitetur,
375 3035 409 3094 et
431 3028 457 3093 si
483 3028 650 3093 elevamus
674 3049 734 3117 per
756 3029 876 3094 effusas
900 3029 1037 3113 paginas
1059 3027 1133 3091 illos
1151 3048 1233 3112 quos
1249 3048 1370 3092 arcana
1384 3027 1546 3108 nesciunt,
1569 3029 1639 3092 iure
1655 3027 1828 3092 tribuenda

167 3133 350 3197 amantibus
385 3132 419 3196 in
459 3138 564 3198 artum
608 3133 731 3198 tabella
772 3132 983 3199 concluditur.
1041 3153 1174 3196 oausam
1210 3152 1287 3216 ergo
1327 3131 1445 3195 modici
1479 3132 1639 3196 sermonis
1679 3132 1859 3196 elocutust]

167 3236 372 3301 foederatum
396 3235 529 3300 fratrem
553 3257 750 3324 quamquam
773 3237 886 3324 paucis
909 3237 1018 3302 uerbis
1042 3237 1189 3312 insinuo,
1211 3244 1321 3302 tamen
1344 3237 1455 3300 multis
1477 3236 1656 3322 obsequiis,
1680 3241 1716 3299 ut
1738 3237 1826 3301 iutus

166 3339 388 3425 magnitudine
418 3347 548 3422 vestra,
583 3341 615 3405 in
645 3342 778 3426 negotio
810 3361 869 3404 suo
901 3341 1239 3426 circumstrepentium
1270 3338 1444 3424 aliquando
1475 3338 1624 3403 videatur
1652 3360 1826 3426 superasse

166 3451 350 3510 conmenta.
403 3442 490 3530 quod
523 3451 640 3525 restat,
673 3445 885 3509 famulantem
919 3445 1150 3508 salutationem
1182 3443 1344 3508 exhibens
1376 3464 1428 3506 me
1460 3443 1571 3507 valere
1603 3443 1764 3528 significo,
1799 3445 1826 3509 si

167 3554 276 3611 tamen
299 3567 460 3633 prospera
485 3552 595 3612 vestra
618 3549 718 3612 certis
741 3547 869 3613 indiciis
892 3548 972 3612 mihi
996 3548 1199 3634 dispensatio
1223 3568 1365 3633 superna
1388 3546 1556 3612 concedat.

810 3872 930 3941 CXLV
955 3876 1064 3959 (uersu.
1082 3881 1112 3956 4,
1133 3877 1197 3957 15).

766 4069 1004 4147 ENNODIVS
1031 4068 1234 4144 FAVSTO.

281 4214 475 4307 proclivior
496 4241 539 4306 ad
562 4243 800 4329 impetrandum
823 4245 877 4309 ria
907 4251 975 4325 est,
1007 4246 1158 4330 quotiens
1182 4267 1201 4309 a
1224 4246 1379 4330 religioso
1408 4245 1531 4332 aliquid
1560 4247 1663 4332 exigit
1689 4247 1856 4314 abiectiol

168 4344 388 4433 deprecantis.
439 4353 571 4411 coactus
603 4348 689 4411 enim
720 4355 865 4435 praestat
902 4350 1056 4414 affectum
1093 4351 1148 4435 qui
1181 4350 1322 4415 miseriis
1358 4350 1513 4436 supplicis
1550 4350 1713 4414 invitatur.
1765 4372 1828 4415 non

169 4455 278 4536 potest
300 4448 429 4516 adferre
460 4449 573 4515 obvias
596 4471 726 4528 manus,
759 4452 809 4516 cui
834 4453 963 4538 inperat
985 4455 1192 4540 propositum
1223 4453 1371 4518 adflictos
1395 4452 1520 4518 audire.
1565 4455 1711 4539 perlator
1734 4475 1830 4540 prae-

170 4554 309 4618 sentium
342 4555 430 4619 avito
461 4575 496 4619 se
527 4555 653 4640 cespite
685 4554 785 4620 deflet
815 4556 994 4630 abiectum;
1031 4557 1084 4642 qui
1120 4557 1190 4642 spei
1225 4577 1303 4622 suae
1339 4555 1504 4621 residuum
1541 4557 1574 4620 in
1604 4563 1711 4622 vestro
1739 4559 1832 4643 ponit

171 4658 338 4737 examine,
371 4679 411 4722 ne
444 4656 624 4722 adversarii
655 4660 726 4722 eius
757 4661 906 4745 potentia
932 4659 973 4724 de
1004 4661 1093 4724 lucro
1127 4667 1160 4724 et
1188 4661 1365 4724 securitate
1397 4660 1591 4744 gratuletur.
1635 4681 1693 4725 vos
1721 4662 1863 4744 legum2

171 4770 388 4840 sacramento,
413 4784 470 4828 vos
494 4762 641 4826 defensio
665 4764 800 4849 respicit
820 4764 1072 4829 submissorum:
1097 4785 1158 4849 ego
1176 4770 1285 4850 partes
1301 4785 1392 4828 meas
1409 4763 1681 4828 conmendatione
1695 4765 1829 4830 munivi.

171 4867 357 4930 venerabile
388 4887 467 4952 ergo
500 4887 618 4931 nomen
647 4872 767 4950 augete
798 4865 983 4948 beneficiis,
1016 4868 1093 4951 quia
1122 4866 1198 4931 dum
1222 4867 1306 4932 iusta
1329 4866 1486 4948 tribuitis,
1519 4888 1581 4930 nec
1604 4867 1659 4930 illa
1683 4889 1766 4953 quae
1789 4866 1830 4930 ad

275 5141 406 5212 [CXLIII]
443 5161 536 5196 uersus
550 5143 583 5208 B,
600 5161 649 5196 oro.
662 5153 706 5197 cet.
808 5142 863 5195 v.3
880 5145 948 5195 ardis
961 5143 994 5208 B,
1010 5144 1102 5195 ardeus
1120 5143 1210 5210 TCIP,
1227 5162 1298 5198 arcas
1310 5163 1387 5212 prop.
1401 5145 1497 5197 Horret

275 5246 404 5316 [CXLIV]
439 5247 457 5300 2
475 5251 594 5316 quotiens
612 5251 731 5315 quotiens
748 5248 806 5312 (alt.
827 5249 890 5315 del.)
902 5248 929 5300 B
1055 5247 1072 5299 3
1089 5250 1221 5315 quodquid
1235 5249 1288 5313 Bfl,
1306 5251 1429 5316 quicquid
1446 5249 1470 5298 V
1553 5250 1640 5300 fauore
1657 5250 1781 5315 quidquid
1796 5251 1831 5301 Cb

170 5334 314 5402 4slloquis
331 5353 390 5402 sup.
404 5337 450 5386 lia.
469 5335 514 5385 ἰΒ
653 5333 782 5402 'lnequid
799 5335 824 5385 B
928 5352 984 5386 essa
1006 5336 1110 5387 uidetur
1131 5336 1193 5385 mihi
1208 5335 1266 5386 cPu
1404 5335 1580 5403 8arrbpaterit
1592 5335 1625 5398 B,
1648 5335 1836 5403 suppeteretl'

170 5426 325 5477 lenocinium
344 5423 387 5490 (an
405 5442 463 5491 sup.
483 5424 529 5475 liu.
547 5441 580 5475 m.
593 5423 619 5490 2)
634 5423 659 5474 Β
762 5421 779 5474 9
796 5423 908 5475 archana
924 5422 948 5472 V
1049 5420 1081 5473 ll
1101 5423 1253 5473 foederatam
1265 5421 1291 5471 Β
1296 5431 1309 5458 ⁰
1380 5438 1527 5487 quanquam
1544 5421 1568 5470 V
1675 5419 1707 5471 12
1725 5423 1832 5473 cucum-

171 5512 333 5579 stripentium
345 5510 371 5560 Β
476 5506 510 5560 14
527 5511 650 5561 concedat
667 5511 724 5562 linit
736 5509 761 5560 Β

275 5614 388 5683 [CXLV]
427 5614 460 5667 16
477 5616 603 5682 relegioso
616 5617 642 5667 Β
742 5613 773 5667 17
792 5616 906 5668 maceriis
918 5613 960 5664 131
1061 5612 1093 5663 18
1110 5611 1241 5666 afferrcV
1296 5610 1445 5662 afflictosV
1536 5607 1572 5662 20
1589 5611 1794 5674 coufluentium
1807 5611 1832 5660 Β

170 5699 203 5752 21
222 5701 467 5755 sublimimorumB
