4538 6436
430 372 470 434 58
1102 371 1104 376 ’
1138 367 1173 422 IL
1192 367 1326 434 (OPUSC.
1344 370 1381 432 2).

429 541 634 607 reverentiae
659 546 787 606 nostrae
811 540 866 605 diu
892 541 1005 606 cervix
1029 540 1173 626 superba
1195 541 1405 607 submittitur.
1445 564 1570 608 sacram
1588 543 1676 608 enim
1700 544 1987 628 congregationem
2011 551 2088 608 tuno

431 644 571 726 vocatis,
604 643 732 730 quando
763 645 978 710 extinctorem
1009 651 1156 710 nostrum
1181 644 1411 731 Symmachum
1433 646 1531 710 vultis
1560 645 1728 726 adserere,
1760 652 1792 711 et
1816 646 1942 712 crudeli
1964 645 2087 732 pietate

378 749 419 809 64
432 747 547 814 honori
569 754 679 814 nostro
702 747 826 834 putatis
849 747 1058 828 adcrescere,
1089 748 1176 833 quod
1205 748 1352 815 residens
1382 750 1416 813 in
1445 749 1659 815 ecclesiarum
1688 770 1763 815 arce
1792 748 1981 837 perdiderit.
2027 769 2087 814 nos

430 850 495 916 ista
522 871 587 916 non
615 850 720 916 solum
746 871 810 915 non
837 851 1013 929 sensimus,
1044 849 1102 914 sed
1130 850 1262 917 diversa
1289 852 1459 918 sentimus.
1503 852 1546 917 ad
1573 854 1655 918 alios
1682 854 1787 939 magis
1810 853 1935 918 tirtelae
1957 857 2087 916 vestrae

431 973 559 1020 venena
592 955 781 1020 convertite.
827 975 890 1019 non
921 954 1021 1020 habet
1049 955 1274 1020 testimonium
1301 955 1498 1038 defensoris,
1535 959 1589 1043 qui
1619 959 1816 1046 repugnanti
1845 956 1994 1043 inpendit
2022 955 2087 1020 oris
2151 1012 2155 1024 .

430 1058 633 1144 obsequium.
675 1057 782 1144 perdit
804 1079 901 1144 quam
925 1079 998 1124 esse
1021 1065 1114 1144 putat
1138 1060 1290 1126 beneficii
1313 1061 1463 1146 gratiam,
1487 1061 1541 1147 qni
1564 1050 1687 1147 aliq'uid
1710 1061 1990 1148 praestatinvito,
2013 1061 2089 1146 quia

431 1182 497 1227 non
519 1168 571 1226 est
592 1182 710 1227 munus
734 1162 797 1226 nisi
821 1161 908 1248 quod
931 1162 1011 1226 velis
1036 1163 1195 1248 accipere.

378 1266 419 1328 65
453 1332 456 1338 ,
539 1263 635 1332 Nunc
658 1267 756 1351 longa
779 1286 843 1330 non
866 1286 947 1351 opus
972 1271 1023 1330 est
1053 1264 1270 1332 admonitione
1300 1267 1363 1332 iam
1393 1267 1540 1354 perditis.
1586 1268 1694 1334 odium
1722 1269 1879 1335 debemus
1907 1269 2014 1354 operi,
2046 1265 2088 1332 de

276 1361 526 1471 eigffpghouius
549 1369 615 1432 iam
638 1389 702 1433 non
725 1377 876 1453 superest
898 1368 984 1454 quod
1008 1369 1181 1435 damnetur
1203 1370 1403 1437 auctoribus.
1442 1373 1615 1438 mulierum
1638 1373 1760 1453 turbas,
1784 1373 1934 1439 adseritis
1955 1372 2089 1437 urbanis

431 1471 605 1554 coloribus,
629 1493 702 1537 eum
723 1473 873 1559 praefato
889 1471 930 1536 ad
947 1471 1068 1537 iudicia
1085 1474 1285 1555 convenisse,
1309 1480 1342 1540 et
1364 1474 1421 1539 illa
1437 1483 1548 1540 vestra
1570 1476 1751 1542 subtilitate
1774 1475 1954 1542 ostenditur
1976 1495 2088 1554 sexus,
2142 1507 2165 1544 ιο

276 1567 423 1674 cssfggdb
434 1575 490 1659 qui
504 1575 662 1640 maiorem
678 1576 818 1641 antistiti
835 1575 1004 1641 debuisset
1020 1576 1185 1642 affectum.
1221 1577 1439 1662 profanissimi
1455 1577 1631 1658 hominum,
1653 1579 1808 1666 scriptum
1827 1578 1965 1644 retineo:
1990 1576 2090 1641 ‘aliud

302 1670 402 1772 ml·
433 1683 485 1741 est
506 1679 592 1742 male
616 1678 742 1759 dicere,
771 1679 859 1744 aliud
884 1678 1058 1758 accusare’,
1091 1687 1124 1744 et
1144 1681 1305 1766 profetam
1333 1680 1473 1746 dixisse:
1510 1682 1735 1769 ‘reprobantes
1766 1683 1901 1748 verbum
1931 1680 2089 1768 sperastis

431 1779 465 1843 in
493 1781 656 1847 calumnia
684 1789 717 1847 et
745 1784 779 1847 in
805 1784 961 1863 tumultu,
993 1790 1026 1848 et
1056 1785 1132 1848 estis
1161 1784 1194 1848 in
1223 1806 1276 1850 eo:
1310 1791 1483 1870 propterea
1511 1788 1574 1851 erit
1595 1786 1686 1852 vobis
1716 1787 1871 1872 iniqnitas
1900 1786 1981 1851 hace
2005 1786 2173 1854 sicuti-ur

291 1891 321 1936 a.
336 1898 370 1949 a,
384 1901 417 1943 as.
433 1884 646 1973 interruptio’,
683 1889 760 1973 quia
791 1909 850 1974 pro
882 1885 974 1951 nobis
1003 1886 1082 1954 dicit
1109 1887 1205 1953 deus:
1244 1891 1312 1953 ‘eos
1340 1910 1433 1969 vero,
1466 1889 1522 1975 qui
1549 1890 1693 1956 iudicant
1720 1912 1792 1970 sos,
1826 1911 1888 1975 ego
1916 1885 2089 1954 iudicabo'.

297 1995 327 2040 n.
343 2004 377 2052 οι,
392 2005 411 2045 r.
434 1994 468 2053 et
494 1988 612 2054 iterum
645 1990 686 2056 ad
717 2012 828 2056 servos
857 2011 933 2056 suos
962 1991 1052 2056 dicit:
1089 1992 1201 2057 ‘nolite
1237 1993 1350 2057 timere
1385 1992 1592 2080 obprobrium
1628 1995 1794 2060 hominum
1823 2001 1857 2060 et
1882 1989 2090 2059 blasfemiam
2143 2022 2167 2061 rs

278 2102 547 2157 n.sr,s.s.eorum
577 2114 620 2160 ne
650 2094 828 2162 metuatis’.
878 2117 989 2160 rursus
1023 2098 1122 2161 etiam
1155 2096 1247 2162 vobis
1282 2098 1419 2162 clamat:
1458 2097 1615 2162 ‘accedite
1644 2098 1708 2163 huc
1745 2119 1858 2163 semen
1890 2096 2029 2162 adulteri
2058 2101 2091 2160 et

432 2194 607 2262 fornicarii.
646 2217 745 2284 super
768 2219 865 2284 quem
887 2200 1023 2278 lusistis,
1049 2221 1147 2285 super
1169 2221 1265 2285 quem
1289 2199 1452 2265 dilatastis
1468 2223 1505 2265 os
1521 2207 1554 2264 et
1570 2200 1712 2266 eiecistis
1729 2203 1873 2287 linguam
1882 2208 1896 2264 ‘l
1934 2198 2091 2285 numquid

434 2318 498 2362 non
522 2321 578 2365 vos
600 2301 646 2365 fili
669 2302 802 2367 scelesti
827 2303 918 2384 estis,
944 2325 1057 2369 semen
1081 2304 1224 2369 mendax
1234 2302 1258 2367 ?’

381 2403 422 2465 67
544 2402 637 2478 Quae
661 2405 779 2491 quibus
803 2406 973 2494 copulatis,
996 2406 1170 2484 advertite,
1194 2406 1358 2472 dicentes:
1396 2408 1531 2474 ‘indicta
1546 2430 1655 2486 causa,
1679 2409 1845 2475 derelictis
1861 2405 2091 2472 defensoribus

434 2529 520 2594 papa
542 2507 715 2592 discessit',
744 2511 804 2576 fori
833 2512 927 2577 nobis
956 2514 989 2576 in
1020 2513 1150 2598 negotio
1180 2513 1346 2600 praesenti
1376 2522 1410 2578 et
1431 2514 1614 2599 platearum
1638 2533 1774 2598 quarum
1798 2512 1877 2576 estis
1900 2510 2090 2598 hypocritae
2160 2541 2163 2546 v

435 2612 589 2698 exempla
611 2622 841 2700 proponentes.
887 2615 980 2680 nobis
1005 2616 1142 2702 sriptum
1166 2623 1217 2680 est
1240 2637 1299 2703 per
1321 2615 1460 2680 Paulum
1484 2617 1677 2702 apostolum,
1701 2614 1817 2701 quibus
1842 2613 2016 2678 crucifixus
2040 2617 2092 2676 est

292 2727 341 2771 on.
354 2733 375 2778 e.
390 2731 421 2774 a.
435 2717 586 2796 mundus,
611 2717 689 2802 quid
703 2718 768 2782 illis
785 2740 858 2782 eum
874 2719 964 2784 foro?
1003 2719 1060 2785 sed
1077 2719 1141 2783 ista
1156 2720 1290 2784 nescitis
1311 2727 1377 2796 aut,
1401 2719 1487 2806 quod
1511 2726 1559 2784 est
1581 2719 1724 2804 gramm,
1748 2725 1826 2782 nota
1848 2715 2091 2812 contempnitis.
2134 2770 2135 2773 ,

381 2815 423 2878 68
435 2821 643 2905 peregrinum
667 2820 764 2886 credo
787 2822 910 2908 aliquid
938 2829 971 2887 et
994 2845 1013 2887 a
1036 2823 1161 2887 ratione
1187 2829 1374 2908 separatum
1397 2822 1567 2908 postulans
1590 2841 1676 2907 papa
1699 2818 1859 2885 discessit.
1896 2837 2006 2882 nonne
2028 2816 2091 2881 hoc

435 2924 580 3010 speravit
603 2946 660 3010 pro
684 2931 771 2990 statu
793 2926 935 2991 labentis
959 2927 1120 2991 eeclesiae
1143 2926 1299 3012 pastorali
1322 2947 1401 2990 cura
1424 2925 1631 3003 constrictus,
1655 2922 1740 3010 quod
1765 2929 1799 2988 et
1813 2923 1968 3008 religiosa
1983 2920 2090 3006 proui-

436 3025 549 3092 dentia
571 3034 606 3092 et
629 3049 749 3093 causae
772 3030 873 3116 ipsius
897 3029 975 3095 ordo
999 3030 1190 3116 flagitabat?
1236 3051 1319 3115 quae
1345 3030 1430 3094 enim
1453 3028 1646 3093 iudiciorum
1668 3028 1772 3092 forma
1795 3031 2032 3114 praecesserat,
2055 3030 2091 3088 ut
2145 3059 2168 3098 ς,

436 3129 545 3212 vobis,
577 3131 743 3198 hostiliter
766 3131 919 3219 disruptis
942 3142 975 3198 et
998 3135 1060 3198 iam
1085 3129 1143 3220 pe'r
1166 3134 1412 3220 suggestionem
1437 3139 1577 3198 vestram
1605 3131 1744 3196 sublatis
1774 3131 1936 3196 ecclesiae
1964 3127 2094 3214 opibus,

437 3233 491 3319 qui
519 3234 575 3300 diu
603 3237 710 3300 fuerat
739 3236 831 3300 cibus
855 3238 1085 3318 esurientium,
1116 3238 1212 3302 famis
1236 3237 1435 3323 mancipium
1459 3236 1624 3301 videretur
1647 3236 1801 3312 effectus,
1830 3234 1905 3299 dum
1929 3232 2094 3298 alimentis

436 3336 626 3403 distributor
649 3341 777 3426 egebat,
801 3347 837 3405 ut
860 3342 953 3405 fieret
976 3343 1008 3406 in
1031 3341 1201 3414 dominatu
1226 3343 1367 3406 servitus
1391 3349 1424 3405 et
1447 3343 1480 3404 in
1504 3341 1661 3404 servitute
1684 3339 1888 3402 dominatus?
1927 3356 2010 3422 quae
2033 3334 2094 3399 hoe

384 3440 426 3502 69
438 3440 579 3525 qualitas
602 3443 832 3528 praecedentis
856 3447 929 3509 aevi
953 3467 1012 3532 per
1035 3447 1224 3511 memoriam
1249 3447 1282 3510 in
1298 3444 1439 3509 medium
1456 3450 1624 3509 transacta
1639 3442 1818 3508 reddebat?
1856 3442 1961 3526 qualis
1978 3439 2095 3504 habuit

283 3537 524 3646 Ῐξξξξζξῇοῢίοἰ
547 3566 589 3610 ex
622 3566 761 3613 censura
792 3549 973 3626 convictus,
1006 3551 1037 3614 in
1066 3571 1128 3636 quo
1158 3570 1289 3614 causam
1315 3547 1511 3613 adiudicatio
1533 3546 1755 3634 praecedebat
1765 3553 1778 3609 ‘t
1823 3566 1887 3609 non
1910 3545 1972 3609 fuit
1993 3542 2091 3630 privi·
2146 3576 2171 3614 a,

437 3648 575 3734 legium,
610 3672 673 3737 quo
707 3653 840 3739 spoliari
874 3654 979 3738 potuit
1010 3653 1075 3717 iam
1109 3653 1260 3718 nudatus.
1314 3673 1414 3716 unum
1450 3651 1542 3716 vobis
1579 3651 1720 3737 putastis
1755 3649 1899 3713 residere
1933 3649 1965 3712 in
1999 3667 2180 3718 sacras-sss

438 3752 628 3820 collectione
653 3755 842 3837 subsidium,
866 3763 902 3820 ut
925 3757 967 3821 ad
991 3756 1185 3822 tuendorum
1209 3757 1434 3820 inmanitatem
1458 3755 1627 3818 criminum
1644 3751 1832 3817 sacerdotes
1846 3751 1941 3819 vobis
1957 3750 2093 3814 comites

386 3853 619 3940 solongereth
655 3864 689 3924 et
722 3859 816 3924 lieret
849 3861 1033 3947 inpunitum
1067 3861 1194 3924 facinus
1230 3859 1406 3945 pollutione
1443 3859 1628 3922 multorum.
1678 3878 1854 3941 numquam
1887 3854 2095 3920 convenienti

438 3965 587 4048 tempore
611 3983 728 4028 censor
750 3962 954 4044 adsciscitur,
982 3965 1037 4049 qui
1060 3963 1102 4029 ad
1125 3963 1271 4028 decisum
1295 3984 1379 4050 pene
1403 3962 1570 4048 negotium
1594 3968 1799 4026 convocatur.
1844 3959 2009 4024 criminosi
2031 3957 2093 4022 etsi

439 4069 490 4128 est
512 4065 680 4146 meritum,
710 4067 794 4130 tollit
822 4075 992 4146 accusato,
1025 4069 1079 4153 qui
1106 4068 1139 4132 in
1163 4089 1202 4133 eo
1225 4069 1298 4154 plus
1321 4067 1421 4132 furori
1444 4087 1504 4131 suo
1527 4059 1596 4129 vult
1619 4065 1718 4130 licere
1741 4086 1838 4152 quam
1860 4062 1970 4128 iudici.
2016 4060 2094 4125 dicit
2159 4117 2164 4131 ,

282 4161 334 4219 1⁵¹⁵·
345 4180 378 4228 ¹²·
393 4179 424 4220 1⁴·
440 4168 526 4233 enim
549 4189 607 4233 vos
629 4169 781 4255 inpetens
804 4169 948 4255 profeta:
981 4170 1075 4235 ‘haec
1104 4178 1155 4236 est
1181 4193 1260 4258 pars
1289 4193 1418 4250 eorum,
1449 4170 1504 4255 qui
1526 4175 1737 4234 vastaverunt
1765 4189 1840 4250 nos,
1868 4174 1901 4233 et
1924 4187 1994 4231 sors
2016 4163 2094 4228 diri·

303 4278 417 4333 ib·1⁸‚²·
440 4272 597 4360 pientiam
621 4269 703 4337 nos’.
749 4272 821 4353 ‘ite,
845 4274 955 4359 angeli
979 4274 1125 4354 veloces,
1149 4274 1191 4339 ad
1213 4295 1349 4360 gregem
1372 4274 1564 4338 convulsum
1587 4280 1619 4337 et
1643 4272 1856 4337 dilaceratum
1880 4277 1915 4335 et
1936 4267 2093 4357 populum

543 4534 556 4587 1
574 4536 686 4604 superba
703 4535 812 4588 mittitur
830 4535 890 4599 (suh
907 4551 963 4601 susp.
981 4535 1026 4584 lio.
1044 4531 1119 4598 add.)
1136 4532 1165 4596 V,
1182 4551 1259 4600 super
1276 4536 1436 4586 submittitur
1454 4535 1498 4597 (ba
1515 4550 1570 4598 susp.
1589 4533 1633 4582 lia.
1650 4530 1760 4596 add.)L
1870 4530 1887 4582 3
1905 4532 2057 4582 eclesiarum
2069 4529 2095 4580 B

436 4619 453 4674 4
471 4618 531 4691 ista]
544 4623 579 4674 ita
587 4620 663 4672 Bau
758 4618 774 4672 ’l
787 4621 863 4673 uallis
872 4621 898 4670 B
991 4618 1008 4671 8
1023 4620 1141 4686 perdictis
1153 4617 1199 4682 Vl,
1216 4620 1361 4686 perdidistis
1371 4618 1430 4670 oPo
1443 4616 1512 4684 [cod.
1526 4619 1650 4683 Damnst,
1666 4619 1758 4686 perditi
1770 4619 1831 4669 estis
1842 4617 1934 4667 Bamb.
1950 4616 2012 4667 laid.
2027 4617 2043 4666 l.
2057 4614 2093 4682 a]

436 4707 453 4760 9
470 4709 592 4760 adserctis
608 4707 634 4757 Β
749 4706 779 4758 11
800 4708 923 4758 serihmm
939 4705 965 4755 B
1087 4703 1119 4755 12
1136 4708 1284 4774 prophetam
1299 4707 1322 4756 A
1339 4703 1341 4708 ’
1448 4703 1480 4756 14
1501 4703 1575 4772 deus]
1596 4707 1713 4757 dominus
1731 4704 1790 4756 oPo
1867 4721 1929 4756 vero
1947 4721 1995 4755 om.
2014 4701 2094 4755 Sirra.

438 4793 472 4848 15
489 4795 649 4848 blasfemiam
662 4795 696 4858 B,
713 4795 897 4862 blasphemiam
910 4792 943 4856 Β,
961 4793 1131 4860 blasphemias
1149 4794 1224 4844 ceteri
1328 4789 1359 4843 17
1378 4789 1498 4858 damn]
1517 4792 1604 4858 egistis
1616 4791 1641 4841 Β
1659 4787 1787 4858 [sgseistis
1802 4790 1867 4842 Isid.
1880 4789 1974 4842 Βιιοοὸ.
1986 4806 2025 4856 ep.
2038 4789 2055 4852 §
2067 4787 2093 4854 5]

436 4882 563 4952 lingnaB
677 4878 711 4933 18
727 4881 778 4932 filis
795 4879 899 4932 caelesti
910 4877 944 4940 B,
961 4874 1008 4927 filii
1026 4879 1127 4930 scelesti
1144 4879 1219 4930 ceteri
1330 4875 1366 4930 20
1383 4877 1519 4930 decessitd
1587 4878 1733 4945 yppocritae
1745 4876 1770 4926 Β
1881 4873 1914 4926 21
1933 4875 2057 4928 scribtum
2069 4872 2095 4925 Β

435 4968 471 5023 22
488 4969 674 5037 contempnetis
686 4966 712 5017 Β
808 4961 844 5018 24
861 4959 1006 5016 eclesiaeB
1071 4965 1196 5032 relegiosa
1207 4962 1232 5028 (r
1242 4981 1273 5015 aa
1285 4963 1305 5029 l)
1318 4964 1344 5015 B
1440 4962 1475 5015 26
1492 4983 1508 5016 a
1519 4963 1593 5016 vobis
1606 4961 1794 5029 propriores
1858 4968 1885 5014 et
1902 4961 1952 5013 iam
1965 4961 2094 5027 discripsi,

436 5058 512 5110 stiam
530 5056 591 5108 libri
663 5053 858 5122 suggessionem
870 5047 911 5101 Β1
984 5047 1104 5116 sublatis]
1122 5050 1267 5102 sublatibus
1283 5049 1324 5100 V⁰
1397 5051 1505 5102 eclesiae
1520 5050 1545 5100 B
1657 5047 1692 5100 30
1708 5049 1843 5100 conuictus
1860 5049 1981 5100 indicatio
1999 5048 2026 5098 in
2044 5046 2096 5096 AB

435 5142 470 5196 31
489 5161 540 5212 quo
552 5159 600 5196 om.
614 5141 666 5193 AB
711 5125 833 5194 'medae
845 5139 870 5189 B
958 5136 992 5191 32
1010 5138 1131 5191 tuendam
1149 5137 1239 5188 malim
1332 5134 1366 5188 35
1384 5144 1502 5190 aocirsato
1514 5135 1548 5200 B,
1565 5143 1697 5188 accusamr
1712 5135 1788 5188 ceteri
1882 5131 1916 5186 36
1933 5132 2094 5202 prophetas

436 5231 616 5298 deripientium
628 5226 654 5279 B

544 5436 579 5490 23
597 5433 665 5489 Acta
687 5447 746 5504 ayss.
765 5447 786 5486 a
803 5437 836 5486 3.·
866 5431 993 5501 [sperans
1017 5430 1060 5500 ut]
1087 5428 1182 5483 omnia
1210 5443 1283 5496 quae
1313 5443 1363 5497 per
1389 5425 1583 5496 suggestiones
1611 5424 1787 5479 inimicorum
1813 5440 1926 5478 auomm
1953 5423 2096 5488 amiserat,

437 5520 572 5592 potestati
591 5520 651 5575 eins
669 5519 705 5574 ab
729 5515 888 5573 honorabili
911 5515 1030 5571 concilio
1054 5515 1237 5570 redderentur
1258 5517 1288 5569 et
1305 5513 1379 5568 tanti
1404 5512 1458 5568 loci
1479 5511 1592 5582 praesul
1614 5511 1744 5581 legaliter
1764 5509 1842 5580 prius
1863 5511 1951 5566 statui
1974 5510 2095 5580 pristino

437 5606 607 5670 redderetur,
621 5609 650 5660 et
660 5609 729 5660 tunc
739 5603 848 5658 renuet
857 5602 895 5657 ad
907 5619 1018 5657 canmm
1028 5605 1065 5666 et,
1077 5601 1101 5655 si
1109 5601 1152 5655 ita
1161 5602 1236 5655 reete
1248 5599 1398 5664 rideretur,
1410 5597 1602 5654 accusantium
1611 5595 1850 5668 propositionibus
1862 5596 2050 5667 responderet.
2061 5627 2095 5638 ·-

372 5745 373 5748 ,
439 5693 535 5766 ὅμοιοι
554 5693 585 5747 ia
601 5694 674 5747 adm
693 5691 768 5761 misc.
786 5689 878 5756 (Tota
890 5705 919 5758 p.
933 5691 1010 5760 676).·
1036 5685 1268 5744 restaurationem
1286 5685 1464 5743 ecclesiarum
1482 5683 1648 5756 regulariter
1666 5681 1788 5758 poposci.
