4538 6436
777 395 950 452 LIBELLVS
969 397 1041 470 PRO
1059 397 1215 456 SYNODO.
1787 401 1828 462 55

177 577 228 636 est
251 569 291 636 de
315 571 445 638 famulis
468 593 528 656 per
555 571 753 657 apostolum:
790 575 999 638 ‘mementote
1026 573 1101 657 quia
1123 579 1233 638 vester
1262 579 1295 637 et
1326 573 1469 637 illorum
1487 570 1637 636 dominus
1664 569 1708 634 in·
1729 571 1986 638 ecolismam.

177 672 250 754 est',
272 673 412 740 adhaec
429 674 552 740 saeculi
566 674 654 738 mala
671 674 916 740 revocabimur?
953 675 1137 740 faciendum
1154 698 1173 741 a
1190 676 1285 741 nobis
1302 681 1361 755 est,
1384 674 1471 759 quod
1494 673 1668 739 facientem
1691 675 1830 738 alterum

178 777 349 864 profanum
366 798 440 848 esse
457 775 706 844 contendimus?
745 777 828 863 quod
845 800 904 866 per
919 779 1136 852 ministerium
1152 779 1306 844 iussionis
1323 783 1487 844 etmanus
1503 778 1631 842 alienae
1653 777 1833 843 incestaret
1878 801 1880 804 ·

179 887 360 967 aspectum,
374 886 494 946 nostro
515 886 694 967 peragetur
717 881 875 967 imperio?
914 884 1014 948 nolite
1039 882 1122 948 hane
1144 883 1304 948 adversus
1325 881 1496 947 universas
1513 880 1672 946 eeclesias
1688 885 1833 944 mentem
1846 882 1886 943 43

178 984 346 1070 rapacium
366 984 516 1070 luporum
540 1005 629 1050 more
653 989 687 1049 et
716 993 834 1050 natura
861 1007 1008 1068 servare,
1038 987 1115 1073 quie
1143 992 1315 1073 postquam
1345 1007 1403 1052 nos
1433 985 1632 1050 maculasset
1659 982 1742 1047 forte
1773 1002 1833 1067 pro

177 1087 348 1154 desideriis
362 1087 489 1154 vestris·
503 1094 640 1154 cruenta·
653 1086 834 1170 discussio,
848 1090 1002 1156 effectum
1018 1091 1128 1174 inhis,
1152 1113 1217 1177 quo
1241 1089 1386 1166 tenditis,
1409 1109 1475 1153 non
1498 1085 1676 1166 haberetis,
1700 1084 1831 1151 dicente

177 1190 269 1260 vobis
291 1190 434 1278 profeta:
458 1193 629 1277 ‘ponamus
654 1193 811 1260 circulum
834 1193 868 1258 in
890 1195 1024 1261 naribus
1040 1195 1158 1260 vestiis
1182 1201 1217 1259 et
1238 1195 1367 1260 frenum
1390 1192 1423 1256 in
1446 1191 1552 1270 labiis,
1576 1195 1610 1254 et
1633 1187 1977 1256 reducamusIsui.er‚rr·

177 1315 241 1362 ros.
258 1295 291 1360 in
314 1294 367 1360 via
389 1293 628 1382 qua-venistis',
658 1296 713 1381 qui
740 1295 859 1362 eodem
889 1299 1028 1383 profeta¹
1046 1297 1227 1364 adserente·
1245 1295 1486 1383 inpugnamini,
1519 1293 1575 1380 qui
1597 1291 1690 1357 dicit:
1726 1293 1832 1356 ‘erunt
1849 1304 1926 1358 iau.
1941 1311 1973 1352 u·

177 1398 270 1484 qnasi
293 1419 357 1462 non
381 1395 455 1478 sint,
479 1405 514 1463 et
535 1399 689 1485 peribunt
711 1400 782 1480 viri,
807 1400 862 1487 qni
885 1401 1113 1466 contradicunt
1134 1399 1249 1467 vohis'.

97 1521 125 1562 ιο
284 1501 371 1568 Ηοο·
384 1503 482 1568 etiarn
505 1521 591 1567 noro
608 1501 765 1569 adversus
780 1524 840 1569 nos
858 1503 1047 1570 subdidistis
1064 1505 1210 1584 inventu,
1235 1504 1343 1592 ipsum
1359 1503 1527 1569 dominum
1543 1505 1577 1564 et
1591 1497 1835 1585 redemptorem
1846 1497 1887 1568 rt

177 1610 326 1674 nostrum
356 1625 539 1694 servorum.
554 1605 682 1672 subisse
713 1607 833 1675 iudicia
862 1616 895 1673 et
918 1609 1000 1675 caeli
1024 1616 1234 1696 operatorem
1257 1609 1439 1697 particulae
1462 1604 1590 1672 cuidam
1615 1607 1732 1689 sponte
1756 1600 1834 1666 sub-

176 1708 319 1778 iacuisse
347 1716 511 1792 terrenae,
543 1709 620 1775 dum
650 1717 795 1777 testatur·
817 1719 851 1778 et
878 1713 1036 1798 loquitur:
1072 1714 1179 1780 ‘homo
1204 1712 1287 1778 Iuda
1310 1717 1343 1777 et
1370 1710 1425 1797 qui
1456 1708 1585 1775 habitas
1608 1704 1831 1784 Hierusalem,
1849 1714 1901 1758 1⁸⁸1-
1916 1721 1936 1766 a
1950 1719 1970 1759 ³·

178 1811 319 1880 iudicate
343 1813 430 1880 inter
452 1835 504 1878 me
526 1820 565 1880 et
578 1814 709 1881 vineam
731 1814 859 1890 meam'.
895 1797 1074 1883 hoeietiam
1089 1818 1223 1883 beatum
1239 1816 1386 1896 Petrum,
1409 1814 1471 1879 hoc
1487 1812 1626 1878 Paulum
1648 1807 1833 1897 apostolum

83 1947 106 1989 a
122 1939 161 1980 ar
180 1935 246 1980 non
268 1914 434 1982 horruisse
456 1917 606 2001 narratis,
631 1923 665 1984 et
687 1919 745 1983 illa
759 1925 869 1984 vestra
892 1919 1060 2004 elegantia
1082 1920 1123 1985 ed
1145 1921 1196 1986 ius
1219 1919 1420 2006 pertrahitur
1443 1914 1668 2001 exemplorum
1690 1911 1834 1980 nexibus

99 2037 125 2077 rs
179 2017 463 2106 praecedentium,
486 2022 579 2107 qussi
603 2021 698 2087 robis
720 2024 753 2088 in
776 2022 839 2089 hac
861 2029 954 2110 parte
976 2025 1171 2089 remanserit
1194 2045 1267 2090 cunr
1290 2023 1451 2090 renitente
1475 2017 1640 2086 contentio
1664 2023 1697 2082 et
1718 2013 1834 2080 validis

177 2120 352 2188 facundiae
382 2129 512 2190 vestrae
543 2124 654 2210 digitis
684 2126 859 2211 exigantur
888 2127 1008 2192 oblata.
1054 2127 1241 2193 Samuelem
1272 2127 1371 2192 etiam
1399 2123 1562 2212 profetam
1592 2120 1765 2186 mirificum
1794 2116 1888 2184 (1045

177 2225 401 2292 conscientiae
424 2247 504 2293 suae
528 2228 707 2295 serenitate
731 2229 821 2316 vulgi
852 2230 962 2296 dicitis
990 2233 1173 2318 inplorasse
1202 2231 1434 2298 testimonium.
1480 2226 1558 2313 quid
1590 2224 1678 2292 enirn
1702 2221 1835 2288 Samuel

177 2327 283 2394 dixit?
329 2329 413 2395 seire
443 2330 624 2415 dominum,
659 2333 745 2420 quod
775 2334 905 2400 nullius·
925 2357 1077 2422 umquam
1110 2335 1345 2414 substantiam,
1376 2332 1496 2396 nullius
1528 2348 1629 2417 pecus
1659 2325 1921 2411 abegissetflssos·
1929 2342 1962 2390 1²,
1970 2343 1991 2383 s·

179 2431 388 2500 adversatum
412 2455 448 2500 se
472 2435 661 2501 muneribus
684 2443 734 2518 et,
758 2438 845 2524 quod
869 2445 921 2505 est
943 2461 1042 2527 snpra
1064 2440 1239 2517 hominem,
1264 2442 1381 2525 sponte
1405 2435 1572 2502 venientia
1594 2431 1681 2496 dona
1701 2429 1836 2510 vitasse,

98 2551 126 2592 ⁹⁰
179 2535 354 2622 presidens
380 2538 516 2621 scilicet,
539 2561 580 2606 ne
604 2560 666 2628 per
689 2541 911 2628 suspicionum
935 2543 1135 2630 praeiudicia
1159 2541 1321 2631 opinionis
1345 2539 1464 2606 damna
1485 2540 1664 2623 pateretur.
1707 2538 1836 2620 postre-

177 2660 266 2706 mum
300 2640 362 2706 sub
391 2641 501 2708 divina
533 2643 754 2710 adtestatione
791 2647 949 2732 patefecit
980 2646 1217 2728 innocentiam,
1249 2667 1290 2711 ne
1325 2644 1503 2710 humanum
1530 2639 1657 2704 subiret
1685 2654 1835 2701 examen.

178 2742 367 2832 redemptor
389 2753 502 2812 noster
522 2746 695 2829 iudicium,
729 2749 816 2835 quod
838 2750 924 2814 inter
945 2771 981 2815 se
1005 2756 1039 2814 et
1061 2751 1191 2815 vineam
1214 2769 1305 2814 suam
1329 2752 1421 2834 optat
1443 2744 1593 2822 evenire,
1627 2740 1704 2806 dum
1726 2740 1890 2804 vastrath

178 2848 212 2914 in
236 2850 403 2934 praesenti
426 2850 559 2936 negotio
587 2851 675 2916 mala
705 2852 852 2938 respicit,
883 2853 988 2938 magis
1016 2853 1167 2939 inploret.
1212 2857 1343 2917 sanctus
1367 2846 1568 2914 Athanasius
1590 2839 1837 2910 Alexandrinae

178 2951 270 3018 urbis
301 2953 490 3098 episcepps,
522 2953 600 3020 dum
631 2956 829 3041 participum
858 2964 1043 3022 vestromm
1073 2966 1266 3042 argueretur
1295 2951 1436 3032 invidia,
1470 2967 1653 3036 agnoscens
1686 2943 1748 3008 sibi
1778 2961 1839 3029 per

100 3068 126 3108 ²³
182 3056 453 3122 contumeliamm
482 3058 723 3124 multitudinem
752 3059 947 3126 exercitium
982 3061 1189 3146 contingere,
1222 3079 1288 3123 non
1318 3059 1485 3136 timorem,
1514 3074 1593 3120 vere
1625 3050 1667 3116 ad
1697 3067 1838 3114 coronae

178 3158 322 3244 pretium
345 3159 452 3226 iunxit
473 3160 561 3246 quod
582 3160 624 3226 de
647 3161 807 3247 dignitate
831 3162 993 3244 submisit,
1019 3169 1146 3228 etanta
1164 3156 1619 3228 caelestemdeabsolutione
1642 3150 1839 3218 sententiam

178 3282 353 3347 personam
378 3264 426 3328 rei
449 3265 656 3330 innocentiae
681 3265 787 3330 bonus
817 3266 1010 3332 aestimator
1038 3266 1187 3354 inplevit.
1233 3267 1279 3331 sic
1308 3264 1394 3329 eninr
1419 3261 1541 3328 Christi
1570 3257 1689 3328 milites
1717 3251 1892 3320 sudorell

180 3385 240 3430 suo
274 3364 435 3434 honorum
466 3368 528 3434 sibi
557 3369 760 3435 incrementa
787 3370 990 3455 parturiunt,
1025 3369 1100 3436 dum
1132 3390 1292 3436 concessa
1322 3367 1455 3452 fastigia
1486 3363 1624 3430 celsiore
1655 3356 1840 3426 humilitate

181 3469 356 3556 castigant,
390 3469 466 3536 inde
495 3470 628 3536 laudum
660 3474 807 3538 cumulos
834 3474 1028 3556 mercaturi,
1065 3473 1152 3539 unde
1180 3473 1315 3558 indepta
1344 3471 1487 3536 culmina
1516 3464 1650 3533 sublimi
1680 3460 1840 3552 parcitate

99 3585 127 3626 ³⁰
180 3571 401 3642 moderantur.
446 3573 506 3639 sed
529 3576 677 3661 quemvis
699 3575 831 3642 beatum
848 3575 1065 3642 Athanasium
1080 3577 1228 3642 Romano
1251 3575 1401 3656 antistiti,
1425 3575 1582 3657 quantum
1605 3587 1705 3634 nosse
1728 3564 1834 3644 datur,

85 3703 109 3746 r·
121 3695 163 3738 aaa
180 3675 329 3762 inparem
352 3677 444 3742 loeus
467 3678 629 3758 ostendat,
652 3679 739 3744 facto
761 3684 871 3746 tamen
890 3681 928 3744 'in
948 3661 1091 3767 negotiis
1108 3687 1338 3767 conparantur:
1362 3679 1418 3744 llle
1434 3680 1567 3763 praesto
1583 3673 1644 3738 fuit
1659 3668 1838 3735 iudicibus:
1852 3665 1893 3728 48

178 3780 258 3864 ieta,
286 3787 442 3867 quantum
465 3789 499 3848 et
521 3803 579 3848 vos
608 3781 731 3864 dicitis,
761 3783 941 3851 advocavit.
983 3786 1041 3851 ille
1070 3786 1263 3850 intentatam
1308 3779 1544 3846 discussionem
1567 3780 1603 3840 ut
1625 3774 1680 3841 dei
1700 3771 1842 3840 famulus
1871 3783 1876 3904 p

180 3905 245 3950 non
274 3885 410 3972 refugit:
445 3886 508 3952 isto
537 3885 694 3971 triumphi
722 3887 772 3950 sui
805 3908 898 3973 spem
926 3889 960 3966 in
990 3889 1210 3954 discussorum
1235 3886 1427 3952 collectione
1452 3879 1630 3950 constituit.
1676 3877 1736 3950 sed
1763 3875 1841 3963 quid

182 3987 235 4053 his
258 3990 387 4074 longius
409 3989 651 4056 conlationibus
673 3991 896 4056 inmoramur?
941 3991 1062 4056 iudicia
1084 3997 1117 4056 et
1140 3993 1203 4056 iste
1227 3990 1330 4056 voluit
1358 3987 1478 4053 amarit
1506 3984 1649 4050 adtraxit
1672 3982 1840 4067 ingressus

40 4102 43 4108 '
103 4103 130 4144 ³⁵
185 4096 237 4156 est
265 4097 313 4172 et,
347 4092 434 4177 quod
463 4099 577 4179 posset
606 4091 752 4157 fidelium
783 4092 883 4158 corda
904 4093 1027 4158 doloris
1050 4094 1126 4159 iusti
1150 4094 1275 4159 aculeis
1299 4093 1461 4168 excitare,
1491 4086 1679 4155 uenerando
1703 4083 1841 4149 concilio

182 4195 411 4262 auctoritatem
442 4197 543 4261 etiam
575 4203 688 4262 eontra
712 4218 762 4278 se,
796 4197 824 4262 si
851 4204 1043 4277 mereretur,
1072 4196 1218 4262 indulsit.
1263 4197 1335 4282 quis
1364 4196 1397 4262 in
1424 4193 1486 4258 hae
1509 4189 1715 4277 allegationis
1738 4186 1894 4272 ipsiuslll

182 4299 289 4366 fronte
313 4299 597 4366 nescirat'fulturn
620 4298 661 4366 ad
691 4301 901 4386 coepiscopos
930 4300 1081 4389 puritatis
1109 4300 1304 4367 testimoniis
1332 4297 1540 4378 convenisse,
1568 4293 1624 4383 qni
1646 4293 1724 4372 hoe,
1754 4287 1839 4376 quod

183 4401 378 4469 districtioni
402 4423 516 4470 eorum
539 4404 645 4468 minus
667 4404 802 4484 licebat,
826 4403 1007 4484 exhorruit,
1031 4405 1210 4469 aestimans
1232 4403 1313 4469 illud
1335 4402 1440 4487 magis
1464 4398 1610 4486 quolibet
1632 4395 1726 4462 mode
1748 4393 1840 4468 labe·

288 4696 301 4747 1
322 4698 349 4749 in
367 4698 444 4750 caelis
461 4705 501 4749 est
518 4698 636 4750 dominus
649 4697 729 4749 sim.
850 4695 868 4748 3
885 4695 951 4763 ease]
970 4707 1037 4748 esest
1054 4696 1095 4746 νῦ
1216 4694 1234 4746 4
1251 4701 1406 4762 peragentur
1423 4692 1463 4742 Β
1528 4692 1653 4744 aduersus
1665 4689 1698 4755 B,
1717 4690 1750 4742 sd
1767 4688 1843 4740 uteri

186 4785 290 4836 eclesias
302 4782 327 4833 B
430 4781 447 4834 6
464 4784 573 4836 tendites
585 4781 626 4834 Β1
696 4783 823 4836 haberetis
834 4783 934 4848 serpsi,
953 4783 1065 4834 luberet.
1078 4783 1123 4834 sed
1136 4781 1196 4832 libri
1300 4777 1315 4829 'l
1333 4778 1457 4847 prophete
1470 4778 1495 4828 A
1590 4776 1607 4829 8
1625 4779 1652 4829 in
1671 4777 1740 4827 uiam
1754 4773 1843 4837 sina,

184 4871 217 4921 ed
229 4871 324 4922 uiamb
393 4870 517 4937 propheta
529 4870 554 4920 A
668 4867 702 4922 10
719 4871 827 4922 innentu
841 4869 880 4932 Β,
902 4870 1008 4922 inuento
1026 4869 1102 4920 ceteri
1216 4862 1247 4917 14
1269 4867 1314 4918 illa
1336 4873 1422 4917 uestra
1443 4864 1566 4931 eligantia
1577 4862 1615 4927 Β,
1637 4863 1708 4913 illam
1729 4867 1842 4912 umnam

186 4957 338 5025 elegantiam
350 4957 426 5009 reteri
486 4957 647 5024 pertrahetur
659 4956 692 5021 B,
709 4957 856 5025 pertrahitis
868 4957 956 5018 ceter-ir
973 4957 1007 5023 es.
1016 4974 1045 5022 p.
1060 4958 1104 5018 58,
1117 4959 1150 5006 10
1254 4951 1288 5004 15
1305 4951 1511 5020 praecedentium
1529 4949 1621 5016 scripsi
1638 4947 1682 5015 (cf.
1692 4965 1721 5014 p.
1735 4951 1779 5009 66,
1790 4945 1844 5010 22),

188 5044 378 5110 praecedentem
396 5042 494 5094 codices
585 5043 679 5095 ualidis
704 5040 741 5109 (di
757 5061 814 5110 rrrp.
832 5041 890 5108 lia.)
910 5041 935 5092 V
1064 5041 1097 5094 16
1119 5043 1268 5110 prophetam
1287 5045 1311 5090 A
1447 5037 1480 5090 18
1503 5038 1571 5105 quod
1595 5034 1621 5102 (ο
1639 5053 1670 5088 er
1688 5037 1704 5087 d
1722 5031 1801 5100 corr.)
1817 5033 1843 5085 B

186 5130 308 5196 abigimet
322 5129 348 5180 Β
462 5124 499 5179 20
520 5137 578 5197 poet
599 5137 709 5182 tremum
725 5129 751 5179 B
866 5127 1120 5181 21arasau0n01'
1231 5123 1266 5177 23
1283 5126 1415 5177 anemius
1431 5123 1509 5175 BVL
1623 5119 1659 5172 24
1676 5121 1802 5188 episeopis
1818 5119 1844 5169 Β

186 5211 220 5266 27
242 5215 336 5268 milites
356 5215 446 5268 christi
458 5214 510 5265 AB
612 5211 646 5265 29
664 5213 823 5266 cumulusB
926 5212 1122 5268 sosannim
1134 5211 1212 5264 BVL
1315 5207 1348 5262 31
1366 5215 1535 5277 conpetenter
1555 5207 1655 5274 seipsi,
1673 5212 1844 5274 conparantur

188 5300 246 5352 libri
350 5297 856 5367 32diseiesionem(ciseacutm.1)B
958 5297 1275 5367 summanum
1378 5291 1576 5347 114ώαί17
1674 5289 1844 5360 bhpossitB

188 5385 256 5438 fideli
268 5385 347 5438 am.
452 5383 488 5439 38
505 5387 657 5440 diatriotmni
676 5387 767 5452 (ultim
786 5389 795 5440 i
812 5404 868 5454 sup.
882 5385 940 5452 lia.)
952 5386 986 5450 B,
1003 5387 1187 5440 districtionem
1204 5384 1279 5436 meri

192 5509 351 5518 ..ιι-..-

291 5610 326 5662 36
344 5610 413 5662 Ado
433 5624 492 5678 syra
509 5615 574 5664 a3:
607 5609 809 5680 [Symmachus]
833 5607 1031 5663 anctoritatem
1057 5605 1150 5661 ordini
1173 5605 1345 5676 colligendo,
1376 5603 1449 5658 sieut
1475 5601 1627 5672 poscebant
1657 5599 1844 5656 aeclesiastica

189 5695 303 5760 statuta,
321 5693 352 5747 in
370 5693 494 5750 omnium
514 5695 563 5767 qui
582 5694 685 5752 ibidem
707 5697 895 5752 convenerant
912 5693 1104 5764 episcoporum
1123 5691 1283 5762 praesentia
1301 5707 1330 5746 se
1347 5690 1413 5744 dare
1431 5689 1569 5761 professus
1588 5691 1638 5741 est.
