4538 6436
431 395 490 454 110
1086 384 1200 440 cxxxv
1219 383 1353 452 (censo.
1374 385 1425 450 ro).

427 561 588 644 contagio.
645 581 747 644 quare
782 559 943 623 universis
981 579 1087 622 rerum
1125 559 1227 642 liquet
1261 557 1407 635 arcanis,
1449 555 1579 618 vitalem
1617 575 1677 640 per
1716 554 1909 640 sapientiam
1947 554 2080 618 factoris

429 663 611 727 machinam
633 663 695 726 nisi
718 683 777 747 per
800 683 893 725 snum
918 660 1060 724 studium
1085 682 1149 724 non
1173 661 1292 746 perire,
1317 661 1370 745 qni
1396 680 1454 722 nos
1477 665 1510 722 et
1533 658 1574 722 ad
1598 658 1733 722 meliora
1747 658 1899 722 formavit
1915 663 1948 720 et
1964 656 2080 741 quibus

394 767 596 830 ⁴litineribus
619 765 707 829 salus
729 771 897 851 peteretur
919 765 1071 828 ostendit.
1117 786 1190 828 enm
1214 765 1299 828 enim
1324 785 1367 827 ex
1390 763 1488 825 humo
1512 761 1675 826 homiuem
1704 761 1858 846 fingeret,
1890 781 1961 826 cum
1991 767 2080 825 tarra

424 871 581 934 victuram
610 869 766 954 migraret
793 870 826 932 in
859 869 1010 948 formam,
1042 889 1116 932 eum
1143 875 1239 954 putre
1269 868 1371 931 solum
1396 887 1513 930 novam
1538 866 1691 929 transiret
1713 864 1746 928 iu
1768 865 1900 944 facicm,
1932 885 2005 928 cum
2029 864 2079 926 in-

424 974 609 1038 sufflatione
633 972 766 1058 spiritus
790 972 856 1034 suis
881 977 1091 1035 moverentur
1117 993 1195 1034 arva
1217 971 1366 1054 vestigiis
1389 977 1423 1033 et
1450 969 1549 1033 tellus
1577 969 1759 1054 respiceret
1785 989 2008 1054 possessorem
2038 988 2080 1031 ex

424 1077 563 1162 propriis
586 1077 787 1140 abstractum
810 1075 936 1159 sinibus
962 1075 1096 1162 inopina
1119 1075 1195 1138 dcte
1219 1080 1452 1160 praestantem,
1478 1073 1652 1136 habentem
1676 1071 1762 1156 quod
1786 1072 1855 1156 ipsa
1877 1092 1961 1156 quae
1979 1077 2083 1134 mater

426 1180 605 1266 putabatur
633 1200 705 1245 esse
729 1200 794 1243 uon
818 1178 968 1259 dederat,
1001 1199 1073 1242 eum
1098 1179 1236 1242 referret
1259 1177 1395 1262 gloriam
1419 1177 1593 1241 nobilitata
1615 1197 1675 1262 per
1696 1174 1859 1239 subolem:
1889 1175 2082 1260 inperfectio

393 1285 507 1360 5erat,
531 1283 558 1346 si
581 1289 713 1346 actuum
729 1281 845 1346 callem
862 1304 926 1346 non
944 1303 1002 1346 suo
1020 1283 1090 1345 iure
1107 1281 1306 1366 disponeret.
1343 1279 1526 1344 cotidianus
1541 1285 1662 1358 tamen,
1686 1279 1825 1357 domine,
1848 1278 2081 1343 beneficiorum

426 1393 555 1450 tuorum
594 1405 763 1450 successus
804 1404 940 1449 munera
979 1386 1109 1448 seniora
1148 1384 1351 1449 transcendit
1384 1391 1416 1448 et
1450 1385 1676 1447 aestimatione
1712 1383 1918 1469 sequentium
1953 1388 2084 1445 vetusta

426 1497 632 1576 superantur.
672 1489 728 1554 ille
755 1489 840 1553 enim
863 1497 1056 1574 perpetuam
1081 1489 1263 1553 destinatus
1288 1488 1328 1552 ad
1353 1489 1464 1564 vitam,
1491 1488 1546 1550 illc
1569 1486 1610 1551 de
1633 1494 1770 1573 parente
1792 1486 1870 1551 iimo
1894 1488 1976 1550 caeli
2001 1488 2080 1550 civis

426 1595 580 1673 effectus,
617 1593 658 1656 ad
686 1591 845 1677 originem
874 1594 1057 1656 voluntario
1087 1613 1197 1657 errore
1227 1593 1378 1683 detrusus
1408 1598 1466 1656 cst.
1519 1603 1553 1655 et
1580 1593 1673 1675 quia,
1708 1590 1785 1656 dum
1812 1593 1941 1672 liceret,
1976 1593 2082 1656 noluit

426 1698 544 1760 secta-ri
583 1697 735 1775 meliora,
776 1696 1011 1760 sublimitatem
1052 1695 1194 1781 perdidit
1235 1717 1333 1781 quam
1374 1696 1514 1760 feliciter
1547 1695 1752 1778 degenerans
1785 1695 1869 1758 dono
1907 1695 2082 1759 conditoris

394 1797 616 1884 bacoeperat,
651 1805 684 1863 et
714 1797 755 1862 ad
787 1800 971 1886 prosapiem
1004 1798 1087 1863 duce
1120 1799 1216 1884 culpa
1245 1807 1418 1864 revocatus
1451 1799 1584 1862 exilium
1616 1799 1716 1864 flevit.
1767 1798 1853 1862 hunc
1884 1799 1945 1862 nisi
1977 1800 2081 1862 omni·

423 1904 570 1989 potentia
594 1910 665 1983 tua,
694 1903 840 1982 domine,
872 1908 1083 1988 regeneraret
1106 1902 1283 1989 perditum,
1313 1924 1429 1988 parum
1451 1908 1566 1987 posset
1587 1900 1743 1986 prodesse
1773 1901 1856 1988 quod
1888 1903 2014 1966 feceras
2039 1909 2081 1982 et,

424 2007 484 2070 nisi
507 2028 602 2092 opem
626 2007 729 2071 ferret
751 2013 785 2070 et
807 2027 942 2070 numero
965 2013 998 2070 et
1020 2007 1239 2092 prosperitate
1262 2005 1407 2070 secunda
1435 2006 1604 2084 nativitas,
1635 2007 1755 2090 prima,
1787 2007 1819 2069 in
1848 2027 1912 2090 qua
1942 2013 2079 2070 mortem
2146 2065 2151 2074 .

424 2130 515 2174 error
537 2110 679 2196 peperit,
711 2131 776 2174 non
802 2111 939 2174 iuvaret.
985 2117 1149 2194 postremo
1173 2110 1253 2173 nihil
1278 2115 1365 2174 esset
1388 2108 1475 2193 quod
1499 2107 1540 2172 ad
1562 2109 1721 2173 fabricam
1744 2116 1887 2174 nostram
1912 2112 2084 2174 materiam

423 2213 540 2277 humus
564 2214 727 2299 praebuit,
757 2214 820 2276 nisi
843 2213 931 2277 unda
956 2220 1171 2277 succurreret.
1216 2213 1345 2276 unicum
1369 2214 1464 2277 nobis
1488 2213 1683 2277 sacramenti
1707 2213 1802 2278 huius
1826 2215 1981 2278 solacium
2005 2236 2083 2278 oon-

395 2318 539 2396 venusti,
563 2317 648 2401 quod
671 2339 775 2402 aquae
799 2317 927 2382 diluunt
950 2322 1087 2402 peccata
1109 2316 1245 2381 telluris.
1284 2337 1362 2400 ergo
1385 2317 1450 2379 iam
1474 2322 1571 2401 typus
1595 2316 1728 2381 recedat
1750 2325 1793 2398 et,
1817 2320 1871 2403 qni
1886 2319 2085 2404 imaginibus

429 2420 705 2486 adnuntiaverunt
733 2423 920 2507 sequentia,
954 2421 1177 2485 conticiscent.
1230 2420 1262 2482 in
1294 2421 1431 2484 veritate
1462 2425 1611 2484 tenemus
1642 2421 1795 2506 quiequid
1825 2423 1971 2486 colorata
2002 2425 2084 2508 legis

426 2522 540 2586 umbra
570 2525 775 2608 promiserat.
829 2531 956 2609 tempus
986 2531 1053 2600 cst,
1085 2545 1148 2609 qno
1178 2543 1314 2610 corpora
1342 2529 1453 2586 nostra
1484 2524 1536 2587 vel
1564 2524 1693 2588 animae
1724 2524 1923 2611 redeinptori
1953 2525 2083 2591 Christo
2136 2563 2147 2594 ·.

385 2691 387 2696 ,
425 2625 541 2690 feriato
570 2648 725 2691 mucrone
761 2627 963 2706 dedicentur,
1004 2649 1067 2713 qno
1099 2627 1188 2691 salus
1220 2628 1445 2712 per‘vulnera
1478 2649 1543 2691 non
1580 2635 1765 2712 quaeratur,
1804 2650 1867 2714 quo
1903 2626 2097 2712 sacerdotis
2132 2677 2133 2680 ,
2225 2675 2226 2678 κ

425 2731 564 2795 dextera
591 2730 731 2796 lanistae
761 2753 843 2818 opus
872 2731 1020 2814 abiuret,
1051 2752 1114 2816 quo
1145 2732 1426 2796 consecrationem
1449 2731 1584 2817 impleat
1607 2730 1687 2794 fidos
1710 2731 1844 2816 lympha
1868 2732 2084 2817 signaculum,

394 2834 489 2919 8qno
521 2835 697 2898 humanum
728 2856 832 2918 genus
865 2835 950 2899 unde
981 2836 1102 2900 decidit
1132 2836 1205 2901 fons
1235 2836 1378 2901 reducat.
1424 2837 1456 2899 in
1488 2835 1584 2899 huius
1614 2857 1693 2918 crgo
1723 2836 1948 2921 suspiciendae
1980 2838 2085 2900 noetis

426 2936 533 3001 officio
555 2937 752 3001 venerandis
775 2947 979 3025 compactam
1004 2941 1175 3006 elementis
1198 2941 1304 3004 facem
1328 2941 1398 3020 tibi,
1422 2940 1563 3017 dominc,
1588 2939 1821 3024 mancipamus,
1845 2939 1876 3002 in
1901 2960 1963 3025 qua
1988 2941 2085 3004 trium

426 3041 544 3126 copula
567 3061 736 3104 munerum
759 3043 897 3128 primum
922 3042 963 3107 de
986 3043 1100 3129 inpare
1124 3065 1261 3108 numero
1285 3043 1508 3130 conplacebit,
1539 3063 1622 3127 quac
1654 3043 1739 3127 qnod
1763 3043 1864 3126 gratis
1887 3043 1950 3107 deo
1974 3045 2084 3108 veniat
2136 3077 2156 3111 s.

425 3143 627 3221 auctoribus,
646 3163 711 3206 non
734 3143 876 3209 habetur
891 3147 1066 3211 incertum:
1091 3169 1202 3226 unum,
1225 3147 1312 3232 quod
1328 3147 1370 3211 de
1387 3146 1508 3210 fetibus
1524 3145 1691 3208 fluminum
1707 3144 1869 3209 adoedunt
1885 3147 2086 3210 nutrimenta

425 3246 643 3310 flammarum:
677 3247 766 3312 aliud
790 3248 876 3333 quod
899 3270 998 3334 apum
1022 3252 1133 3314 tribuit
1156 3251 1352 3316 intemerata
1375 3248 1572 3326 fecunditas,
1597 3250 1628 3312 in
1652 3269 1788 3332 quarum
1812 3251 1970 3336 partubus
1996 3250 2085 3314 nulla

395 3349 552 3435 iipatitur
567 3350 686 3415 damna
702 3353 888 3436 virginitas:
912 3353 997 3437 ignis
1022 3355 1122 3418 etiam
1146 3357 1237 3419 caclo
1260 3355 1387 3419 infusus
1411 3353 1595 3418 adhibetur.
1632 3351 1820 3437 redemptor
1843 3356 1927 3417 onim
1953 3357 2084 3442 proprio

428 3473 530 3537 aquas
554 3452 718 3518 dedicavit
741 3454 949 3542 baptismate.
996 3457 1221 3542 integritatem
1245 3457 1351 3542 diligit
1374 3479 1470 3542 quam
1494 3463 1527 3520 et
1549 3455 1712 3519 nascendo
1735 3457 1769 3520 in
1792 3465 1897 3522 matre
1928 3461 2083 3523 servavit.

427 3561 464 3619 nt
485 3577 505 3620 a
528 3557 654 3644 profeta
680 3567 794 3645 posset
823 3561 956 3646 inspici,
989 3560 1120 3625 innocui
1150 3581 1266 3646 corpus
1294 3561 1438 3646 suscepit
1465 3559 1622 3640 incendii,
1655 3580 1727 3623 eum
1750 3559 1921 3625 frondibus
1944 3563 1977 3626 in
2002 3564 2083 3627 mbo
2136 3591 2139 3600 ¹

426 3660 662 3744 crepitantibus
685 3662 776 3726 nulla
798 3662 906 3726 frutex
930 3662 1124 3728 detrimenta
1148 3665 1301 3741 sentiret,
1332 3685 1406 3727 eum
1435 3661 1525 3726 arida
1553 3662 1708 3748 pabulum
1738 3663 1877 3727 flarnmis
1901 3664 1977 3729 dnm
2003 3669 2082 3731 lam-

425 3760 582 3826 berentur
603 3763 694 3848 ligna
717 3784 779 3827 nou
808 3765 936 3828 fierent.
982 3787 1060 3851 crgo
1092 3768 1256 3852 proprium
1287 3768 1347 3831 tibi
1377 3774 1442 3836 est,
1473 3765 1621 3844 domine,
1654 3765 1805 3850 quicquid
1824 3767 1867 3830 in
1897 3769 1958 3832 hoc
1988 3791 2084 3833 cereo

376 3865 596 3930 idsorvorum
619 3873 748 3930 tuorum
772 3869 980 3952 praeparavit
1005 3869 1208 3953 obsequium.
1255 3871 1380 3934 serenis
1404 3870 1438 3932 in
1461 3870 1524 3932 isto
1548 3869 1674 3954 respice
1697 3871 1815 3946 oeulis,
1839 3871 1926 3955 qnod
1949 3875 2086 3936 contulit

428 3969 555 4036 caelum
578 3971 701 4034 fluenta
724 3970 890 4056 pudicitia.
930 3979 964 4035 tu
989 3972 1028 4035 ad
1054 3971 1263 4036 tribuendam
1287 3972 1549 4036 benedictionem
1574 3981 1727 4036 evocatus
1751 3973 1928 4036 ministerio
1953 3975 2085 4038 humani

428 4074 587 4139 sermonis
605 4074 763 4138 inlabere.
801 4081 836 4138 tu
853 4076 1100 4139 resurrectionis
1117 4082 1194 4139 tuae
1210 4083 1369 4160 tempore,
1394 4097 1457 4160 quo
1475 4084 1589 4139 vernat
1601 4077 1680 4142 ,anni
1698 4078 1920 4140 reviviscentis
1938 4079 2084 4154 infantia.
2137 4102 2159 4136 τ’·

427 4184 589 4263 sumptam
621 4199 662 4240 ex
693 4177 754 4240 hcc
788 4185 901 4241 contra
933 4178 1096 4263 procellas
1125 4179 1176 4241 vel
1211 4200 1324 4242 omnes
1357 4179 1505 4241 incursus
1537 4179 1589 4242 fae
1619 4179 1773 4243 dimicare
1806 4182 2015 4266 particulam,
2050 4190 2085 4245 nt

429 4279 608 4345 sacerdotis
632 4280 732 4344 nostri
757 4281 866 4344 votiva
889 4281 1039 4344 omnibus
1064 4280 1115 4343 vel
1138 4281 1237 4344 totins
1262 4282 1340 4345 cleri
1365 4281 1434 4344 eins
1457 4281 1681 4347 incolumitate
1713 4303 1871 4345 concessa
1898 4283 2083 4349 ubertatem

428 4391 589 4448 terrarum
613 4405 684 4448 oum
709 4391 841 4449 actuum
865 4386 1052 4450 innocentia
1076 4390 1109 4447 ct
1131 4385 1347 4470 prosperitate
1372 4385 1543 4449 concedas.

534 4678 547 4729 1
567 4678 642 4743 liquit
653 4677 679 4727 Β
741 4680 860 4730 archanis
878 4678 901 4727 V
960 4681 1070 4730 factores
1082 4678 1108 4727 Β
1205 4678 1222 4728 3
1240 4681 1356 4730 ostendet
1369 4678 1394 4728 B
1492 4677 1507 4728 4
1526 4681 1653 4731 uicturam
1672 4680 1710 4743 (ui
1727 4681 1753 4729 ia
1767 4679 1814 4742 lit.)
1832 4680 1855 4727 V
1950 4680 1967 4730 b
1985 4684 2039 4732 arvis
2053 4682 2085 4744 B,

428 4765 469 4816 sui
487 4764 562 4815 ceteri
643 4765 755 4830 nistigiis
767 4765 792 4815 B
919 4763 1037 4816 fidetem
1053 4763 1148 4814 VLTU
1267 4761 1282 4813 7
1301 4763 1477 4830 potabaturB
1550 4766 1663 4817 sobolem
1676 4763 1719 4815 Β2
1726 4765 1750 4813 V
1802 4757 1804 4762 ⁴
1868 4765 1900 4816 13
1918 4769 2048 4834 riccipcrat
2060 4769 2085 4817 Β

430 4846 463 4899 18
480 4849 590 4900 deluunt
602 4847 721 4901 BV¹L0
840 4847 871 4900 19
889 4849 1101 4901 conticescantV
1209 4847 1504 4917 reincorporentur
1619 4849 1851 4903 alacarnensis
1964 4852 1999 4904 23
2016 4857 2085 4920 qnod

429 4935 572 4986 humanum
587 4933 612 4984 Β
685 4936 820 4987 decaditB
935 4934 969 4986 24
987 4936 1102 4987 alimenti
1119 4953 1176 5001 arcp.
1189 4937 1234 4987 lia.
1246 4954 1259 4987 s
1271 4936 1297 4985 Β
1411 4934 1445 4986 25
1463 4937 1552 5002 inpare
1564 4936 1597 5000 B,
1615 4938 1695 5004 inpari
1708 4939 1782 4987 ceteri
1851 4939 2027 5004 complacebat
2045 4939 2084 4988 Va

428 5018 462 5070 ‘26
480 5021 606 5072 accedunt
622 5021 646 5070 V
736 5019 771 5071 28
788 5022 901 5088 dampna
919 5021 942 5070 V
1034 5019 1069 5071 30
1086 5023 1178 5088 prolita
1192 5022 1216 5072 B
1222 5021 1240 5086 ¹,
1260 5023 1384 5089 propheta
1401 5022 1425 5070 V
1490 5025 1570 5090 possit
1583 5023 1608 5072 Β
1677 5025 1738 5074 rabo
1752 5023 1795 5072 Β(ι
1900 5022 1932 5074 31
1953 5028 2030 5076 frotix
2046 5025 2085 5075 B¹

430 5105 577 5157 laberentur
589 5105 614 5155 Β
729 5103 765 5155 33
781 5106 872 5157 scrinis
885 5105 910 5155 B
1023 5105 1057 5157 34
1075 5115 1120 5158 tua
1137 5109 1141 5170 Ι
1156 5107 1355 5159 adtribuondum
1368 5107 1393 5156 Β
1508 5107 1542 5158 35
1559 5109 1645 5159 uimat
1659 5107 1699 5157 B!
1800 5109 1846 5160 ,36
1863 5112 1947 5160 omnis
1959 5110 2086 5173 Bl'rd’t,

429 5192 512 5243 amnis
525 5209 603 5258 prop.
618 5191 713 5241 Horret
816 5189 849 5242 37
869 5193 1041 5244 incolomitate
1055 5193 1079 5242 B
1184 5192 1218 5243 38
1236 5195 1368 5246 concedas.
1393 5195 1451 5245 linit
1468 5195 1565 5246 eadmer
