<?xml version="1.0" encoding="UTF-8"?>
<!DOCTYPE html PUBLIC "-//W3C//DTD XHTML 1.0 Transitional//EN"
    "http://www.w3.org/TR/xhtml1/DTD/xhtml1-transitional.dtd">
<html xmlns="http://www.w3.org/1999/xhtml" xml:lang="en" lang="en">
 <head>
  <title>
</title>
<meta http-equiv="Content-Type" content="text/html;charset=utf-8" />
  <meta name='ocr-system' content='tesseract 3.04.00' />
  <meta name='ocr-capabilities' content='ocr_page ocr_carea ocr_par ocr_line ocrx_word'/>
</head>
<body>
  <div class='ocr_page' id='page_1' title='image "./monumentagerman06mittgoog_0371.png"; bbox 0 0 4576 6428; ppageno 0'>
   <div class='ocr_carea' id='block_1_1' title="bbox 1035 383 1457 454">
    <p class='ocr_par' dir='ltr' id='par_1_1' title="bbox 1035 383 1457 454">
     <span class='ocr_line' id='line_1_1' title="bbox 1035 383 1457 454; baseline -0.007 -13"><span class='ocrx_word' id='word_1_1' title='bbox 1035 383 1201 441; x_wconf 83' lang='lat' dir='ltr'><strong>cnxxxnr</strong></span> <span class='ocrx_word' id='word_1_2' title='bbox 1221 384 1343 454; x_wconf 74' lang='lat' dir='ltr'><strong>(aaran.</strong></span> <span class='ocrx_word' id='word_1_3' title='bbox 1361 385 1387 450; x_wconf 85' lang='lat' dir='ltr'><strong>s,</strong></span> <span class='ocrx_word' id='word_1_4' title='bbox 1405 385 1457 454; x_wconf 84' lang='lat'><strong>11).</strong></span> 
     </span>
    </p>
   </div>
   <div class='ocr_carea' id='block_1_2' title="bbox 1000 711 1492 985">
    <p class='ocr_par' dir='ltr' id='par_1_2' title="bbox 1000 711 1492 985">
     <span class='ocr_line' id='line_1_2' title="bbox 1000 711 1492 798; baseline -0.01 -16"><span class='ocrx_word' id='word_1_5' title='bbox 1000 711 1227 782; x_wconf 74' lang='lat' dir='ltr'><strong>comm</strong></span> <span class='ocrx_word' id='word_1_6' title='bbox 1251 715 1360 798; x_wconf 78' lang='lat' dir='ltr'><strong>(error.</strong></span> <span class='ocrx_word' id='word_1_7' title='bbox 1377 718 1408 794; x_wconf 82' lang='lat'><strong>9,</strong></span> <span class='ocrx_word' id='word_1_8' title='bbox 1428 717 1492 794; x_wconf 85' lang='lat' dir='ltr'><strong>ll).</strong></span> 
     </span>
     <span class='ocr_line' id='line_1_3' title="bbox 1014 908 1481 985; baseline 0.004 -3"><span class='ocrx_word' id='word_1_9' title='bbox 1014 909 1203 985; x_wconf 83' lang='lat' dir='ltr'><strong>FAVSTO</strong></span> <span class='ocrx_word' id='word_1_10' title='bbox 1231 908 1481 984; x_wconf 84' lang='lat' dir='ltr'><strong>ENNODIVS.</strong></span> 
     </span>
    </p>
   </div>
   <div class='ocr_carea' id='block_1_3' title="bbox 388 1055 2152 2832">
    <p class='ocr_par' dir='ltr' id='par_1_3' title="bbox 390 1055 2078 1384">
     <span class='ocr_line' id='line_1_4' title="bbox 390 1055 2078 1174; baseline -0.001 -23"><span class='ocrx_word' id='word_1_11' title='bbox 390 1081 403 1138; x_wconf 88' lang='lat' dir='ltr'><strong>l</strong></span> <span class='ocrx_word' id='word_1_12' title='bbox 540 1055 687 1172; x_wconf 79' lang='lat' dir='ltr'><strong>Suscepi</strong></span> <span class='ocrx_word' id='word_1_13' title='bbox 718 1087 845 1152; x_wconf 81' lang='lat' dir='ltr'><strong>litteras</strong></span> <span class='ocrx_word' id='word_1_14' title='bbox 875 1087 1049 1173; x_wconf 75' lang='lat' dir='ltr'><strong>multiplici</strong></span> <span class='ocrx_word' id='word_1_15' title='bbox 1081 1088 1271 1173; x_wconf 80' lang='lat' dir='ltr'><strong>gaudiorum</strong></span> <span class='ocrx_word' id='word_1_16' title='bbox 1301 1088 1377 1153; x_wconf 89' lang='lat' dir='ltr'><strong>dote</strong></span> <span class='ocrx_word' id='word_1_17' title='bbox 1409 1088 1590 1174; x_wconf 71' lang='lat' dir='ltr'><strong>locupletes</strong></span> <span class='ocrx_word' id='word_1_18' title='bbox 1614 1095 1648 1152; x_wconf 92' lang='lat' dir='ltr'><strong>et</strong></span> <span class='ocrx_word' id='word_1_19' title='bbox 1670 1087 1808 1173; x_wconf 87' lang='lat' dir='ltr'><strong>gratiam</strong></span> <span class='ocrx_word' id='word_1_20' title='bbox 1832 1088 1918 1152; x_wconf 89' lang='lat' dir='ltr'><strong>circa</strong></span> <span class='ocrx_word' id='word_1_21' title='bbox 1941 1108 1998 1151; x_wconf 89' lang='lat' dir='ltr'><strong>vos</strong></span> <span class='ocrx_word' id='word_1_22' title='bbox 2023 1087 2078 1151; x_wconf 91' lang='lat' dir='ltr'><strong>dei</strong></span> 
     </span>
     <span class='ocr_line' id='line_1_5' title="bbox 421 1190 2075 1279; baseline -0.002 -23"><span class='ocrx_word' id='word_1_23' title='bbox 421 1212 519 1279; x_wconf 89' lang='lat' dir='ltr'><strong>quam</strong></span> <span class='ocrx_word' id='word_1_24' title='bbox 547 1211 702 1256; x_wconf 84' lang='lat' dir='ltr'><strong>noveram</strong></span> <span class='ocrx_word' id='word_1_25' title='bbox 732 1192 934 1256; x_wconf 80' lang='lat' dir='ltr'><strong>nuntiantes.</strong></span> <span class='ocrx_word' id='word_1_26' title='bbox 980 1192 1127 1276; x_wconf 91' lang='lat' dir='ltr'><strong>protinus</strong></span> <span class='ocrx_word' id='word_1_27' title='bbox 1160 1191 1298 1257; x_wconf 90' lang='lat' dir='ltr'><strong>testibus</strong></span> <span class='ocrx_word' id='word_1_28' title='bbox 1321 1190 1443 1257; x_wconf 80' lang='lat' dir='ltr'><strong>Christi</strong></span> <span class='ocrx_word' id='word_1_29' title='bbox 1474 1193 1577 1256; x_wconf 86' lang='lat' dir='ltr'><strong>nostri</strong></span> <span class='ocrx_word' id='word_1_30' title='bbox 1607 1212 1680 1256; x_wconf 89' lang='lat' dir='ltr'><strong>curn</strong></span> <span class='ocrx_word' id='word_1_31' title='bbox 1702 1191 1862 1269; x_wconf 80' lang='lat' dir='ltr'><strong>lacrimis,</strong></span> <span class='ocrx_word' id='word_1_32' title='bbox 1892 1209 1972 1274; x_wconf 90' lang='lat' dir='ltr'><strong>quas</strong></span> <span class='ocrx_word' id='word_1_33' title='bbox 1996 1212 2075 1275; x_wconf 91' lang='lat' dir='ltr'><strong>sug-</strong></span> 
     </span>
     <span class='ocr_line' id='line_1_6' title="bbox 419 1294 2076 1384; baseline -0.002 -21"><span class='ocrx_word' id='word_1_34' title='bbox 419 1297 558 1384; x_wconf 81' lang='lat' dir='ltr'><strong>gerebat</strong></span> <span class='ocrx_word' id='word_1_35' title='bbox 579 1295 739 1376; x_wconf 86' lang='lat' dir='ltr'><strong>hilaritas,</strong></span> <span class='ocrx_word' id='word_1_36' title='bbox 763 1295 907 1360; x_wconf 87' lang='lat' dir='ltr'><strong>indicata</strong></span> <span class='ocrx_word' id='word_1_37' title='bbox 927 1296 1069 1381; x_wconf 82' lang='lat' dir='ltr'><strong>patefeci</strong></span> <span class='ocrx_word' id='word_1_38' title='bbox 1087 1303 1129 1372; x_wconf 91' lang='lat' dir='ltr'><strong>et,</strong></span> <span class='ocrx_word' id='word_1_39' title='bbox 1154 1295 1239 1380; x_wconf 91' lang='lat' dir='ltr'><strong>quod</strong></span> <span class='ocrx_word' id='word_1_40' title='bbox 1257 1317 1316 1382; x_wconf 89' lang='lat' dir='ltr'><strong>per</strong></span> <span class='ocrx_word' id='word_1_41' title='bbox 1330 1297 1419 1382; x_wconf 93' lang='lat' dir='ltr'><strong>ipsos</strong></span> <span class='ocrx_word' id='word_1_42' title='bbox 1437 1296 1634 1380; x_wconf 89' lang='lat' dir='ltr'><strong>inpetratum</strong></span> <span class='ocrx_word' id='word_1_43' title='bbox 1650 1295 1768 1374; x_wconf 87' lang='lat' dir='ltr'><strong>luerat,</strong></span> <span class='ocrx_word' id='word_1_44' title='bbox 1791 1295 1912 1379; x_wconf 89' lang='lat' dir='ltr'><strong>gratias</strong></span> <span class='ocrx_word' id='word_1_45' title='bbox 1928 1294 2076 1359; x_wconf 85' lang='lat' dir='ltr'><strong>referens</strong></span> 
     </span>
    </p>

    <p class='ocr_par' dir='ltr' id='par_1_4' title="bbox 388 1397 2152 1899">
     <span class='ocr_line' id='line_1_7' title="bbox 388 1397 2152 1487; baseline -0.002 -21"><span class='ocrx_word' id='word_1_46' title='bbox 388 1400 516 1487; x_wconf 81' lang='lat' dir='ltr'><strong>2quasi</strong></span> <span class='ocrx_word' id='word_1_47' title='bbox 539 1419 642 1464; x_wconf 79' lang='lat' dir='ltr'><strong>novus</strong></span> <span class='ocrx_word' id='word_1_48' title='bbox 665 1400 787 1464; x_wconf 88' lang='lat' dir='ltr'><strong>relator</strong></span> <span class='ocrx_word' id='word_1_49' title='bbox 809 1398 949 1464; x_wconf 88' lang='lat' dir='ltr'><strong>adserui.</strong></span> <span class='ocrx_word' id='word_1_50' title='bbox 996 1421 1084 1476; x_wconf 81' lang='lat' dir='ltr'><strong>vere,</strong></span> <span class='ocrx_word' id='word_1_51' title='bbox 1117 1400 1234 1465; x_wconf 91' lang='lat' dir='ltr'><strong>domne</strong></span> <span class='ocrx_word' id='word_1_52' title='bbox 1258 1401 1393 1478; x_wconf 80' lang='lat' dir='ltr'><strong>Fausta,</strong></span> <span class='ocrx_word' id='word_1_53' title='bbox 1424 1399 1619 1485; x_wconf 90' lang='lat' dir='ltr'><strong>simpliciter</strong></span> <span class='ocrx_word' id='word_1_54' title='bbox 1641 1397 1673 1462; x_wconf 93' lang='lat' dir='ltr'><strong>in</strong></span> <span class='ocrx_word' id='word_1_55' title='bbox 1697 1397 1759 1462; x_wconf 90' lang='lat' dir='ltr'><strong>hae</strong></span> <span class='ocrx_word' id='word_1_56' title='bbox 1783 1419 1884 1462; x_wconf 88' lang='lat' dir='ltr'><strong>causa</strong></span> <span class='ocrx_word' id='word_1_57' title='bbox 1907 1399 2075 1484; x_wconf 89' lang='lat' dir='ltr'><strong>vulgatum</strong></span> <span class='ocrx_word' id='word_1_58' title='bbox 2147 1441 2152 1450; x_wconf 89' lang='lat'><strong>·</strong></span> 
     </span>
     <span class='ocr_line' id='line_1_8' title="bbox 420 1501 2075 1590; baseline -0.002 -20"><span class='ocrx_word' id='word_1_59' title='bbox 420 1510 488 1582; x_wconf 89' lang='lat' dir='ltr'><strong>est,</strong></span> <span class='ocrx_word' id='word_1_60' title='bbox 519 1501 596 1587; x_wconf 92' lang='lat' dir='ltr'><strong>quid</strong></span> <span class='ocrx_word' id='word_1_61' title='bbox 625 1501 763 1568; x_wconf 87' lang='lat' dir='ltr'><strong>haberet</strong></span> <span class='ocrx_word' id='word_1_62' title='bbox 789 1503 912 1581; x_wconf 91' lang='lat' dir='ltr'><strong>meriti,</strong></span> <span class='ocrx_word' id='word_1_63' title='bbox 944 1501 1022 1586; x_wconf 95' lang='lat' dir='ltr'><strong>quid</strong></span> <span class='ocrx_word' id='word_1_64' title='bbox 1045 1503 1163 1567; x_wconf 80' lang='lat' dir='ltr'><strong>virium</strong></span> <span class='ocrx_word' id='word_1_65' title='bbox 1192 1505 1224 1568; x_wconf 93' lang='lat' dir='ltr'><strong>in</strong></span> <span class='ocrx_word' id='word_1_66' title='bbox 1248 1503 1401 1590; x_wconf 90' lang='lat' dir='ltr'><strong>precibus</strong></span> <span class='ocrx_word' id='word_1_67' title='bbox 1424 1503 1481 1567; x_wconf 90' lang='lat' dir='ltr'><strong>illa</strong></span> <span class='ocrx_word' id='word_1_68' title='bbox 1505 1509 1619 1567; x_wconf 89' lang='lat' dir='ltr'><strong>sancta</strong></span> <span class='ocrx_word' id='word_1_69' title='bbox 1643 1503 1752 1566; x_wconf 89' lang='lat' dir='ltr'><strong>anima</strong></span> <span class='ocrx_word' id='word_1_70' title='bbox 1775 1522 1859 1587; x_wconf 88' lang='lat' dir='ltr'><strong>quae</strong></span> <span class='ocrx_word' id='word_1_71' title='bbox 1882 1503 2075 1587; x_wconf 87' lang='lat' dir='ltr'><strong>praecessit.</strong></span> 
     </span>
     <span class='ocr_line' id='line_1_9' title="bbox 420 1603 2076 1691; baseline 0.001 -21"><span class='ocrx_word' id='word_1_72' title='bbox 420 1627 495 1671; x_wconf 91' lang='lat' dir='ltr'><strong>nam</strong></span> <span class='ocrx_word' id='word_1_73' title='bbox 524 1605 584 1670; x_wconf 89' lang='lat' dir='ltr'><strong>etsi</strong></span> <span class='ocrx_word' id='word_1_74' title='bbox 615 1607 658 1670; x_wconf 89' lang='lat' dir='ltr'><strong>sit</strong></span> <span class='ocrx_word' id='word_1_75' title='bbox 686 1625 762 1691; x_wconf 91' lang='lat' dir='ltr'><strong>spes</strong></span> <span class='ocrx_word' id='word_1_76' title='bbox 791 1611 901 1669; x_wconf 90' lang='lat' dir='ltr'><strong>nostra</strong></span> <span class='ocrx_word' id='word_1_77' title='bbox 932 1603 1038 1668; x_wconf 91' lang='lat' dir='ltr'><strong>adbuc</strong></span> <span class='ocrx_word' id='word_1_78' title='bbox 1062 1627 1161 1670; x_wconf 88' lang='lat' dir='ltr'><strong>caeca</strong></span> <span class='ocrx_word' id='word_1_79' title='bbox 1184 1605 1297 1670; x_wconf 90' lang='lat' dir='ltr'><strong>mundi</strong></span> <span class='ocrx_word' id='word_1_80' title='bbox 1320 1607 1392 1670; x_wconf 90' lang='lat' dir='ltr'><strong>luce</strong></span> <span class='ocrx_word' id='word_1_81' title='bbox 1417 1606 1553 1686; x_wconf 85' lang='lat' dir='ltr'><strong>vestita,</strong></span> <span class='ocrx_word' id='word_1_82' title='bbox 1585 1603 1644 1668; x_wconf 91' lang='lat' dir='ltr'><strong>sed</strong></span> <span class='ocrx_word' id='word_1_83' title='bbox 1669 1603 1756 1690; x_wconf 93' lang='lat' dir='ltr'><strong>quod</strong></span> <span class='ocrx_word' id='word_1_84' title='bbox 1779 1606 1978 1669; x_wconf 88' lang='lat' dir='ltr'><strong>couveniens</strong></span> <span class='ocrx_word' id='word_1_85' title='bbox 2001 1628 2076 1673; x_wconf 91' lang='lat' dir='ltr'><strong>esse</strong></span> 
     </span>
     <span class='ocr_line' id='line_1_10' title="bbox 420 1706 2076 1797; baseline 0 -23"><span class='ocrx_word' id='word_1_86' title='bbox 420 1715 564 1786; x_wconf 84' lang='lat' dir='ltr'><strong>noverat,</strong></span> <span class='ocrx_word' id='word_1_87' title='bbox 589 1709 658 1774; x_wconf 91' lang='lat' dir='ltr'><strong>siue</strong></span> <span class='ocrx_word' id='word_1_88' title='bbox 680 1715 813 1774; x_wconf 90' lang='lat' dir='ltr'><strong>nostrae</strong></span> <span class='ocrx_word' id='word_1_89' title='bbox 836 1709 976 1774; x_wconf 89' lang='lat' dir='ltr'><strong>actionis</strong></span> <span class='ocrx_word' id='word_1_90' title='bbox 999 1708 1111 1775; x_wconf 85' lang='lat' dir='ltr'><strong>labore</strong></span> <span class='ocrx_word' id='word_1_91' title='bbox 1134 1711 1326 1797; x_wconf 87' lang='lat' dir='ltr'><strong>promeruit;</strong></span> <span class='ocrx_word' id='word_1_92' title='bbox 1351 1731 1424 1774; x_wconf 90' lang='lat' dir='ltr'><strong>cum</strong></span> <span class='ocrx_word' id='word_1_93' title='bbox 1448 1730 1467 1772; x_wconf 91' lang='lat' dir='ltr'><strong>a</strong></span> <span class='ocrx_word' id='word_1_94' title='bbox 1490 1706 1584 1772; x_wconf 92' lang='lat' dir='ltr'><strong>uobis</strong></span> <span class='ocrx_word' id='word_1_95' title='bbox 1608 1706 1769 1772; x_wconf 84' lang='lat' dir='ltr'><strong>divideret</strong></span> <span class='ocrx_word' id='word_1_96' title='bbox 1792 1729 1845 1772; x_wconf 90' lang='lat' dir='ltr'><strong>res</strong></span> <span class='ocrx_word' id='word_1_97' title='bbox 1869 1709 1901 1772; x_wconf 91' lang='lat' dir='ltr'><strong>in</strong></span> <span class='ocrx_word' id='word_1_98' title='bbox 1924 1709 2076 1774; x_wconf 89' lang='lat' dir='ltr'><strong>manibus</strong></span> 
     </span>
     <span class='ocr_line' id='line_1_11' title="bbox 421 1812 2076 1899; baseline -0.001 -22"><span class='ocrx_word' id='word_1_99' title='bbox 421 1813 627 1890; x_wconf 86' lang='lat' dir='ltr'><strong>conlocatas,</strong></span> <span class='ocrx_word' id='word_1_100' title='bbox 658 1813 777 1878; x_wconf 94' lang='lat' dir='ltr'><strong>obtulit</strong></span> <span class='ocrx_word' id='word_1_101' title='bbox 805 1813 904 1897; x_wconf 89' lang='lat' dir='ltr'><strong>longa</strong></span> <span class='ocrx_word' id='word_1_102' title='bbox 927 1813 1069 1878; x_wconf 90' lang='lat' dir='ltr'><strong>statione</strong></span> <span class='ocrx_word' id='word_1_103' title='bbox 1092 1812 1268 1888; x_wconf 89' lang='lat' dir='ltr'><strong>distantes,</strong></span> <span class='ocrx_word' id='word_1_104' title='bbox 1299 1813 1428 1878; x_wconf 85' lang='lat' dir='ltr'><strong>felicius</strong></span> <span class='ocrx_word' id='word_1_105' title='bbox 1452 1812 1600 1876; x_wconf 88' lang='lat' dir='ltr'><strong>tribuens</strong></span> <span class='ocrx_word' id='word_1_106' title='bbox 1624 1812 1932 1897; x_wconf 84' lang='lat' dir='ltr'><strong>necessariaquam</strong></span> <span class='ocrx_word' id='word_1_107' title='bbox 1955 1814 2076 1899; x_wconf 90' lang='lat' dir='ltr'><strong>cupita.</strong></span> 
     </span>
    </p>

    <p class='ocr_par' dir='ltr' id='par_1_5' title="bbox 391 1913 2083 2832">
     <span class='ocr_line' id='line_1_12' title="bbox 391 1913 2077 2002; baseline -0.002 -18"><span class='ocrx_word' id='word_1_108' title='bbox 391 1923 502 2002; x_wconf 88' lang='lat' dir='ltr'><strong>3ergo</strong></span> <span class='ocrx_word' id='word_1_109' title='bbox 525 1915 666 1981; x_wconf 89' lang='lat' dir='ltr'><strong>mundus</strong></span> <span class='ocrx_word' id='word_1_110' title='bbox 690 1917 753 1982; x_wconf 91' lang='lat' dir='ltr'><strong>iste</strong></span> <span class='ocrx_word' id='word_1_111' title='bbox 778 1916 846 1980; x_wconf 89' lang='lat' dir='ltr'><strong>veri</strong></span> <span class='ocrx_word' id='word_1_112' title='bbox 869 1915 991 2000; x_wconf 91' lang='lat' dir='ltr'><strong>aliquid</strong></span> <span class='ocrx_word' id='word_1_113' title='bbox 1013 1915 1134 1981; x_wconf 81' lang='lat' dir='ltr'><strong>habet?</strong></span> <span class='ocrx_word' id='word_1_114' title='bbox 1174 1921 1231 1979; x_wconf 89' lang='lat' dir='ltr'><strong>aut</strong></span> <span class='ocrx_word' id='word_1_115' title='bbox 1255 1917 1281 1979; x_wconf 93' lang='lat' dir='ltr'><strong>si</strong></span> <span class='ocrx_word' id='word_1_116' title='bbox 1305 1915 1415 1993; x_wconf 91' lang='lat' dir='ltr'><strong>habet,</strong></span> <span class='ocrx_word' id='word_1_117' title='bbox 1440 1935 1506 1978; x_wconf 88' lang='lat' dir='ltr'><strong>non</strong></span> <span class='ocrx_word' id='word_1_118' title='bbox 1529 1914 1569 1980; x_wconf 93' lang='lat' dir='ltr'><strong>de</strong></span> <span class='ocrx_word' id='word_1_119' title='bbox 1594 1915 1665 1978; x_wconf 92' lang='lat' dir='ltr'><strong>eius</strong></span> <span class='ocrx_word' id='word_1_120' title='bbox 1687 1913 1816 1979; x_wconf 90' lang='lat' dir='ltr'><strong>dicione</strong></span> <span class='ocrx_word' id='word_1_121' title='bbox 1837 1936 1915 1979; x_wconf 87' lang='lat' dir='ltr'><strong>mox</strong></span> <span class='ocrx_word' id='word_1_122' title='bbox 1932 1917 2077 2002; x_wconf 80' lang='lat' dir='ltr'><strong>rapitur?</strong></span> 
     </span>
     <span class='ocr_line' id='line_1_13' title="bbox 423 2018 2080 2107; baseline -0.001 -21"><span class='ocrx_word' id='word_1_123' title='bbox 423 2021 551 2086; x_wconf 90' lang='lat' dir='ltr'><strong>mentiti</strong></span> <span class='ocrx_word' id='word_1_124' title='bbox 581 2027 657 2084; x_wconf 89' lang='lat' dir='ltr'><strong>sunt</strong></span> <span class='ocrx_word' id='word_1_125' title='bbox 679 2019 827 2084; x_wconf 91' lang='lat' dir='ltr'><strong>homines</strong></span> <span class='ocrx_word' id='word_1_126' title='bbox 850 2021 905 2106; x_wconf 93' lang='lat' dir='ltr'><strong>qui</strong></span> <span class='ocrx_word' id='word_1_127' title='bbox 931 2041 967 2084; x_wconf 90' lang='lat' dir='ltr'><strong>se</strong></span> <span class='ocrx_word' id='word_1_128' title='bbox 991 2019 1143 2083; x_wconf 89' lang='lat' dir='ltr'><strong>iurabant</strong></span> <span class='ocrx_word' id='word_1_129' title='bbox 1166 2019 1316 2104; x_wconf 88' lang='lat' dir='ltr'><strong>accipere</strong></span> <span class='ocrx_word' id='word_1_130' title='bbox 1340 2019 1514 2094; x_wconf 90' lang='lat' dir='ltr'><strong>beneficia,</strong></span> <span class='ocrx_word' id='word_1_131' title='bbox 1545 2019 1573 2081; x_wconf 94' lang='lat' dir='ltr'><strong>si</strong></span> <span class='ocrx_word' id='word_1_132' title='bbox 1596 2018 1780 2084; x_wconf 85' lang='lat' dir='ltr'><strong>dedissent:</strong></span> <span class='ocrx_word' id='word_1_133' title='bbox 1814 2019 1913 2083; x_wconf 88' lang='lat' dir='ltr'><strong>etiam</strong></span> <span class='ocrx_word' id='word_1_134' title='bbox 1937 2041 2080 2107; x_wconf 91' lang='lat' dir='ltr'><strong>superna</strong></span> 
     </span>
     <span class='ocr_line' id='line_1_14' title="bbox 422 2121 2080 2211; baseline -0.001 -23"><span class='ocrx_word' id='word_1_135' title='bbox 422 2123 670 2211; x_wconf 90' lang='lat' dir='ltr'><strong>dispensatione</strong></span> <span class='ocrx_word' id='word_1_136' title='bbox 694 2123 855 2188; x_wconf 89' lang='lat' dir='ltr'><strong>coniuncti</strong></span> <span class='ocrx_word' id='word_1_137' title='bbox 880 2131 965 2204; x_wconf 91' lang='lat' dir='ltr'><strong>sunt,</strong></span> <span class='ocrx_word' id='word_1_138' title='bbox 988 2145 1008 2188; x_wconf 91' lang='lat' dir='ltr'><strong>a</strong></span> <span class='ocrx_word' id='word_1_139' title='bbox 1032 2123 1149 2209; x_wconf 92' lang='lat' dir='ltr'><strong>quibus</strong></span> <span class='ocrx_word' id='word_1_140' title='bbox 1175 2144 1234 2187; x_wconf 92' lang='lat' dir='ltr'><strong>nec</strong></span> <span class='ocrx_word' id='word_1_141' title='bbox 1259 2122 1446 2208; x_wconf 90' lang='lat' dir='ltr'><strong>accepimus</strong></span> <span class='ocrx_word' id='word_1_142' title='bbox 1469 2121 1696 2187; x_wconf 88' lang='lat' dir='ltr'><strong>blandimenta</strong></span> <span class='ocrx_word' id='word_1_143' title='bbox 1718 2143 1780 2187; x_wconf 90' lang='lat' dir='ltr'><strong>nee</strong></span> <span class='ocrx_word' id='word_1_144' title='bbox 1796 2122 1952 2189; x_wconf 88' lang='lat' dir='ltr'><strong>dedimus.</strong></span> <span class='ocrx_word' id='word_1_145' title='bbox 1989 2129 2080 2187; x_wconf 87' lang='lat' dir='ltr'><strong>certa</strong></span> 
     </span>
     <span class='ocr_line' id='line_1_15' title="bbox 422 2225 2079 2312; baseline 0.001 -21"><span class='ocrx_word' id='word_1_146' title='bbox 422 2226 463 2292; x_wconf 93' lang='lat' dir='ltr'><strong>de</strong></span> <span class='ocrx_word' id='word_1_147' title='bbox 487 2225 719 2312; x_wconf 87' lang='lat' dir='ltr'><strong>desperatione</strong></span> <span class='ocrx_word' id='word_1_148' title='bbox 743 2226 941 2292; x_wconf 86' lang='lat' dir='ltr'><strong>confidentia</strong></span> <span class='ocrx_word' id='word_1_149' title='bbox 966 2235 999 2292; x_wconf 91' lang='lat' dir='ltr'><strong>et</strong></span> <span class='ocrx_word' id='word_1_150' title='bbox 1023 2225 1216 2292; x_wconf 90' lang='lat' dir='ltr'><strong>nebulosum</strong></span> <span class='ocrx_word' id='word_1_151' title='bbox 1240 2225 1281 2291; x_wconf 91' lang='lat' dir='ltr'><strong>de</strong></span> <span class='ocrx_word' id='word_1_152' title='bbox 1305 2227 1475 2312; x_wconf 88' lang='lat' dir='ltr'><strong>publicata</strong></span> <span class='ocrx_word' id='word_1_153' title='bbox 1498 2227 1711 2311; x_wconf 86' lang='lat' dir='ltr'><strong>promissione</strong></span> <span class='ocrx_word' id='word_1_154' title='bbox 1736 2229 1961 2292; x_wconf 88' lang='lat' dir='ltr'><strong>coustitutum!</strong></span> <span class='ocrx_word' id='word_1_155' title='bbox 2001 2249 2079 2292; x_wconf 85' lang='lat' dir='ltr'><strong>vere</strong></span> 
     </span>
     <span class='ocr_line' id='line_1_16' title="bbox 424 2330 2079 2417; baseline 0 -23"><span class='ocrx_word' id='word_1_156' title='bbox 424 2330 584 2411; x_wconf 88' lang='lat' dir='ltr'><strong>dicerem,</strong></span> <span class='ocrx_word' id='word_1_157' title='bbox 608 2331 636 2396; x_wconf 90' lang='lat' dir='ltr'><strong>si</strong></span> <span class='ocrx_word' id='word_1_158' title='bbox 658 2330 786 2396; x_wconf 90' lang='lat' dir='ltr'><strong>doleret</strong></span> <span class='ocrx_word' id='word_1_159' title='bbox 808 2331 872 2396; x_wconf 91' lang='lat' dir='ltr'><strong>ista</strong></span> <span class='ocrx_word' id='word_1_160' title='bbox 895 2331 1062 2408; x_wconf 86' lang='lat' dir='ltr'><strong>discissio,</strong></span> <span class='ocrx_word' id='word_1_161' title='bbox 1093 2331 1178 2417; x_wconf 92' lang='lat' dir='ltr'><strong>quod</strong></span> <span class='ocrx_word' id='word_1_162' title='bbox 1202 2332 1285 2396; x_wconf 91' lang='lat' dir='ltr'><strong>tales</strong></span> <span class='ocrx_word' id='word_1_163' title='bbox 1308 2331 1458 2396; x_wconf 89' lang='lat' dir='ltr'><strong>homines</strong></span> <span class='ocrx_word' id='word_1_164' title='bbox 1482 2351 1541 2394; x_wconf 91' lang='lat' dir='ltr'><strong>nec</strong></span> <span class='ocrx_word' id='word_1_165' title='bbox 1565 2330 1638 2406; x_wconf 90' lang='lat' dir='ltr'><strong>illa,</strong></span> <span class='ocrx_word' id='word_1_166' title='bbox 1668 2351 1764 2415; x_wconf 88' lang='lat' dir='ltr'><strong>quam</strong></span> <span class='ocrx_word' id='word_1_167' title='bbox 1788 2330 1894 2395; x_wconf 91' lang='lat' dir='ltr'><strong>dicitis</strong></span> <span class='ocrx_word' id='word_1_168' title='bbox 1918 2331 2079 2396; x_wconf 88' lang='lat' dir='ltr'><strong>nutricem</strong></span> 
     </span>
     <span class='ocr_line' id='line_1_17' title="bbox 393 2433 2080 2522; baseline -0.002 -20"><span class='ocrx_word' id='word_1_169' title='bbox 393 2433 631 2502; x_wconf 65' lang='lat' dir='ltr'><strong>emendacium</strong></span> <span class='ocrx_word' id='word_1_170' title='bbox 655 2455 738 2516; x_wconf 91' lang='lat' dir='ltr'><strong>esse,</strong></span> <span class='ocrx_word' id='word_1_171' title='bbox 761 2433 895 2519; x_wconf 89' lang='lat' dir='ltr'><strong>Liguria</strong></span> <span class='ocrx_word' id='word_1_172' title='bbox 918 2437 1079 2519; x_wconf 88' lang='lat' dir='ltr'><strong>potuisset</strong></span> <span class='ocrx_word' id='word_1_173' title='bbox 1102 2437 1263 2501; x_wconf 90' lang='lat' dir='ltr'><strong>emittere.</strong></span> <span class='ocrx_word' id='word_1_174' title='bbox 1309 2435 1387 2522; x_wconf 94' lang='lat' dir='ltr'><strong>quid</strong></span> <span class='ocrx_word' id='word_1_175' title='bbox 1410 2455 1545 2520; x_wconf 83' lang='lat' dir='ltr'><strong>arguam</strong></span> <span class='ocrx_word' id='word_1_176' title='bbox 1568 2435 1657 2520; x_wconf 92' lang='lat' dir='ltr'><strong>prius</strong></span> <span class='ocrx_word' id='word_1_177' title='bbox 1680 2436 1714 2498; x_wconf 94' lang='lat' dir='ltr'><strong>in</strong></span> <span class='ocrx_word' id='word_1_178' title='bbox 1738 2435 1817 2498; x_wconf 87' lang='lat' dir='ltr'><strong>illis:</strong></span> <span class='ocrx_word' id='word_1_179' title='bbox 1849 2435 1999 2499; x_wconf 88' lang='lat' dir='ltr'><strong>fallaciae</strong></span> <span class='ocrx_word' id='word_1_180' title='bbox 2022 2442 2080 2498; x_wconf 88' lang='lat' dir='ltr'><strong>aut</strong></span> 
     </span>
     <span class='ocr_line' id='line_1_18' title="bbox 425 2537 2082 2626; baseline 0.003 -24"><span class='ocrx_word' id='word_1_181' title='bbox 425 2538 585 2603; x_wconf 87' lang='lat' dir='ltr'><strong>fatuitatis</strong></span> <span class='ocrx_word' id='word_1_182' title='bbox 617 2537 779 2604; x_wconf 83' lang='lat' dir='ltr'><strong>obscena?</strong></span> <span class='ocrx_word' id='word_1_183' title='bbox 825 2538 1038 2623; x_wconf 92' lang='lat' dir='ltr'><strong>perdiderunt</strong></span> <span class='ocrx_word' id='word_1_184' title='bbox 1064 2539 1163 2614; x_wconf 89' lang='lat' dir='ltr'><strong>duos,</strong></span> <span class='ocrx_word' id='word_1_185' title='bbox 1193 2543 1247 2626; x_wconf 93' lang='lat' dir='ltr'><strong>qui</strong></span> <span class='ocrx_word' id='word_1_186' title='bbox 1272 2541 1357 2605; x_wconf 91' lang='lat' dir='ltr'><strong>inter</strong></span> <span class='ocrx_word' id='word_1_187' title='bbox 1380 2562 1416 2605; x_wconf 92' lang='lat' dir='ltr'><strong>se</strong></span> <span class='ocrx_word' id='word_1_188' title='bbox 1441 2545 1627 2604; x_wconf 89' lang='lat' dir='ltr'><strong>sanctorum</strong></span> <span class='ocrx_word' id='word_1_189' title='bbox 1651 2539 1882 2623; x_wconf 89' lang='lat' dir='ltr'><strong>impetratione</strong></span> <span class='ocrx_word' id='word_1_190' title='bbox 1906 2540 2082 2608; x_wconf 85' lang='lat' dir='ltr'><strong>sociantur.</strong></span> 
     </span>
     <span class='ocr_line' id='line_1_19' title="bbox 424 2641 2083 2729; baseline -0.002 -22"><span class='ocrx_word' id='word_1_191' title='bbox 424 2663 483 2729; x_wconf 90' lang='lat' dir='ltr'><strong>per</strong></span> <span class='ocrx_word' id='word_1_192' title='bbox 520 2662 601 2727; x_wconf 90' lang='lat' dir='ltr'><strong>quos</strong></span> <span class='ocrx_word' id='word_1_193' title='bbox 633 2643 796 2728; x_wconf 90' lang='lat' dir='ltr'><strong>potuisset</strong></span> <span class='ocrx_word' id='word_1_194' title='bbox 827 2642 883 2706; x_wconf 93' lang='lat' dir='ltr'><strong>diu</strong></span> <span class='ocrx_word' id='word_1_195' title='bbox 917 2644 1053 2708; x_wconf 88' lang='lat' dir='ltr'><strong>iacentis</strong></span> <span class='ocrx_word' id='word_1_196' title='bbox 1085 2651 1119 2708; x_wconf 92' lang='lat' dir='ltr'><strong>et</strong></span> <span class='ocrx_word' id='word_1_197' title='bbox 1152 2643 1184 2707; x_wconf 93' lang='lat' dir='ltr'><strong>in</strong></span> <span class='ocrx_word' id='word_1_198' title='bbox 1217 2643 1366 2708; x_wconf 91' lang='lat' dir='ltr'><strong>umbram</strong></span> <span class='ocrx_word' id='word_1_199' title='bbox 1402 2650 1536 2707; x_wconf 90' lang='lat' dir='ltr'><strong>coactae</strong></span> <span class='ocrx_word' id='word_1_200' title='bbox 1570 2641 1712 2706; x_wconf 82' lang='lat' dir='ltr'><strong>familiae</strong></span> <span class='ocrx_word' id='word_1_201' title='bbox 1747 2642 1891 2706; x_wconf 91' lang='lat' dir='ltr'><strong>scintilla</strong></span> <span class='ocrx_word' id='word_1_202' title='bbox 1925 2643 2083 2729; x_wconf 87' lang='lat' dir='ltr'><strong>reparari.</strong></span> 
     </span>
     <span class='ocr_line' id='line_1_20' title="bbox 426 2743 2082 2832; baseline -0.001 -22"><span class='ocrx_word' id='word_1_203' title='bbox 426 2766 587 2811; x_wconf 89' lang='lat' dir='ltr'><strong>memores</strong></span> <span class='ocrx_word' id='word_1_204' title='bbox 618 2746 698 2811; x_wconf 88' lang='lat' dir='ltr'><strong>estis</strong></span> <span class='ocrx_word' id='word_1_205' title='bbox 729 2745 884 2810; x_wconf 91' lang='lat' dir='ltr'><strong>domnum</strong></span> <span class='ocrx_word' id='word_1_206' title='bbox 907 2746 1070 2811; x_wconf 75' lang='lat' dir='ltr'><strong>Asianum</strong></span> <span class='ocrx_word' id='word_1_207' title='bbox 1095 2746 1188 2811; x_wconf 88' lang='lat' dir='ltr'><strong>vobis</strong></span> <span class='ocrx_word' id='word_1_208' title='bbox 1220 2748 1253 2810; x_wconf 93' lang='lat' dir='ltr'><strong>in</strong></span> <span class='ocrx_word' id='word_1_209' title='bbox 1285 2747 1428 2811; x_wconf 86' lang='lat' dir='ltr'><strong>ecclesia</strong></span> <span class='ocrx_word' id='word_1_210' title='bbox 1460 2745 1599 2822; x_wconf 83' lang='lat' dir='ltr'><strong>dixisse,</strong></span> <span class='ocrx_word' id='word_1_211' title='bbox 1631 2743 1729 2809; x_wconf 90' lang='lat' dir='ltr'><strong>deum</strong></span> <span class='ocrx_word' id='word_1_212' title='bbox 1762 2766 1797 2810; x_wconf 91' lang='lat' dir='ltr'><strong>se</strong></span> <span class='ocrx_word' id='word_1_213' title='bbox 1826 2745 1866 2810; x_wconf 90' lang='lat' dir='ltr'><strong>de</strong></span> <span class='ocrx_word' id='word_1_214' title='bbox 1890 2746 1947 2809; x_wconf 90' lang='lat' dir='ltr'><strong>illa</strong></span> <span class='ocrx_word' id='word_1_215' title='bbox 1969 2747 2082 2832; x_wconf 89' lang='lat' dir='ltr'><strong>puella</strong></span> 
     </span>
    </p>
   </div>
   <div class='ocr_carea' id='block_1_4' title="bbox 307 2847 2148 3248">
    <p class='ocr_par' dir='ltr' id='par_1_6' title="bbox 395 2847 2148 3040">
     <span class='ocr_line' id='line_1_21' title="bbox 426 2847 2080 2936; baseline 0.001 -23"><span class='ocrx_word' id='word_1_216' title='bbox 426 2849 613 2935; x_wconf 88' lang='lat' dir='ltr'><strong>specialiter</strong></span> <span class='ocrx_word' id='word_1_217' title='bbox 643 2870 707 2913; x_wconf 89' lang='lat' dir='ltr'><strong>non</strong></span> <span class='ocrx_word' id='word_1_218' title='bbox 735 2870 861 2934; x_wconf 89' lang='lat' dir='ltr'><strong>rogare.</strong></span> <span class='ocrx_word' id='word_1_219' title='bbox 907 2848 980 2914; x_wconf 85' lang='lat' dir='ltr'><strong>vide</strong></span> <span class='ocrx_word' id='word_1_220' title='bbox 1011 2851 1204 2936; x_wconf 90' lang='lat' dir='ltr'><strong>progeniem</strong></span> <span class='ocrx_word' id='word_1_221' title='bbox 1239 2851 1361 2915; x_wconf 89' lang='lat' dir='ltr'><strong>sanetis</strong></span> <span class='ocrx_word' id='word_1_222' title='bbox 1395 2848 1597 2914; x_wconf 89' lang='lat' dir='ltr'><strong>creatoribus</strong></span> <span class='ocrx_word' id='word_1_223' title='bbox 1625 2847 1667 2913; x_wconf 87' lang='lat' dir='ltr'><strong>ad</strong></span> <span class='ocrx_word' id='word_1_224' title='bbox 1694 2869 1827 2912; x_wconf 88' lang='lat' dir='ltr'><strong>usuram</strong></span> <span class='ocrx_word' id='word_1_225' title='bbox 1849 2849 1936 2914; x_wconf 86' lang='lat' dir='ltr'><strong>vitae</strong></span> <span class='ocrx_word' id='word_1_226' title='bbox 1963 2869 2080 2935; x_wconf 90' lang='lat' dir='ltr'><strong>prooe-</strong></span> 
     </span>
     <span class='ocr_line' id='line_1_22' title="bbox 395 2952 2148 3040; baseline -0.001 -22"><span class='ocrx_word' id='word_1_227' title='bbox 395 2952 574 3018; x_wconf 74' lang='lat' dir='ltr'><strong>edentem!</strong></span> <span class='ocrx_word' id='word_1_228' title='bbox 620 2953 837 3037; x_wconf 86' lang='lat' dir='ltr'><strong>intellegebat</strong></span> <span class='ocrx_word' id='word_1_229' title='bbox 869 2956 943 3039; x_wconf 92' lang='lat' dir='ltr'><strong>plus</strong></span> <span class='ocrx_word' id='word_1_230' title='bbox 968 2977 1003 3019; x_wconf 91' lang='lat' dir='ltr'><strong>se</strong></span> <span class='ocrx_word' id='word_1_231' title='bbox 1033 2961 1205 3040; x_wconf 90' lang='lat' dir='ltr'><strong>parentum</strong></span> <span class='ocrx_word' id='word_1_232' title='bbox 1234 2954 1364 3019; x_wconf 89' lang='lat' dir='ltr'><strong>fletibus</strong></span> <span class='ocrx_word' id='word_1_233' title='bbox 1394 2974 1491 3039; x_wconf 92' lang='lat' dir='ltr'><strong>quam</strong></span> <span class='ocrx_word' id='word_1_234' title='bbox 1520 2953 1649 3016; x_wconf 91' lang='lat' dir='ltr'><strong>actione</strong></span> <span class='ocrx_word' id='word_1_235' title='bbox 1680 2958 1913 3038; x_wconf 92' lang='lat' dir='ltr'><strong>promoturum.</strong></span> <span class='ocrx_word' id='word_1_236' title='bbox 1958 2954 2081 3038; x_wconf 86' lang='lat' dir='ltr'><strong>gratias</strong></span> <span class='ocrx_word' id='word_1_237' title='bbox 2138 2972 2148 3009; x_wconf 75' lang='grc'><strong>’-</strong></span> 
     </span>
    </p>

    <p class='ocr_par' dir='ltr' id='par_1_7' title="bbox 427 3056 2083 3145">
     <span class='ocr_line' id='line_1_23' title="bbox 427 3056 2083 3145; baseline 0 -25"><span class='ocrx_word' id='word_1_238' title='bbox 427 3056 497 3136; x_wconf 91' lang='lat' dir='ltr'><strong>tibi,</strong></span> <span class='ocrx_word' id='word_1_239' title='bbox 522 3057 727 3143; x_wconf 89' lang='lat' dir='ltr'><strong>omnipotens</strong></span> <span class='ocrx_word' id='word_1_240' title='bbox 749 3057 841 3136; x_wconf 89' lang='lat' dir='ltr'><strong>deus,</strong></span> <span class='ocrx_word' id='word_1_241' title='bbox 865 3059 998 3142; x_wconf 89' lang='lat' dir='ltr'><strong>gratias,</strong></span> <span class='ocrx_word' id='word_1_242' title='bbox 1022 3065 1130 3122; x_wconf 90' lang='lat' dir='ltr'><strong>rector</strong></span> <span class='ocrx_word' id='word_1_243' title='bbox 1146 3057 1302 3140; x_wconf 88' lang='lat' dir='ltr'><strong>fidelium,</strong></span> <span class='ocrx_word' id='word_1_244' title='bbox 1327 3059 1382 3145; x_wconf 90' lang='lat' dir='ltr'><strong>qui</strong></span> <span class='ocrx_word' id='word_1_245' title='bbox 1399 3057 1538 3122; x_wconf 86' lang='lat' dir='ltr'><strong>ancillae</strong></span> <span class='ocrx_word' id='word_1_246' title='bbox 1555 3062 1631 3120; x_wconf 91' lang='lat' dir='ltr'><strong>tuae</strong></span> <span class='ocrx_word' id='word_1_247' title='bbox 1647 3063 1722 3120; x_wconf 85' lang='lat' dir='ltr'><strong>vota</strong></span> <span class='ocrx_word' id='word_1_248' title='bbox 1739 3056 1916 3142; x_wconf 89' lang='lat' dir='ltr'><strong>respiciens</strong></span> <span class='ocrx_word' id='word_1_249' title='bbox 1932 3057 2083 3142; x_wconf 79' lang='lat' dir='ltr'><strong>profetae</strong></span> 
     </span>
    </p>

    <p class='ocr_par' dir='ltr' id='par_1_8' title="bbox 307 3159 2083 3248">
     <span class='ocr_line' id='line_1_24' title="bbox 307 3159 2083 3248; baseline -0.001 -24"><span class='ocrx_word' id='word_1_250' title='bbox 307 3159 388 3203; x_wconf 57' lang='grc'><strong>[1111-</strong></span> <span class='ocrx_word' id='word_1_251' title='bbox 428 3161 460 3224; x_wconf 93' lang='lat' dir='ltr'><strong>in</strong></span> <span class='ocrx_word' id='word_1_252' title='bbox 484 3182 525 3226; x_wconf 88' lang='lat' dir='ltr'><strong>ea</strong></span> <span class='ocrx_word' id='word_1_253' title='bbox 546 3161 800 3246; x_wconf 88' lang='lat' dir='ltr'><strong>pollicitationes</strong></span> <span class='ocrx_word' id='word_1_254' title='bbox 824 3161 958 3247; x_wconf 86' lang='lat' dir='ltr'><strong>inplesti</strong></span> <span class='ocrx_word' id='word_1_255' title='bbox 982 3161 1137 3226; x_wconf 90' lang='lat' dir='ltr'><strong>dicentis:</strong></span> <span class='ocrx_word' id='word_1_256' title='bbox 1170 3162 1289 3226; x_wconf 90' lang='lat' dir='ltr'><strong>‘anima</strong></span> <span class='ocrx_word' id='word_1_257' title='bbox 1312 3163 1383 3227; x_wconf 92' lang='lat' dir='ltr'><strong>eius</strong></span> <span class='ocrx_word' id='word_1_258' title='bbox 1407 3162 1439 3225; x_wconf 92' lang='lat' dir='ltr'><strong>in</strong></span> <span class='ocrx_word' id='word_1_259' title='bbox 1463 3161 1556 3226; x_wconf 90' lang='lat' dir='ltr'><strong>bonis</strong></span> <span class='ocrx_word' id='word_1_260' title='bbox 1578 3159 1811 3248; x_wconf 87' lang='lat' dir='ltr'><strong>demorabitur,</strong></span> <span class='ocrx_word' id='word_1_261' title='bbox 1835 3167 1868 3224; x_wconf 90' lang='lat' dir='ltr'><strong>et</strong></span> <span class='ocrx_word' id='word_1_262' title='bbox 1885 3181 1995 3224; x_wconf 91' lang='lat' dir='ltr'><strong>semen</strong></span> <span class='ocrx_word' id='word_1_263' title='bbox 2012 3161 2083 3224; x_wconf 91' lang='lat' dir='ltr'><strong>eius</strong></span> 
     </span>
    </p>
   </div>
   <div class='ocr_carea' id='block_1_5' title="bbox 309 3217 2084 3350">
    <p class='ocr_par' dir='ltr' id='par_1_9' title="bbox 309 3217 2084 3350">
     <span class='ocr_line' id='line_1_25' title="bbox 309 3217 2084 3350; baseline 0.003 -27"><span class='ocrx_word' id='word_1_264' title='bbox 309 3217 343 3264; x_wconf 50' lang='grc' dir='ltr'><strong>π’</strong></span> <span class='ocrx_word' id='word_1_265' title='bbox 360 3218 392 3257; x_wconf 48' lang='grc' dir='ltr'><strong>ιδ’</strong></span> <span class='ocrx_word' id='word_1_266' title='bbox 428 3261 626 3330; x_wconf 88' lang='lat' dir='ltr'><strong>hereditabit</strong></span> <span class='ocrx_word' id='word_1_267' title='bbox 649 3262 793 3330; x_wconf 87' lang='lat' dir='ltr'><strong>terram&#39;.</strong></span> <span class='ocrx_word' id='word_1_268' title='bbox 831 3263 964 3350; x_wconf 86' lang='lat' dir='ltr'><strong>perfice,</strong></span> <span class='ocrx_word' id='word_1_269' title='bbox 988 3265 1041 3350; x_wconf 91' lang='lat' dir='ltr'><strong>pie</strong></span> <span class='ocrx_word' id='word_1_270' title='bbox 1066 3264 1200 3344; x_wconf 89' lang='lat' dir='ltr'><strong>arbiter,</strong></span> <span class='ocrx_word' id='word_1_271' title='bbox 1225 3265 1312 3350; x_wconf 92' lang='lat' dir='ltr'><strong>quod</strong></span> <span class='ocrx_word' id='word_1_272' title='bbox 1336 3265 1505 3344; x_wconf 87' lang='lat' dir='ltr'><strong>remansit,</strong></span> <span class='ocrx_word' id='word_1_273' title='bbox 1531 3272 1564 3328; x_wconf 95' lang='lat' dir='ltr'><strong>et</strong></span> <span class='ocrx_word' id='word_1_274' title='bbox 1588 3265 1621 3328; x_wconf 89' lang='lat' dir='ltr'><strong>in</strong></span> <span class='ocrx_word' id='word_1_275' title='bbox 1646 3265 1782 3328; x_wconf 88' lang='lat' dir='ltr'><strong>alterius</strong></span> <span class='ocrx_word' id='word_1_276' title='bbox 1800 3265 1948 3329; x_wconf 81' lang='lat' dir='ltr'><strong>servitui</strong></span> <span class='ocrx_word' id='word_1_277' title='bbox 1965 3265 2084 3349; x_wconf 90' lang='lat' dir='ltr'><strong>copula</strong></span> 
     </span>
    </p>
   </div>
   <div class='ocr_carea' id='block_1_6' title="bbox 395 3366 2165 4283">
    <p class='ocr_par' dir='ltr' id='par_1_10' title="bbox 395 3366 2157 3764">
     <span class='ocr_line' id='line_1_26' title="bbox 395 3366 2083 3454; baseline -0.001 -20"><span class='ocrx_word' id='word_1_278' title='bbox 395 3373 565 3434; x_wconf 83' lang='lat' dir='ltr'><strong>bserenus</strong></span> <span class='ocrx_word' id='word_1_279' title='bbox 596 3367 743 3453; x_wconf 86' lang='lat' dir='ltr'><strong>adspira!</strong></span> <span class='ocrx_word' id='word_1_280' title='bbox 789 3367 869 3431; x_wconf 91' lang='lat' dir='ltr'><strong>mibi</strong></span> <span class='ocrx_word' id='word_1_281' title='bbox 898 3366 925 3430; x_wconf 94' lang='lat' dir='ltr'><strong>si</strong></span> <span class='ocrx_word' id='word_1_282' title='bbox 954 3368 1036 3431; x_wconf 88' lang='lat' dir='ltr'><strong>haee</strong></span> <span class='ocrx_word' id='word_1_283' title='bbox 1061 3366 1202 3433; x_wconf 87' lang='lat' dir='ltr'><strong>videnda</strong></span> <span class='ocrx_word' id='word_1_284' title='bbox 1224 3367 1373 3448; x_wconf 90' lang='lat' dir='ltr'><strong>morbus,</strong></span> <span class='ocrx_word' id='word_1_285' title='bbox 1406 3367 1462 3453; x_wconf 91' lang='lat' dir='ltr'><strong>qui</strong></span> <span class='ocrx_word' id='word_1_286' title='bbox 1486 3369 1549 3431; x_wconf 90' lang='lat' dir='ltr'><strong>iam</strong></span> <span class='ocrx_word' id='word_1_287' title='bbox 1572 3367 1704 3432; x_wconf 87' lang='lat' dir='ltr'><strong>vitalem</strong></span> <span class='ocrx_word' id='word_1_288' title='bbox 1729 3367 1983 3454; x_wconf 86' lang='lat' dir='ltr'><strong>praeoccupavit</strong></span> <span class='ocrx_word' id='word_1_289' title='bbox 2005 3367 2083 3432; x_wconf 92' lang='lat' dir='ltr'><strong>sub·</strong></span> 
     </span>
     <span class='ocr_line' id='line_1_27' title="bbox 428 3470 2157 3557; baseline -0.001 -21"><span class='ocrx_word' id='word_1_290' title='bbox 428 3471 599 3552; x_wconf 85' lang='lat' dir='ltr'><strong>stantiam,</strong></span> <span class='ocrx_word' id='word_1_291' title='bbox 629 3492 694 3536; x_wconf 92' lang='lat' dir='ltr'><strong>non</strong></span> <span class='ocrx_word' id='word_1_292' title='bbox 722 3471 893 3555; x_wconf 89' lang='lat' dir='ltr'><strong>relinquit,</strong></span> <span class='ocrx_word' id='word_1_293' title='bbox 923 3471 1036 3536; x_wconf 81' lang='lat' dir='ltr'><strong>videat</strong></span> <span class='ocrx_word' id='word_1_294' title='bbox 1062 3470 1103 3535; x_wconf 93' lang='lat' dir='ltr'><strong>de</strong></span> <span class='ocrx_word' id='word_1_295' title='bbox 1135 3472 1199 3535; x_wconf 94' lang='lat' dir='ltr'><strong>illis</strong></span> <span class='ocrx_word' id='word_1_296' title='bbox 1227 3471 1314 3537; x_wconf 91' lang='lat' dir='ltr'><strong>bona</strong></span> <span class='ocrx_word' id='word_1_297' title='bbox 1343 3477 1439 3557; x_wconf 90' lang='lat' dir='ltr'><strong>pater</strong></span> <span class='ocrx_word' id='word_1_298' title='bbox 1467 3477 1500 3537; x_wconf 93' lang='lat' dir='ltr'><strong>et</strong></span> <span class='ocrx_word' id='word_1_299' title='bbox 1529 3472 1581 3536; x_wconf 92' lang='lat' dir='ltr'><strong>avi</strong></span> <span class='ocrx_word' id='word_1_300' title='bbox 1611 3472 1789 3557; x_wconf 84' lang='lat' dir='ltr'><strong>proavique</strong></span> <span class='ocrx_word' id='word_1_301' title='bbox 1812 3479 1889 3536; x_wconf 90' lang='lat' dir='ltr'><strong>ante</strong></span> <span class='ocrx_word' id='word_1_302' title='bbox 1912 3472 2083 3536; x_wconf 88' lang='lat' dir='ltr'><strong>transitum</strong></span> <span class='ocrx_word' id='word_1_303' title='bbox 2140 3489 2157 3526; x_wconf 63' lang='grc'><strong>1-</strong></span> 
     </span>
     <span class='ocr_line' id='line_1_28' title="bbox 428 3575 2084 3661; baseline -0.002 -21"><span class='ocrx_word' id='word_1_304' title='bbox 428 3593 523 3640; x_wconf 90' lang='lat' dir='ltr'><strong>suum</strong></span> <span class='ocrx_word' id='word_1_305' title='bbox 557 3596 677 3640; x_wconf 90' lang='lat' dir='ltr'><strong>nomen</strong></span> <span class='ocrx_word' id='word_1_306' title='bbox 715 3575 865 3661; x_wconf 85' lang='lat' dir='ltr'><strong>accipiat.</strong></span> <span class='ocrx_word' id='word_1_307' title='bbox 917 3595 970 3640; x_wconf 89' lang='lat' dir='ltr'><strong>me</strong></span> <span class='ocrx_word' id='word_1_308' title='bbox 1004 3582 1114 3640; x_wconf 88' lang='lat' dir='ltr'><strong>tamen</strong></span> <span class='ocrx_word' id='word_1_309' title='bbox 1147 3575 1296 3660; x_wconf 89' lang='lat' dir='ltr'><strong>quamvis</strong></span> <span class='ocrx_word' id='word_1_310' title='bbox 1331 3579 1541 3661; x_wconf 89' lang='lat' dir='ltr'><strong>peccatorem</strong></span> <span class='ocrx_word' id='word_1_311' title='bbox 1572 3575 1678 3640; x_wconf 87' lang='lat' dir='ltr'><strong>adhuc</strong></span> <span class='ocrx_word' id='word_1_312' title='bbox 1709 3577 1815 3660; x_wconf 89' lang='lat' dir='ltr'><strong>gratia</strong></span> <span class='ocrx_word' id='word_1_313' title='bbox 1847 3575 1990 3660; x_wconf 86' lang='lat' dir='ltr'><strong>superna</strong></span> <span class='ocrx_word' id='word_1_314' title='bbox 2019 3594 2084 3638; x_wconf 91' lang='lat' dir='ltr'><strong>non</strong></span> 
     </span>
     <span class='ocr_line' id='line_1_29' title="bbox 428 3677 2084 3764; baseline -0.001 -21"><span class='ocrx_word' id='word_1_315' title='bbox 428 3677 566 3758; x_wconf 88' lang='lat' dir='ltr'><strong>deserit,</strong></span> <span class='ocrx_word' id='word_1_316' title='bbox 597 3680 672 3764; x_wconf 90' lang='lat' dir='ltr'><strong>quia</strong></span> <span class='ocrx_word' id='word_1_317' title='bbox 701 3677 957 3743; x_wconf 90' lang='lat' dir='ltr'><strong>admonitionem</strong></span> <span class='ocrx_word' id='word_1_318' title='bbox 985 3679 1138 3742; x_wconf 89' lang='lat' dir='ltr'><strong>cautione</strong></span> <span class='ocrx_word' id='word_1_319' title='bbox 1170 3679 1359 3764; x_wconf 75' lang='lat' dir='ltr'><strong>praevenio.</strong></span> <span class='ocrx_word' id='word_1_320' title='bbox 1405 3700 1479 3744; x_wconf 89' lang='lat' dir='ltr'><strong>nam</strong></span> <span class='ocrx_word' id='word_1_321' title='bbox 1511 3679 1676 3744; x_wconf 87' lang='lat' dir='ltr'><strong>desideria</strong></span> <span class='ocrx_word' id='word_1_322' title='bbox 1698 3700 1787 3758; x_wconf 91' lang='lat' dir='ltr'><strong>mea,</strong></span> <span class='ocrx_word' id='word_1_323' title='bbox 1818 3699 1859 3742; x_wconf 86' lang='lat' dir='ltr'><strong>ne</strong></span> <span class='ocrx_word' id='word_1_324' title='bbox 1883 3679 1985 3763; x_wconf 85' lang='lat' dir='ltr'><strong>legati</strong></span> <span class='ocrx_word' id='word_1_325' title='bbox 2007 3699 2084 3763; x_wconf 90' lang='lat' dir='ltr'><strong>pro-</strong></span> 
     </span>
    </p>

    <p class='ocr_par' dir='ltr' id='par_1_11' title="bbox 399 3780 2165 4283">
     <span class='ocr_line' id='line_1_30' title="bbox 399 3780 2084 3868; baseline -0.005 -17"><span class='ocrx_word' id='word_1_326' title='bbox 399 3781 577 3851; x_wconf 84' lang='lat' dir='ltr'><strong>&#39;lvincialis</strong></span> <span class='ocrx_word' id='word_1_327' title='bbox 600 3801 719 3846; x_wconf 89' lang='lat' dir='ltr'><strong>nomen</strong></span> <span class='ocrx_word' id='word_1_328' title='bbox 744 3781 945 3867; x_wconf 86' lang='lat' dir='ltr'><strong>acciperem,</strong></span> <span class='ocrx_word' id='word_1_329' title='bbox 977 3782 1055 3846; x_wconf 89' lang='lat' dir='ltr'><strong>licet</strong></span> <span class='ocrx_word' id='word_1_330' title='bbox 1077 3802 1151 3846; x_wconf 91' lang='lat' dir='ltr'><strong>eum</strong></span> <span class='ocrx_word' id='word_1_331' title='bbox 1175 3781 1287 3846; x_wconf 92' lang='lat' dir='ltr'><strong>dolore</strong></span> <span class='ocrx_word' id='word_1_332' title='bbox 1311 3782 1475 3868; x_wconf 90' lang='lat' dir='ltr'><strong>suspendi.</strong></span> <span class='ocrx_word' id='word_1_333' title='bbox 1523 3783 1632 3862; x_wconf 88' lang='lat' dir='ltr'><strong>timui,</strong></span> <span class='ocrx_word' id='word_1_334' title='bbox 1657 3804 1698 3848; x_wconf 89' lang='lat' dir='ltr'><strong>ne</strong></span> <span class='ocrx_word' id='word_1_335' title='bbox 1722 3789 1779 3846; x_wconf 88' lang='lat' dir='ltr'><strong>aut</strong></span> <span class='ocrx_word' id='word_1_336' title='bbox 1800 3803 1909 3846; x_wconf 91' lang='lat' dir='ltr'><strong>rerum</strong></span> <span class='ocrx_word' id='word_1_337' title='bbox 1933 3780 2084 3844; x_wconf 91' lang='lat' dir='ltr'><strong>dominus</strong></span> 
     </span>
     <span class='ocr_line' id='line_1_31' title="bbox 429 3884 2084 3972; baseline -0.001 -22"><span class='ocrx_word' id='word_1_338' title='bbox 429 3884 525 3950; x_wconf 80' lang='lat' dir='ltr'><strong>vobis</strong></span> <span class='ocrx_word' id='word_1_339' title='bbox 549 3884 798 3971; x_wconf 90' lang='lat' dir='ltr'><strong>disponentibus</strong></span> <span class='ocrx_word' id='word_1_340' title='bbox 821 3885 905 3951; x_wconf 90' lang='lat' dir='ltr'><strong>haec</strong></span> <span class='ocrx_word' id='word_1_341' title='bbox 928 3907 947 3949; x_wconf 87' lang='lat' dir='ltr'><strong>a</strong></span> <span class='ocrx_word' id='word_1_342' title='bbox 971 3905 1007 3949; x_wconf 91' lang='lat' dir='ltr'><strong>se</strong></span> <span class='ocrx_word' id='word_1_343' title='bbox 1031 3885 1120 3970; x_wconf 83' lang='lat' dir='ltr'><strong>exigi</strong></span> <span class='ocrx_word' id='word_1_344' title='bbox 1144 3885 1304 3964; x_wconf 89' lang='lat' dir='ltr'><strong>crederet,</strong></span> <span class='ocrx_word' id='word_1_345' title='bbox 1334 3906 1418 3970; x_wconf 87' lang='lat' dir='ltr'><strong>quae</strong></span> <span class='ocrx_word' id='word_1_346' title='bbox 1442 3886 1529 3970; x_wconf 92' lang='lat' dir='ltr'><strong>cogit</strong></span> <span class='ocrx_word' id='word_1_347' title='bbox 1551 3887 1730 3951; x_wconf 89' lang='lat' dir='ltr'><strong>necessitas</strong></span> <span class='ocrx_word' id='word_1_348' title='bbox 1751 3885 1918 3972; x_wconf 85' lang='lat' dir='ltr'><strong>postulari,</strong></span> <span class='ocrx_word' id='word_1_349' title='bbox 1942 3889 1999 3949; x_wconf 89' lang='lat' dir='ltr'><strong>aut</strong></span> <span class='ocrx_word' id='word_1_350' title='bbox 2021 3905 2084 3968; x_wconf 88' lang='lat' dir='ltr'><strong>ego</strong></span> 
     </span>
     <span class='ocr_line' id='line_1_32' title="bbox 431 3987 2165 4074; baseline -0.001 -22"><span class='ocrx_word' id='word_1_351' title='bbox 431 3987 588 4054; x_wconf 90' lang='lat' dir='ltr'><strong>redderer</strong></span> <span class='ocrx_word' id='word_1_352' title='bbox 611 3988 725 4052; x_wconf 86' lang='lat' dir='ltr'><strong>officiis</strong></span> <span class='ocrx_word' id='word_1_353' title='bbox 749 4008 906 4054; x_wconf 90' lang='lat' dir='ltr'><strong>onerosus</strong></span> <span class='ocrx_word' id='word_1_354' title='bbox 931 3993 964 4053; x_wconf 95' lang='lat' dir='ltr'><strong>et</strong></span> <span class='ocrx_word' id='word_1_355' title='bbox 987 3987 1170 4052; x_wconf 90' lang='lat' dir='ltr'><strong>actionibus</strong></span> <span class='ocrx_word' id='word_1_356' title='bbox 1194 3987 1400 4066; x_wconf 81' lang='lat' dir='ltr'><strong>infecundus,</strong></span> <span class='ocrx_word' id='word_1_357' title='bbox 1429 3991 1577 4073; x_wconf 86' lang='lat' dir='ltr'><strong>quamvis</strong></span> <span class='ocrx_word' id='word_1_358' title='bbox 1601 4003 1661 4054; x_wconf 81' lang='lat' dir='ltr'><strong>nac</strong></span> <span class='ocrx_word' id='word_1_359' title='bbox 1686 3990 1821 4074; x_wconf 82' lang='lat' dir='ltr'><strong>exsequi</strong></span> <span class='ocrx_word' id='word_1_360' title='bbox 1844 4010 1906 4054; x_wconf 89' lang='lat' dir='ltr'><strong>uec</strong></span> <span class='ocrx_word' id='word_1_361' title='bbox 1929 3989 2084 4052; x_wconf 90' lang='lat' dir='ltr'><strong>iniunctis</strong></span> <span class='ocrx_word' id='word_1_362' title='bbox 2139 4005 2165 4042; x_wconf 80' lang='lat'><strong>³⁰</strong></span> 
     </span>
     <span class='ocr_line' id='line_1_33' title="bbox 431 4091 2083 4178; baseline -0.002 -22"><span class='ocrx_word' id='word_1_363' title='bbox 431 4113 489 4178; x_wconf 90' lang='lat' dir='ltr'><strong>par</strong></span> <span class='ocrx_word' id='word_1_364' title='bbox 513 4113 588 4158; x_wconf 85' lang='lat' dir='ltr'><strong>esee</strong></span> <span class='ocrx_word' id='word_1_365' title='bbox 613 4091 808 4170; x_wconf 85' lang='lat' dir='ltr'><strong>sufficerem.</strong></span> <span class='ocrx_word' id='word_1_366' title='bbox 848 4113 927 4178; x_wconf 92' lang='lat' dir='ltr'><strong>rogo</strong></span> <span class='ocrx_word' id='word_1_367' title='bbox 951 4096 986 4156; x_wconf 92' lang='lat' dir='ltr'><strong>ut</strong></span> <span class='ocrx_word' id='word_1_368' title='bbox 1009 4092 1201 4177; x_wconf 89' lang='lat' dir='ltr'><strong>supplicetis</strong></span> <span class='ocrx_word' id='word_1_369' title='bbox 1224 4091 1296 4173; x_wconf 89' lang='lat' dir='ltr'><strong>deo,</strong></span> <span class='ocrx_word' id='word_1_370' title='bbox 1321 4095 1357 4155; x_wconf 94' lang='lat' dir='ltr'><strong>ut</strong></span> <span class='ocrx_word' id='word_1_371' title='bbox 1379 4112 1431 4156; x_wconf 90' lang='lat' dir='ltr'><strong>me</strong></span> <span class='ocrx_word' id='word_1_372' title='bbox 1447 4093 1499 4156; x_wconf 79' lang='lat' dir='ltr'><strong>vel</strong></span> <span class='ocrx_word' id='word_1_373' title='bbox 1520 4113 1626 4178; x_wconf 90' lang='lat' dir='ltr'><strong>usque</strong></span> <span class='ocrx_word' id='word_1_374' title='bbox 1643 4093 1847 4159; x_wconf 80' lang='lat' dir='ltr'><strong>eductorum</strong></span> <span class='ocrx_word' id='word_1_375' title='bbox 1863 4091 2083 4157; x_wconf 92' lang='lat' dir='ltr'><strong>communium</strong></span> 
     </span>
     <span class='ocr_line' id='line_1_34' title="bbox 430 4195 1177 4283; baseline -0.003 -21"><span class='ocrx_word' id='word_1_376' title='bbox 430 4203 579 4283; x_wconf 90' lang='lat' dir='ltr'><strong>tempora</strong></span> <span class='ocrx_word' id='word_1_377' title='bbox 600 4196 635 4260; x_wconf 93' lang='lat' dir='ltr'><strong>in</strong></span> <span class='ocrx_word' id='word_1_378' title='bbox 657 4195 769 4260; x_wconf 91' lang='lat' dir='ltr'><strong>muudi</strong></span> <span class='ocrx_word' id='word_1_379' title='bbox 791 4195 886 4261; x_wconf 90' lang='lat' dir='ltr'><strong>istius</strong></span> <span class='ocrx_word' id='word_1_380' title='bbox 910 4203 1020 4260; x_wconf 85' lang='lat' dir='ltr'><strong>servet</strong></span> <span class='ocrx_word' id='word_1_381' title='bbox 1042 4196 1177 4260; x_wconf 89' lang='lat' dir='ltr'><strong>incerto.</strong></span> 
     </span>
    </p>
   </div>
   <div class='ocr_carea' id='block_1_7' title="bbox 430 4487 2092 5248">
    <p class='ocr_par' dir='ltr' id='par_1_12' title="bbox 430 4487 2092 5248">
     <span class='ocr_line' id='line_1_35' title="bbox 535 4487 2092 4558; baseline -0.003 -16"><span class='ocrx_word' id='word_1_382' title='bbox 535 4489 721 4558; x_wconf 79' lang='lat' dir='ltr'><strong>[cnxxxm]</strong></span> <span class='ocrx_word' id='word_1_383' title='bbox 758 4488 773 4540; x_wconf 96' lang='lat'>1</span> <span class='ocrx_word' id='word_1_384' title='bbox 792 4491 926 4542; x_wconf 79' lang='lat' dir='ltr'><strong>Ennodiur</strong></span> <span class='ocrx_word' id='word_1_385' title='bbox 943 4491 1068 4542; x_wconf 81' lang='lat' dir='ltr'><strong>Faustob</strong></span> <span class='ocrx_word' id='word_1_386' title='bbox 1177 4489 1194 4540; x_wconf 99' lang='grc'><strong>2</strong></span> <span class='ocrx_word' id='word_1_387' title='bbox 1211 4492 1308 4558; x_wconf 85' lang='lat' dir='ltr'><strong>suscipi</strong></span> <span class='ocrx_word' id='word_1_388' title='bbox 1320 4490 1345 4540; x_wconf 92' lang='grc' dir='ltr'><strong><em>Β</em></strong></span> <span class='ocrx_word' id='word_1_389' title='bbox 1415 4491 1555 4557; x_wconf 84' lang='lat' dir='ltr'><strong>locupletes</strong></span> <span class='ocrx_word' id='word_1_390' title='bbox 1569 4491 1637 4554; x_wconf 81' lang='lat' dir='ltr'><strong>GPb,</strong></span> <span class='ocrx_word' id='word_1_391' title='bbox 1657 4489 1794 4556; x_wconf 85' lang='lat' dir='ltr'><strong>locupletis</strong></span> <span class='ocrx_word' id='word_1_392' title='bbox 1805 4490 1839 4554; x_wconf 89' lang='lat' dir='ltr'><strong>B,</strong></span> <span class='ocrx_word' id='word_1_393' title='bbox 1860 4490 2000 4557; x_wconf 81' lang='lat' dir='ltr'><strong>locupletas</strong></span> <span class='ocrx_word' id='word_1_394' title='bbox 2015 4487 2092 4538; x_wconf 82' lang='lat' dir='ltr'><strong>VLT</strong></span> 
     </span>
     <span class='ocr_line' id='line_1_36' title="bbox 430 4573 2088 4647; baseline -0.004 -17"><span class='ocrx_word' id='word_1_395' title='bbox 430 4578 447 4630; x_wconf 88' lang='lat'><strong>3</strong></span> <span class='ocrx_word' id='word_1_396' title='bbox 465 4579 603 4647; x_wconf 83' lang='lat' dir='ltr'><strong>sugerehat</strong></span> <span class='ocrx_word' id='word_1_397' title='bbox 614 4577 639 4627; x_wconf 98' lang='grc' dir='ltr'><strong><em>Β</em></strong></span> <span class='ocrx_word' id='word_1_398' title='bbox 765 4575 782 4628; x_wconf 84' lang='grc'>5</span> <span class='ocrx_word' id='word_1_399' title='bbox 800 4594 881 4629; x_wconf 91' lang='lat' dir='ltr'><strong>nouos</strong></span> <span class='ocrx_word' id='word_1_400' title='bbox 893 4576 919 4627; x_wconf 94' lang='lat' dir='ltr'><em>B</em></span> <span class='ocrx_word' id='word_1_401' title='bbox 1049 4574 1064 4626; x_wconf 79' lang='lat' dir='ltr'><strong>‘l</strong></span> <span class='ocrx_word' id='word_1_402' title='bbox 1083 4578 1131 4628; x_wconf 84' lang='lat' dir='ltr'><strong>etsi</strong></span> <span class='ocrx_word' id='word_1_403' title='bbox 1143 4594 1190 4628; x_wconf 85' lang='lat' dir='ltr'><strong>om.</strong></span> <span class='ocrx_word' id='word_1_404' title='bbox 1206 4576 1237 4640; x_wconf 92' lang='lat' dir='ltr'><strong>B,</strong></span> <span class='ocrx_word' id='word_1_405' title='bbox 1257 4583 1282 4628; x_wconf 90' lang='lat' dir='ltr'><strong>et</strong></span> <span class='ocrx_word' id='word_1_406' title='bbox 1295 4593 1342 4627; x_wconf 83' lang='lat' dir='ltr'><strong>cm.</strong></span> <span class='ocrx_word' id='word_1_407' title='bbox 1357 4576 1391 4627; x_wconf 80' lang='lat' dir='ltr'><strong>Cb</strong></span> <span class='ocrx_word' id='word_1_408' title='bbox 1478 4576 1584 4628; x_wconf 84' lang='lat' dir='ltr'><strong>uastitas</strong></span> <span class='ocrx_word' id='word_1_409' title='bbox 1600 4573 1604 4640; x_wconf 92' lang='grc' dir='ltr'>Ι</span> <span class='ocrx_word' id='word_1_410' title='bbox 1620 4582 1645 4627; x_wconf 87' lang='lat' dir='ltr'><strong>st</strong></span> <span class='ocrx_word' id='word_1_411' title='bbox 1661 4575 1730 4641; x_wconf 91' lang='lat' dir='ltr'><strong>quod</strong></span> <span class='ocrx_word' id='word_1_412' title='bbox 1742 4575 1768 4626; x_wconf 93' lang='lat' dir='ltr'><em>B</em></span> <span class='ocrx_word' id='word_1_413' title='bbox 1892 4573 1910 4626; x_wconf 87' lang='grc'>8</span> <span class='ocrx_word' id='word_1_414' title='bbox 1927 4575 2049 4626; x_wconf 88' lang='lat' dir='ltr'><strong>diuiderit</strong></span> <span class='ocrx_word' id='word_1_415' title='bbox 2062 4573 2088 4623; x_wconf 96' lang='grc' dir='ltr'><strong><em>Β</em></strong></span> 
     </span>
     <span class='ocr_line' id='line_1_37' title="bbox 431 4659 2088 4730; baseline -0.002 -16"><span class='ocrx_word' id='word_1_416' title='bbox 431 4663 447 4714; x_wconf 82' lang='grc'><strong>9</strong></span> <span class='ocrx_word' id='word_1_417' title='bbox 472 4665 610 4716; x_wconf 88' lang='lat' dir='ltr'><strong>collocatas</strong></span> <span class='ocrx_word' id='word_1_418' title='bbox 629 4663 654 4714; x_wconf 85' lang='lat' dir='ltr'><strong><em>V</em></strong></span> <span class='ocrx_word' id='word_1_419' title='bbox 754 4663 848 4730; x_wconf 90' lang='lat' dir='ltr'><strong>optulit</strong></span> <span class='ocrx_word' id='word_1_420' title='bbox 868 4661 892 4712; x_wconf 88' lang='lat' dir='ltr'><strong><em>V</em></strong></span> <span class='ocrx_word' id='word_1_421' title='bbox 992 4663 1119 4714; x_wconf 65' lang='lat' dir='ltr'><strong>feliciana</strong></span> <span class='ocrx_word' id='word_1_422' title='bbox 1141 4661 1218 4728; x_wconf 80' lang='lat' dir='ltr'><strong>(erar.</strong></span> <span class='ocrx_word' id='word_1_423' title='bbox 1237 4663 1261 4724; x_wconf 90' lang='lat' dir='ltr'><strong>c)</strong></span> <span class='ocrx_word' id='word_1_424' title='bbox 1278 4661 1303 4712; x_wconf 92' lang='grc' dir='ltr'><em>Β</em></span> <span class='ocrx_word' id='word_1_425' title='bbox 1443 4660 1476 4714; x_wconf 87' lang='grc'><strong>10</strong></span> <span class='ocrx_word' id='word_1_426' title='bbox 1499 4664 1521 4714; x_wconf 92' lang='lat' dir='ltr'><strong>si</strong></span> <span class='ocrx_word' id='word_1_427' title='bbox 1543 4662 1610 4726; x_wconf 76' lang='lat' dir='ltr'><strong>Tou,</strong></span> <span class='ocrx_word' id='word_1_428' title='bbox 1635 4663 1679 4712; x_wconf 85' lang='lat' dir='ltr'><strong>sisi</strong></span> <span class='ocrx_word' id='word_1_429' title='bbox 1696 4661 1781 4725; x_wconf 85' lang='lat' dir='ltr'><strong>BVL,</strong></span> <span class='ocrx_word' id='word_1_430' title='bbox 1806 4664 1828 4713; x_wconf 91' lang='lat' dir='ltr'><strong>si</strong></span> <span class='ocrx_word' id='word_1_431' title='bbox 1851 4680 1902 4713; x_wconf 91' lang='lat' dir='ltr'><strong>non</strong></span> <span class='ocrx_word' id='word_1_432' title='bbox 1921 4659 2047 4712; x_wconf 67' lang='lat' dir='ltr'><strong>Simone</strong></span> <span class='ocrx_word' id='word_1_433' title='bbox 2064 4669 2088 4711; x_wconf 78' lang='lat' dir='ltr'><strong>et</strong></span> 
     </span>
     <span class='ocr_line' id='line_1_38' title="bbox 431 4745 2089 4817; baseline -0.004 -15"><span class='ocrx_word' id='word_1_434' title='bbox 431 4751 527 4804; x_wconf 78' lang='lat' dir='ltr'><strong>Hortcl</strong></span> <span class='ocrx_word' id='word_1_435' title='bbox 656 4749 689 4801; x_wconf 93' lang='grc'><strong>12</strong></span> <span class='ocrx_word' id='word_1_436' title='bbox 711 4750 857 4817; x_wconf 84' lang='lat' dir='ltr'><strong>accepimus</strong></span> <span class='ocrx_word' id='word_1_437' title='bbox 877 4746 943 4814; x_wconf 66' lang='lat' dir='ltr'><strong>wo,</strong></span> <span class='ocrx_word' id='word_1_438' title='bbox 966 4750 1105 4817; x_wconf 85' lang='lat' dir='ltr'><strong>accipimus</strong></span> <span class='ocrx_word' id='word_1_439' title='bbox 1123 4748 1198 4801; x_wconf 78' lang='lat' dir='ltr'><strong>ceteri</strong></span> <span class='ocrx_word' id='word_1_440' title='bbox 1289 4749 1399 4800; x_wconf 87' lang='lat' dir='ltr'><strong>didimus</strong></span> <span class='ocrx_word' id='word_1_441' title='bbox 1417 4747 1443 4798; x_wconf 92' lang='lat' dir='ltr'><em>B</em></span> <span class='ocrx_word' id='word_1_442' title='bbox 1571 4745 1603 4798; x_wconf 88' lang='grc'><strong>13</strong></span> <span class='ocrx_word' id='word_1_443' title='bbox 1625 4748 1796 4814; x_wconf 84' lang='lat' dir='ltr'><strong>disparatione</strong></span> <span class='ocrx_word' id='word_1_444' title='bbox 1811 4748 1836 4798; x_wconf 90' lang='lat' dir='ltr'><em>B</em></span> <span class='ocrx_word' id='word_1_445' title='bbox 1926 4747 2051 4815; x_wconf 84' lang='lat' dir='ltr'><strong>pullicata</strong></span> <span class='ocrx_word' id='word_1_446' title='bbox 2063 4745 2089 4796; x_wconf 91' lang='grc' dir='ltr'><strong><em>Β</em></strong></span> 
     </span>
     <span class='ocr_line' id='line_1_39' title="bbox 431 4831 2089 4904; baseline -0.004 -16"><span class='ocrx_word' id='word_1_447' title='bbox 431 4836 465 4888; x_wconf 83' lang='grc'><strong>14</strong></span> <span class='ocrx_word' id='word_1_448' title='bbox 482 4837 557 4903; x_wconf 65' lang='lat' dir='ltr'><strong>diesis]</strong></span> <span class='ocrx_word' id='word_1_449' title='bbox 568 4835 572 4904; x_wconf 77' lang='lat' dir='ltr'><strong>l</strong></span> <span class='ocrx_word' id='word_1_450' title='bbox 583 4838 659 4890; x_wconf 85' lang='lat' dir='ltr'><strong>eisaie</strong></span> <span class='ocrx_word' id='word_1_451' title='bbox 672 4837 697 4888; x_wconf 98' lang='grc' dir='ltr'><strong><em>Β</em></strong></span> <span class='ocrx_word' id='word_1_452' title='bbox 800 4837 890 4888; x_wconf 87' lang='lat' dir='ltr'><strong>dicetis</strong></span> <span class='ocrx_word' id='word_1_453' title='bbox 902 4835 928 4886; x_wconf 94' lang='grc' dir='ltr'><strong><em>Β</em></strong></span> <span class='ocrx_word' id='word_1_454' title='bbox 1067 4833 1101 4886; x_wconf 83' lang='grc'><strong>15</strong></span> <span class='ocrx_word' id='word_1_455' title='bbox 1118 4836 1234 4888; x_wconf 87' lang='lat' dir='ltr'><strong>omittere</strong></span> <span class='ocrx_word' id='word_1_456' title='bbox 1251 4836 1274 4900; x_wconf 84' lang='lat' dir='ltr'><strong>b,</strong></span> <span class='ocrx_word' id='word_1_457' title='bbox 1298 4836 1398 4888; x_wconf 86' lang='lat' dir='ltr'><strong>mittere</strong></span> <span class='ocrx_word' id='word_1_458' title='bbox 1411 4833 1489 4886; x_wconf 74' lang='lat' dir='ltr'><strong>Sirra.</strong></span> <span class='ocrx_word' id='word_1_459' title='bbox 1595 4835 1698 4886; x_wconf 81' lang='lat' dir='ltr'><strong>falatiae</strong></span> <span class='ocrx_word' id='word_1_460' title='bbox 1714 4835 1739 4886; x_wconf 98' lang='grc' dir='ltr'><strong><em>Β</em></strong></span> <span class='ocrx_word' id='word_1_461' title='bbox 1878 4831 1910 4884; x_wconf 81' lang='grc'><strong>17</strong></span> <span class='ocrx_word' id='word_1_462' title='bbox 1934 4834 2046 4884; x_wconf 81' lang='lat' dir='ltr'><strong>iacentes</strong></span> <span class='ocrx_word' id='word_1_463' title='bbox 2062 4832 2089 4882; x_wconf 93' lang='lat' dir='ltr'><em>B</em></span> 
     </span>
     <span class='ocr_line' id='line_1_40' title="bbox 430 4915 2088 4987; baseline -0.005 -11"><span class='ocrx_word' id='word_1_464' title='bbox 430 4925 547 4977; x_wconf 83' lang='lat' dir='ltr'><strong>scentilla</strong></span> <span class='ocrx_word' id='word_1_465' title='bbox 564 4923 590 4975; x_wconf 89' lang='lat' dir='ltr'><em>B</em></span> <span class='ocrx_word' id='word_1_466' title='bbox 727 4921 760 4975; x_wconf 88' lang='lat'><strong>18</strong></span> <span class='ocrx_word' id='word_1_467' title='bbox 780 4923 890 4974; x_wconf 70' lang='lat' dir='ltr'><strong>sedeam</strong></span> <span class='ocrx_word' id='word_1_468' title='bbox 906 4922 932 4972; x_wconf 89' lang='lat' dir='ltr'><em>B</em></span> <span class='ocrx_word' id='word_1_469' title='bbox 1022 4922 1080 4972; x_wconf 88' lang='lat' dir='ltr'><strong>illas</strong></span> <span class='ocrx_word' id='word_1_470' title='bbox 1097 4921 1122 4972; x_wconf 92' lang='grc' dir='ltr'><strong><em>Β</em></strong></span> <span class='ocrx_word' id='word_1_471' title='bbox 1250 4919 1281 4972; x_wconf 91' lang='grc'><strong>19</strong></span> <span class='ocrx_word' id='word_1_472' title='bbox 1302 4923 1378 4973; x_wconf 80' lang='lat' dir='ltr'><strong>saetis</strong></span> <span class='ocrx_word' id='word_1_473' title='bbox 1395 4919 1420 4971; x_wconf 94' lang='grc' dir='ltr'><strong><em>Β</em></strong></span> <span class='ocrx_word' id='word_1_474' title='bbox 1512 4920 1685 4987; x_wconf 85' lang='lat' dir='ltr'><strong>procidentem</strong></span> <span class='ocrx_word' id='word_1_475' title='bbox 1702 4920 1728 4971; x_wconf 94' lang='lat' dir='ltr'><em>B</em></span> <span class='ocrx_word' id='word_1_476' title='bbox 1856 4917 1891 4971; x_wconf 89' lang='grc'><strong>20</strong></span> <span class='ocrx_word' id='word_1_477' title='bbox 1912 4918 2046 4969; x_wconf 88' lang='lat' dir='ltr'><strong>intellehat</strong></span> <span class='ocrx_word' id='word_1_478' title='bbox 2061 4915 2088 4967; x_wconf 89' lang='grc' dir='ltr'><strong><em>Β</em></strong></span> 
     </span>
     <span class='ocr_line' id='line_1_41' title="bbox 430 5001 2092 5079; baseline -0.006 -16"><span class='ocrx_word' id='word_1_479' title='bbox 430 5017 609 5079; x_wconf 83' lang='lat' dir='ltr'><strong>promoturum</strong></span> <span class='ocrx_word' id='word_1_480' title='bbox 622 5009 648 5061; x_wconf 89' lang='lat' dir='ltr'><em>B</em></span> <span class='ocrx_word' id='word_1_481' title='bbox 734 5007 767 5059; x_wconf 90' lang='grc'><strong>21</strong></span> <span class='ocrx_word' id='word_1_482' title='bbox 780 5009 887 5076; x_wconf 83' lang='lat' dir='ltr'><strong>profitae</strong></span> <span class='ocrx_word' id='word_1_483' title='bbox 896 5006 930 5071; x_wconf 89' lang='lat' dir='ltr'><strong>B,</strong></span> <span class='ocrx_word' id='word_1_484' title='bbox 947 5009 1096 5076; x_wconf 85' lang='lat' dir='ltr'><strong>prophetiae</strong></span> <span class='ocrx_word' id='word_1_485' title='bbox 1109 5007 1184 5058; x_wconf 59' lang='lat' dir='ltr'><strong>cctam</strong></span> <span class='ocrx_word' id='word_1_486' title='bbox 1271 5005 1305 5057; x_wconf 87' lang='grc'><strong>22</strong></span> <span class='ocrx_word' id='word_1_487' title='bbox 1317 5009 1414 5074; x_wconf 90' lang='lat' dir='ltr'><strong>inplisti</strong></span> <span class='ocrx_word' id='word_1_488' title='bbox 1426 5007 1540 5059; x_wconf 88' lang='lat' dir='ltr'><strong>dioentcs</strong></span> <span class='ocrx_word' id='word_1_489' title='bbox 1550 5006 1575 5057; x_wconf 94' lang='lat' dir='ltr'><em>B</em></span> <span class='ocrx_word' id='word_1_490' title='bbox 1661 5005 1695 5060; x_wconf 86' lang='grc'><strong>23</strong></span> <span class='ocrx_word' id='word_1_491' title='bbox 1711 5009 1800 5075; x_wconf 90' lang='lat' dir='ltr'><strong>copola</strong></span> <span class='ocrx_word' id='word_1_492' title='bbox 1812 5007 1837 5059; x_wconf 90' lang='grc' dir='ltr'><strong><em>Β</em></strong></span> <span class='ocrx_word' id='word_1_493' title='bbox 1922 5001 1956 5055; x_wconf 80' lang='grc'><strong>24</strong></span> <span class='ocrx_word' id='word_1_494' title='bbox 1968 5005 2054 5070; x_wconf 86' lang='lat' dir='ltr'><strong>aspira</strong></span> <span class='ocrx_word' id='word_1_495' title='bbox 2067 5003 2092 5052; x_wconf 87' lang='lat' dir='ltr'><strong><em>V</em></strong></span> 
     </span>
     <span class='ocr_line' id='line_1_42' title="bbox 431 5090 2087 5166; baseline -0.006 -16"><span class='ocrx_word' id='word_1_496' title='bbox 431 5097 614 5166; x_wconf 85' lang='lat' dir='ltr'><strong>percooupauit</strong></span> <span class='ocrx_word' id='word_1_497' title='bbox 624 5096 651 5147; x_wconf 88' lang='lat' dir='ltr'><em>B</em></span> <span class='ocrx_word' id='word_1_498' title='bbox 754 5093 788 5146; x_wconf 83' lang='grc'><strong>25</strong></span> <span class='ocrx_word' id='word_1_499' title='bbox 805 5094 933 5160; x_wconf 79' lang='lat' dir='ltr'><strong>relinquid</strong></span> <span class='ocrx_word' id='word_1_500' title='bbox 945 5094 971 5145; x_wconf 94' lang='lat' dir='ltr'><em>B</em></span> <span class='ocrx_word' id='word_1_501' title='bbox 1077 5090 1111 5144; x_wconf 87' lang='grc'><strong>27</strong></span> <span class='ocrx_word' id='word_1_502' title='bbox 1130 5091 1232 5158; x_wconf 85' lang='lat' dir='ltr'><strong>deserit]</strong></span> <span class='ocrx_word' id='word_1_503' title='bbox 1251 5095 1317 5146; x_wconf 87' lang='lat' dir='ltr'><strong>derit</strong></span> <span class='ocrx_word' id='word_1_504' title='bbox 1328 5094 1374 5145; x_wconf 78' lang='lat' dir='ltr'><strong>B⁰</strong></span> <span class='ocrx_word' id='word_1_505' title='bbox 1446 5094 1508 5161; x_wconf 91' lang='lat' dir='ltr'><strong>quia</strong></span> <span class='ocrx_word' id='word_1_506' title='bbox 1519 5093 1553 5159; x_wconf 87' lang='lat' dir='ltr'><strong>B,</strong></span> <span class='ocrx_word' id='word_1_507' title='bbox 1570 5095 1616 5160; x_wconf 91' lang='lat' dir='ltr'><strong>qui</strong></span> <span class='ocrx_word' id='word_1_508' title='bbox 1632 5094 1707 5145; x_wconf 80' lang='lat' dir='ltr'><strong>ceteri</strong></span> <span class='ocrx_word' id='word_1_509' title='bbox 1813 5090 1847 5144; x_wconf 89' lang='grc'><strong>29</strong></span> <span class='ocrx_word' id='word_1_510' title='bbox 1865 5108 1931 5158; x_wconf 86' lang='lat' dir='ltr'><strong>quae</strong></span> <span class='ocrx_word' id='word_1_511' title='bbox 1944 5129 2016 5142; x_wconf 90' lang='grc'>.....</span> <span class='ocrx_word' id='word_1_512' title='bbox 2031 5090 2087 5141; x_wconf 85' lang='lat' dir='ltr'><strong>red·</strong></span> 
     </span>
     <span class='ocr_line' id='line_1_43' title="bbox 430 5177 1313 5248; baseline -0.006 -11"><span class='ocrx_word' id='word_1_513' title='bbox 430 5183 504 5238; x_wconf 72' lang='lat' dir='ltr'><strong>dere</strong></span> <span class='ocrx_word' id='word_1_514' title='bbox 521 5199 570 5235; x_wconf 79' lang='lat' dir='ltr'><strong>ons.</strong></span> <span class='ocrx_word' id='word_1_515' title='bbox 583 5182 610 5233; x_wconf 92' lang='grc' dir='ltr'><strong><em>Β</em></strong></span> <span class='ocrx_word' id='word_1_516' title='bbox 679 5187 725 5234; x_wconf 84' lang='lat' dir='ltr'><strong>aut</strong></span> <span class='ocrx_word' id='word_1_517' title='bbox 736 5180 840 5245; x_wconf 70' lang='lat' dir='ltr'><strong>umet,</strong></span> <span class='ocrx_word' id='word_1_518' title='bbox 858 5186 884 5234; x_wconf 88' lang='lat' dir='ltr'><strong>et</strong></span> <span class='ocrx_word' id='word_1_519' title='bbox 899 5178 1007 5234; x_wconf 71' lang='lat' dir='ltr'><strong>nutu</strong></span> <span class='ocrx_word' id='word_1_520' title='bbox 1111 5177 1146 5232; x_wconf 86' lang='lat'><strong>30</strong></span> <span class='ocrx_word' id='word_1_521' title='bbox 1164 5181 1257 5248; x_wconf 85' lang='lat' dir='ltr'><strong>exequi</strong></span> <span class='ocrx_word' id='word_1_522' title='bbox 1269 5181 1313 5232; x_wconf 74' lang='grc' dir='ltr'><strong>Βιι</strong></span> 
     </span>
    </p>
   </div>
   <div class='ocr_carea' id='block_1_8' title="bbox 0 0 2304 6420">
    <p class='ocr_par' dir='ltr' id='par_1_13' title="bbox 0 0 2304 6420">
     <span class='ocr_line' id='line_1_44' title="bbox 0 0 2304 6420; baseline 0 0"><span class='ocrx_word' id='word_1_523' title='bbox 0 0 2304 6420; x_wconf 95' lang='lat' dir='ltr'><strong> </strong></span> 
     </span>
    </p>
   </div>
  </div>
 </body>
</html>
