4566 6532
606 396 701 452 ODLV
720 397 843 465 (EPIS'P.
861 400 886 463 9,
903 399 949 468 27)
968 429 1001 440 -
1020 400 1142 456 convn
1161 403 1284 472 (EPIS'I'.
1302 406 1327 470 9,
1345 405 1399 474 29).
1767 414 1829 476 317

175 572 226 638 vel
253 594 375 659 genere
415 573 543 661 apicem
571 571 787 639 ecclesiastici
813 574 947 641 honeris
977 576 1138 659 aseendit,
1175 584 1209 644 et
1236 599 1289 644 me
1318 577 1516 666 dedignatur
1543 580 1706 669 adloquio.
1752 603 1830 650 vere

173 678 241 742 tale
264 679 398 759 laabim,
426 683 484 743 aut
511 677 617 742 studio
646 682 704 742 aut
731 679 943 766 neglegentia
974 682 1131 762 evenerit,
1161 702 1227 747 nen
1255 682 1424 769 probatur.
1468 703 1531 770 ego
1558 690 1670 751 tamen
1699 686 1831 752 servitia

175 781 383 847 salutationis
399 779 544 870 inpendo
561 786 595 846 et
609 779 728 846 Italica
743 780 961 871 simplicitate,
984 783 1071 851 unde
1088 785 1253 851 tristitiam
1277 786 1460 870 habuerim,
1484 787 1556 854 sins
1570 787 1831 857 dissimulatione

173 885 359 954 manifesto.

802 1091 940 1161 com
962 1093 1073 1180 (uersu.
1090 1098 1120 1180 9,
1138 1095 1205 1183 28).

775 1271 1012 1348 ENNODIVS
1039 1273 1233 1350 AGAPIO.

284 1400 436 1498 Derisor
469 1429 615 1497 officium
648 1431 823 1516 gestientis
861 1432 963 1497 animi
996 1431 1038 1498 ad
1071 1433 1263 1499 memoriam
1298 1433 1440 1500 tristium
1473 1455 1566 1500 mens
1603 1433 1861 1501 recordatiensl

176 1533 373 1601 stimulanda
401 1535 579 1600 revocavit.
622 1556 699 1600 narn
728 1555 859 1622 semper
889 1535 1070 1603 remedium
1098 1537 1217 1603 doloris
1250 1537 1371 1604 oblivio
1400 1545 1461 1620 est,
1496 1539 1572 1624 quia
1593 1539 1680 1625 quod
1704 1541 1832 1608 ratione
1846 1535 1978 1641 pffilf·

175 1661 240 1705 nen
262 1659 450 1727 pessumus,
477 1646 663 1726 temporum
686 1640 873 1725 prolixitate
896 1641 1084 1726 sepelimus.
1130 1641 1215 1708 bene
1239 1649 1307 1722 est,
1336 1643 1413 1728 quia
1445 1641 1658 1708 diuturnitate
1687 1644 1832 1710 senescit

177 1743 318 1808 adflictio
341 1748 374 1807 et
395 1743 506 1828 magni
534 1742 656 1808 doloris
689 1743 871 1808 consolatio
902 1743 998 1809 eitius
1029 1766 1089 1831 per
1120 1745 1286 1811 silentium
1313 1752 1517 1834 procuratur.
1562 1767 1638 1811 nam
1660 1747 1694 1811 in
1716 1748 1830 1813 huius-

177 1845 265 1912 modi
287 1845 428 1930 negetiis
459 1845 534 1932 plus
562 1847 672 1932 agitur
698 1846 745 1910 nil
771 1845 910 1931 agendo.
957 1845 1014 1911 sed
1046 1847 1122 1932 quid
1152 1848 1247 1930 facio,
1278 1849 1355 1934 quia
1383 1849 1543 1935 epistolae
1571 1856 1703 1917 vestrae
1732 1851 1864 1915 leetiet

176 1951 241 2016 iam
264 1948 427 2014 obductae
451 1949 611 2014 cicatricis
634 1950 820 2036 penetralia
841 1950 998 2016 rescindit
1021 1958 1056 2016 et
1076 1952 1241 2038 sepultam
1263 1953 1417 2017 inmaturi
1432 1953 1556 2019 funeris
1572 1953 1833 2020 recordationem

175 2075 288 2119 amara
309 2059 397 2118 sorte
426 2051 593 2118 vivificat?
632 2075 711 2139 ergo
734 2073 795 2139 ego
819 2054 981 2120 communi
1007 2055 1101 2120 fratri
1126 2057 1384 2122 consolationem
1412 2057 1491 2122 dare
1520 2063 1680 2143 poteram,
1709 2077 1783 2122 eum
1805 2057 1833 2122 si

176 2157 254 2244 quid
276 2156 491 2222 humanitatis
513 2157 548 2222 in
570 2177 623 2222 me
647 2177 723 2222 esse
747 2156 900 2240 ereditur,
933 2159 980 2223 sie
1012 2157 1181 2225 delerem?
1220 2166 1277 2224 aut
1306 2181 1461 2246 umquam
1490 2161 1571 2226 flens
1600 2160 1726 2248 placuit
1755 2181 1833 2226 een·

177 2263 322 2327 solator?
347 2279 426 2345 erge
445 2266 640 2347 expectatur
654 2259 815 2326 medicina
830 2261 871 2326 de
887 2261 1065 2328 morbidis?
1089 2283 1153 2327 nen
1169 2261 1210 2328 de
1226 2285 1290 2344 me,
1314 2263 1433 2329 domne
1448 2263 1569 2352 Agapi,
1591 2264 1678 2331 bene
1694 2263 1863 2346 iudicas,3

112 2384 123 2420 a
177 2365 206 2429 si
229 2370 264 2430 et
286 2365 319 2428 iu
342 2365 490 2449 germani
513 2364 561 2429 tui
584 2366 788 2432 maeroribus
812 2372 845 2431 et
867 2367 902 2430 in
924 2366 1017 2432 obitu
1040 2367 1197 2453 spiritalis
1219 2368 1278 2434 lilii
1301 2388 1363 2455 ego
1387 2369 1482 2455 quasi
1504 2369 1648 2455 opinioni
1667 2373 1743 2434 tuae
1765 2368 1832 2434 dis-

175 2475 308 2555 putator
339 2488 484 2534 occurre.
538 2489 619 2534 sana
652 2476 788 2556 pectora
819 2470 882 2536 iter
915 2470 1092 2536 curationis
1122 2471 1305 2537 inveniunt:
1338 2493 1435 2538 nemo
1469 2473 1608 2538 alterum
1641 2472 1728 2538 unde
1762 2473 1833 2560 ipse

175 2572 305 2638 laborat
326 2572 477 2638 absoluit.
523 2572 583 2638 sed
605 2572 680 2637 bino
704 2573 796 2638 alias.
842 2579 960 2660 potens
991 2580 1042 2639 est
1069 2574 1162 2655 deus,
1191 2575 1247 2661 qui
1275 2576 1363 2642 selus
1386 2575 1428 2640 ad
1457 2576 1520 2642 ista
1546 2575 1635 2640 valet
1662 2596 1833 2642 occurrere

176 2682 210 2741 et
238 2677 417 2742 communis
450 2677 528 2741 mali
559 2676 733 2742 sublevare
767 2697 966 2763 pressuram.
1011 2698 1070 2742 ves
1104 2684 1217 2743 tamen
1251 2679 1452 2745 honorificae
1485 2679 1592 2744 cultus
1625 2680 1864 2746 salutationisd

176 2779 356 2867 inpertiens
380 2801 470 2867 roge,
492 2786 530 2844 ut
552 2780 667 2846 crebre
690 2781 770 2845 mihi
793 2780 979 2867 epistolaris
1001 2781 1187 2846 commercii
1203 2803 1339 2848 munera
1355 2782 1543 2864 conferatis,
1566 2782 1708 2869 adquae
1725 2782 1834 2848 studia

178 2884 306 2972 pigrum
329 2905 403 2949 osse
426 2904 486 2950 neo
510 2889 678 2950 amantem
701 2885 854 2951 conuenit
875 2905 937 2950 neo
959 2883 1144 2950 facundum.

793 3173 951 3243 cunm
975 3175 1087 3262 (uersu.
1106 3181 1137 3259 9,
1154 3177 1222 3263 29).

767 3353 1005 3430 ENNODlVS
1032 3355 1239 3430 LIBERIO.

296 3481 344 3579 Si
365 3521 537 3600 poetarum
560 3515 694 3600 spiritus
716 3513 892 3602 disciplina
906 3515 1070 3601 paginalis
1086 3515 1272 3581 admitteret
1295 3522 1329 3582 et
1350 3522 1491 3583 centena
1505 3539 1572 3599 era,
1595 3523 1630 3582 et
1644 3538 1709 3584 vox
1724 3517 1859 3587 terreat
1884 3553 1954 3606 vm,

174 3619 230 3682 vix
259 3618 346 3704 qued
374 3618 561 3684 eelsitudini
591 3625 721 3685 vestrae
749 3642 770 3685 a
796 3641 850 3684 me
883 3618 1023 3685 debetur
1059 3619 1232 3685 verberum
1266 3621 1418 3688 ubertate
1449 3628 1623 3688 reseraret.
1669 3621 1727 3688 sed
1755 3609 1989 3712 quiafflfgftssl'

178 3721 305 3808 magnis
330 3721 493 3788 obnoxius
516 3723 573 3788 vix
596 3723 638 3788 ad
660 3743 762 3810 parva
786 3723 923 3805 sufficio,
952 3723 1079 3810 providi
1102 3729 1176 3811 pest
1198 3722 1252 3790 dei
1274 3723 1529 3791 misericerdiam
1553 3733 1683 3791 restrae
1705 3727 1832 3811 gratiae
1898 3710 1928 3754 ⁸¹·

112 3871 116 3882 -
178 3846 398 3912 repensorem.
442 3847 519 3891 nam
541 3828 643 3891 frater
665 3832 776 3891 vester
798 3825 938 3892 domnus
960 3825 1114 3906 Faustus,
1138 3825 1215 3892 dum
1239 3825 1361 3893 debere
1382 3849 1417 3893 se
1437 3827 1635 3894 beneficium
1651 3829 1738 3915 qued
1754 3829 1833 3894 mihi

175 3929 337 3995 tribuistis
361 3928 534 4016 eloquitur,
556 3930 598 3995 ab
621 3930 786 3996 inbecillis
810 3930 993 3996 cervicibus
1016 3932 1127 4016 gravis
1149 3931 1260 3996 oneris
1284 3933 1427 3997 sarcinas
1451 3932 1613 3998 amolitur.
1649 3938 1725 3998 sunt
1747 3934 1866 4003 interl

176 4034 258 4100 dues
279 4034 465 4121 praecelsos
493 4033 558 4098 ista
585 4034 785 4098 eommunia:
815 4055 873 4099 ves
903 4035 995 4101 vobis
1024 4041 1057 4100 et
1086 4035 1164 4100 dare
1194 4033 1295 4121 digna
1317 4037 1421 4102 uestis
1445 4043 1480 4102 et
1507 4033 1661 4111 reddere;
1695 4057 1749 4102 me
1773 4037 1834 4102 sub

176 4140 266 4204 fasce
290 4139 390 4204 vestri
412 4138 557 4203 muneris
581 4139 795 4204 constitutum
817 4139 889 4204 sela
911 4145 1022 4204 manet
1037 4139 1078 4204 de
1095 4138 1309 4205 obnoxietate
1326 4140 1501 4221 confessio,
1525 4140 1602 4205 dum
1618 4147 1834 4225 praeventum

177 4243 303 4329 gratiae
326 4249 456 4308 vestrae
479 4243 567 4307 mele
590 4241 677 4329 quod
707 4243 773 4308 veti
797 4249 972 4330 conpotem
1002 4244 1169 4310 fecithoc
1198 4243 1356 4329 inparem.
1402 4244 1518 4310 adsum
1547 4250 1659 4308 tamen
1688 4245 1836 4332 partibus

178 4349 260 4412 meis
285 4353 319 4412 et
340 4347 426 4411 inter
448 4345 607 4412 orandum
630 4349 778 4434 quamvis
794 4353 950 4434 peccator
965 4345 1074 4427 deum,
1097 4353 1134 4412 ut
1149 4369 1208 4435 pre
1226 4369 1279 4413 me
1295 4368 1423 4435 queque
1440 4348 1533 4415 vobis
1549 4347 1676 4430 reddat,
1698 4348 1837 4435 inploro.

178 4472 256 4516 eece
288 4451 352 4515 duo
384 4452 448 4516 ista
475 4450 655 4516 sufiiciunt:
690 4471 766 4516 uam
795 4457 828 4516 ct
859 4450 899 4516 de
929 4452 1021 4516 caelo
1049 4472 1109 4537 pre
1137 4471 1191 4516 me
1223 4452 1410 4538 expectatis
1439 4450 1525 4537 qued
1555 4471 1613 4516 ves
1641 4451 1867 4522 exhibuisses

177 4556 384 4638 meministis,
410 4561 445 4620 et
467 4561 518 4622 est
539 4557 687 4642 aequalis
711 4557 766 4643 qui
790 4577 827 4621 se
849 4555 972 4622 debere
1001 4555 1145 4621 fateatur
1171 4556 1203 4620 in
1230 4557 1339 4622 terris.
1384 4562 1527 4642 expecto
1550 4561 1662 4621 tamen
1685 4555 1838 4622 beneficii

206 4905 207 4910 Ἰ
280 4833 295 4885 1
315 4833 367 4902 vel]
386 4843 413 4887 et
426 4835 485 4888 0Po
555 4834 668 4901 alloquio
684 4831 710 4882 V
811 4828 829 4884 2
846 4837 967 4884 maneret
978 4829 1005 4881 Β

281 4936 407 5006 [cnuvl]
443 4937 460 4990 5
481 4940 586 5008 agapite
602 4935 666 4988 th
792 4932 808 4986 7
830 4935 928 4989 obliuio
945 4935 1040 4987 doloris
1058 4933 1167 4986 VLPUb
1288 4932 1306 4986 8
1326 4935 1456 5004 sepeimua
1475 4934 1506 5000 (li
1523 4951 1581 5003 sap.
1594 4936 1640 4988 lia.
1657 4943 1682 4988 et
1698 4952 1755 5002 ηρ.
1773 4933 1793 5002 i)
1809 4933 1839 5000 V,

175 5026 324 5094 sepeliimus
335 5023 377 5076 11¹
443 5027 554 5078 mulceat
565 5025 591 5076 Β
690 5021 707 5074 9
725 5023 830 5075 afflietio
846 5021 871 5072 V
929 5022 1072 5074 consolatio
1084 5021 1111 5072 Β
1174 5018 1263 5089 eitius]
1281 5023 1356 5074 cuius
1368 5022 1392 5088 b,
1409 5039 1458 5074 om,
1471 5021 1552 5076 sem.
1655 5019 1689 5074 10
1705 5023 1838 5075 nostrast

177 5109 207 5162 11
227 5111 339 5164 obducta
351 5109 430 5163 Sirra
522 5110 643 5164 remindit
657 5107 751 5175 T20P,
775 5108 921 5162 rescindent
936 5107 989 5173 Vh,
1012 5107 1164 5160 reseendent
1175 5106 1201 5158 Β
1328 5105 1362 5160 12
1378 5109 1582 5162 aemulationem
1594 5107 1620 5160 Β
1746 5105 1780 5159 13
1797 5105 1836 5176 in]

176 5197 211 5248 im
223 5196 249 5247 Β
326 5199 440 5266 placarit
457 5198 521 5250 corat
536 5196 632 5248 Hortel
748 5193 781 5246 14
798 5196 885 5248 domni
897 5193 924 5246 Β
947 5217 949 5222 ·
1037 5193 1070 5247 15
1086 5191 1169 5260 obitu]
1188 5195 1270 5248 obbtu
1281 5193 1325 5246 13⁰
1401 5196 1527 5263 spiritales
1539 5194 1566 5247 B
1678 5192 1712 5247 18
1728 5195 1802 5247 cultu
1813 5193 1840 5246 Β

176 5290 199 5334 et
211 5281 301 5348 Sires,
317 5284 418 5336 cultum
429 5285 497 5352 sort
513 5292 541 5334 et
554 5301 584 5350 p.
599 5285 705 5346 290,10
811 5280 844 5333 19
861 5283 1006 5334 conteratos
1018 5280 1044 5333 Β
1113 5281 1147 5334 ad
1164 5278 1241 5349 quae]
1260 5288 1317 5348 atq3
1335 5279 1361 5332 Β

281 5384 419 5454 [CDLVII]
455 5385 490 5439 22
507 5387 641 5456 paginolas
653 5385 679 5438 Β
758 5393 785 5439 et
801 5393 910 5438 metens
922 5384 956 5451 B,
979 5392 1090 5438 sentens
1107 5385 1183 5437 ceteri
1297 5380 1332 5435 23
1348 5383 1510 5436 celsitudinis
1521 5383 1547 5436 Β
1660 5379 1696 5434 ut
1714 5399 1795 5450 parua
1806 5381 1840 5446 B,

176 5489 257 5540 pauco
276 5474 351 5526 cetera¹
476 5471 511 5524 25
528 5473 649 5528 deberase
666 5489 694 5526 se
713 5480 766 5540 (pr.
783 5489 812 5525 se
830 5472 892 5530 del.)
909 5472 943 5542 Β,
965 5491 1021 5526 assa
1037 5481 1104 5526 recte
1114 5473 1182 5539 fort
1303 5468 1339 5522 26
1355 5470 1494 5524 tribuentes
1505 5470 1532 5522 Β
1617 5471 1739 5524 inbicillir
1758 5469 1839 5536 (eltl

176 5575 232 5625 sup.
245 5557 304 5624 lira)
315 5557 342 5609 B
436 5559 521 5610 oneris
535 5559 603 5626 0Pt,
625 5561 729 5612 honoris
741 5558 768 5611 B
774 5559 819 5610 Vc
911 5585 913 5592 ·
950 5556 984 5611 27
1002 5561 1052 5612 sub
1068 5560 1072 5622 Ι
1087 5559 1136 5611 sub
1148 5557 1174 5608 Β
1303 5555 1339 5608 28
1356 5557 1410 5610 sela
1429 5565 1515 5610 manet
1525 5556 1560 5624 B,
1580 5558 1694 5610 solamen
1707 5597 1713 5609 .
1727 5565 1754 5610 et
1764 5557 1841 5610 ceteri

175 5641 211 5696 29
230 5653 367 5714 conpotem
379 5645 406 5697 B
526 5645 561 5698 ³0
578 5647 722 5699 herandum
735 5645 769 5712 B,
787 5646 942 5698 hortandum
957 5644 1063 5696 V¹LT¹
1145 5645 1234 5696 reddat
1244 5643 1270 5694 Β
1391 5641 1422 5696 31
1443 5653 1589 5712 expectatae
1601 5643 1635 5710 B,
1651 5646 1806 5712 exspectatis
1821 5644 1846 5695 V

175 5727 210 5780 32
228 5731 385 5784 meministes
397 5731 423 5782 B
490 5733 613 5800 ”quales
625 5730 651 5783 Β
720 5740 840 5800 exspecto
857 5731 882 5780 V
1846 5721 1849 5728 ’
