4566 6532
405 399 519 454 oocnv
536 399 657 468 (onan.
676 401 701 464 a,
722 401 790 467 aas),
810 401 937 456 ooonm
956 399 1079 469 (eursu.
1099 401 1195 468 123),
1213 401 1354 456 ooonvn
1373 401 1495 470 (nerse.
1515 403 1539 467 r,
1558 403 1611 470 aa).
1774 403 1835 464 257

551 575 671 660 Algida
694 576 749 660 qui
772 575 894 641 Tanais
917 576 1089 640 domuistis
1113 576 1211 640 dorsa
1234 575 1396 661 profundi,

598 678 742 752 Quorum
767 679 972 765 praevalidas
995 681 1118 764 ungula
1141 681 1247 744 caleat
1269 700 1385 764 aquas:

480 796 491 832 1
550 781 636 848 Ecce
660 782 813 848 Padanus
837 783 932 848 adest
955 783 1098 868 sonipes,
1123 783 1174 846 oui
1197 783 1303 847 iudice
1327 788 1416 848 recto

598 884 726 950 Cedant
748 885 926 952 Haemonii
947 907 1029 971 quos
1052 886 1142 950 fovet
1165 907 1252 952 aura.
1266 886 1345 971 poli.

549 990 612 1054 Ille
634 991 798 1076 pruinosis
822 992 877 1076 qui
899 990 1024 1055 mandit
1046 991 1195 1075 gramina
1218 991 1339 1070 lustris,

597 1094 639 1158 Et
661 1096 777 1160 merito
802 1102 835 1160 et
858 1096 963 1159 torma
985 1095 1094 1181 dispar
1117 1101 1253 1180 utroque
1277 1097 1374 1160 venit.

549 1197 693 1262 Molliter
715 1199 839 1264 incedit
862 1198 1018 1264 membris
1042 1199 1202 1262 formosus
1226 1199 1384 1275 honestis,

469 1316 494 1353 ¹⁰
599 1302 753 1368 Oblectet
775 1304 881 1368 visum
904 1303 1009 1367 dulcis
1033 1304 1066 1367 in
1090 1304 1257 1388 obsequio.

549 1406 603 1471 Nil
625 1408 690 1471 iam
712 1407 908 1472 Phasiacam
932 1406 1109 1472 conlaudet
1132 1407 1243 1471 tabula
1265 1387 1401 1492 prolem,

595 1511 665 1577 Nec
688 1513 861 1598 peregrina
883 1511 992 1577 lerant
1013 1513 1145 1577 nomina
1169 1514 1260 1577 celsa
1281 1518 1389 1597 eaput.

804 1817 960 1886 cconvl
983 1820 1093 1904 (amar.
1112 1823 1141 1902 7,
1158 1819 1224 1900 23).

710 2013 948 2088 ENNODIVS
975 2013 1167 2088 MAXIMO
1195 2014 1238 2090 V.
1266 2016 1304 2088 S.

296 2163 465 2257 Producit
488 2192 678 2277 magnitudo
703 2199 761 2257 tua
776 2192 963 2276 nuptiarum
979 2191 1066 2256 festa
1082 2190 1297 2276 temporibus.
1336 2190 1413 2254 dum
1430 2211 1508 2270 rem,
1531 2190 1684 2275 adquam
1702 2199 1835 2255 coactus
1851 2194 1863 2252 1

184 2317 234 2370 es,
266 2296 326 2359 sub
358 2296 573 2361 diuturnitate
604 2297 830 2382 prosequeris,
862 2294 971 2359 subito
1000 2295 1181 2360 necessitas
1204 2300 1260 2358 tua
1282 2294 1370 2358 facta
1394 2299 1445 2358 est
1467 2293 1673 2359 desiderium.
1719 2295 1835 2379 aliquis

116 2459 118 2462 ,
183 2398 316 2482 negotio
339 2398 386 2461 illi
409 2400 598 2484 perenniter
621 2399 799 2481 incumbat,
823 2398 865 2464 ad
888 2398 975 2484 quod
997 2398 1168 2464 descendit
1187 2399 1329 2462 insitus?
1368 2398 1415 2462 sic
1432 2397 1599 2462 recessisti
1617 2421 1637 2462 a
1654 2397 1835 2462 custoditae

117 2513 128 2550 ⁵
182 2498 392 2566 beatitudinis
412 2501 592 2588 diligentia,
615 2505 709 2588 quasi
724 2504 859 2589 prolixis
877 2503 1080 2588 temporibus
1096 2503 1279 2582 didicisses,
1297 2503 1436 2588 qualiter
1451 2503 1675 2567 institueretur
1691 2502 1835 2566 uxorius.

182 2603 315 2688 triginta
348 2605 492 2670 feliciter
521 2605 592 2671 dies
625 2608 791 2688 abierunt,
828 2615 863 2673 et
892 2607 999 2673 adhuc
1027 2615 1060 2673 te
1091 2607 1231 2686 civitati,
1266 2605 1372 2670 adhuc
1406 2606 1488 2670 meis
1523 2605 1625 2670 oculis
1654 2606 1754 2690 longa
1783 2625 1835 2668 me

182 2727 352 2772 macerans
376 2709 604 2794 expectatione
630 2709 792 2802 subducis.
829 2731 907 2775 vare
931 2709 1082 2796 quioquid
1105 2710 1154 2776 vis
1177 2710 1292 2774 facias:
1317 2710 1345 2772 si
1369 2709 1491 2786 vixero,
1515 2729 1599 2793 quae
1624 2707 1682 2772 tibi
1697 2707 1868 2772 dicendas

182 2811 288 2890 texui,
312 2833 377 2876 non
399 2813 527 2880 tacebo.
572 2818 682 2877 tamen
698 2801 831 2878 'honore
854 2814 1056 2878 salutationis
1079 2821 1223 2898 accepto,
1247 2819 1377 2898 gustum
1400 2813 1441 2878 do
1464 2813 1618 2897 guttulis,
1642 2819 1677 2876 ut
1700 2812 1834 2876 fratrem

182 2914 278 2980 decet
305 2937 325 2979 a
353 2916 467 2997 fratre,
506 2915 632 2981 directa
667 2917 834 3002 suscipite.
888 2917 1044 2982 erubesce
1077 2923 1128 2996 tu,
1165 2917 1242 3003 quia
1272 2938 1332 2981 nec
1367 2937 1503 3002 aegrum
1534 2916 1670 3001 requiris
1700 2936 1762 2980 nec
1794 2914 1834 2979 de

106 3037 131 3074 ιο
183 3018 385 3104 nuptialibus
409 3019 535 3084 deliciis
558 3041 642 3105 quae
666 3027 802 3106 possent
824 3019 991 3086 fastidium
1015 3021 1163 3085 relevare
1187 3021 1393 3086 transmittis.

788 3309 965 3380 occnvn
988 3313 1096 3393 (nersr.
1117 3313 1228 3397 Ι124).

745 3507 982 3583 ENNODIVS
1010 3509 1276 3584 STEPHANO.

297 3653 422 3770 Exigit
445 3677 465 3750 a
489 3707 540 3749 me
563 3685 620 3749 filii
643 3686 821 3749 eommunis
845 3683 996 3750 Marcelli
1020 3684 1220 3764 adhortatio,
1251 3707 1348 3770 quem
1372 3691 1489 3749 natura
1511 3684 1617 3762 vobis,
1643 3684 1721 3747 mihi
1745 3683 1863 3747 dediti

182 3787 330 3862 affectus,
353 3794 390 3851 ut
413 3788 454 3852 ad
478 3789 664 3875 scriptionis
687 3789 800 3853 munia
822 3789 974 3874 praevius
998 3788 1199 3874 adspirarem
1222 3795 1256 3854 et
1280 3789 1436 3853 solacium
1458 3789 1651 3868 litterarum,
1675 3810 1734 3874 per
1751 3787 1836 3874 quod

183 3897 328 3954 vetustas
343 3892 448 3956 voluit
470 3891 640 3958 absentiae
664 3893 710 3957 nil
733 3892 842 3972 licere,
866 3913 976 3957 amore
992 3893 1100 3956 victus
1116 3892 1339 3978 inpenderem.
1378 3893 1443 3958 iam
1459 3892 1562 3958 debes
1578 3892 1657 3956 mihi
1672 3892 1836 3977 duplicem

105 4027 130 4064 ra
183 3994 331 4078 gratiam,
356 3995 419 4058 atsi
442 4015 598 4082 responsa
620 3996 815 4076 restitueris,
845 3996 887 4060 ob
910 3996 973 4060 hoc
997 3994 1082 4082 quod
1106 3996 1230 4081 primus
1253 3997 1371 4082 incepi.
1416 3996 1472 4060 ille
1496 3995 1681 4060 dilectionis
1703 3995 1835 4059 ianuam

182 4096 311 4181 pendit,
348 4098 403 4182 qui
432 4098 465 4162 in
495 4099 675 4184 conloquiis
710 4105 858 4185 praestat
888 4101 1092 4185 exemplum:
1133 4100 1334 4186 propositam
1365 4099 1551 4164 custodiunt
1580 4099 1750 4163 formulam
1781 4099 1836 4184 qui

182 4200 306 4286 scripta
329 4202 512 4266 restituunt.
558 4222 636 4287 ergo
659 4209 794 4268 auctore
817 4202 879 4267 deo
904 4203 1051 4267 nuntiam
1074 4203 1304 4288 prosperitatis
1328 4209 1460 4267 nostrae
1484 4202 1660 4288 epistolam
1688 4199 1868 4266 destina-2

183 4324 264 4367 mus.
304 4303 383 4368 illud
406 4305 448 4369 sd
471 4305 626 4390 gaudium
642 4313 798 4385 vestrum,
822 4326 884 4391 quo
907 4306 1040 4371 uberius
1063 4313 1201 4392 paterna
1219 4327 1311 4371 mens
1328 4306 1464 4386 exultet,
1490 4305 1710 4388 adiungimus,
1734 4305 1836 4370 filium

181 4411 326 4471 vestrum
355 4409 388 4470 iu
416 4407 530 4472 studiis
553 4409 746 4474 liberalibus
769 4410 981 4495 ingenuitatis
1005 4411 1226 4475 testimonium
1251 4413 1316 4475 iam
1340 4419 1453 4476 tenere
1477 4415 1511 4474 et
1534 4410 1634 4474 talem
1658 4431 1694 4474 se
1718 4410 1751 4474 in
1774 4410 1835 4474 hac

184 4532 263 4576 eura
288 4519 471 4598 praestare,
501 4521 536 4578 ut
566 4535 664 4580 avara
691 4535 823 4580 suorum
846 4521 922 4580 vota
951 4514 1171 4580 transcendat.
1217 4536 1294 4600 spes
1323 4513 1533 4600 perfectionis
1563 4519 1615 4577 est
1638 4513 1776 4576 honesta
1798 4512 1832 4576 in

183 4614 392 4681 adulescente
422 4615 578 4698 incoatio,
612 4638 672 4682 nec
700 4617 742 4682 ab
772 4616 899 4683 erudito
931 4617 1031 4682 distat
1058 4619 1113 4703 qui
1142 4618 1227 4684 iuter
1258 4617 1394 4682 exordia
1423 4617 1499 4681 boni
1527 4617 1663 4702 gloriam
1695 4621 1835 4699 occupet

183 4720 335 4785 instituti.
379 4721 525 4784 salutans
549 4741 627 4808 argo
651 4720 833 4786 adlectione
858 4741 922 4807 qua
945 4720 1051 4786 debeo
1075 4741 1181 4807 spero,
1205 4727 1241 4785 ut
1263 4725 1417 4806 reparata
1439 4720 1661 4806 oportunitate
1684 4717 1725 4782 dc
1749 4707 1867 4782 bon03

183 4842 235 4887 me
258 4821 359 4888 saciat
380 4829 511 4890 vestrae
534 4825 762 4911 prosperitatis
786 4823 908 4890 adtolli.

184 4983 595 4990 w—

286 5101 311 5134 v.
329 5082 347 5135 3
364 5091 453 5136 mnaso
464 5083 490 5134 Β
592 5101 617 5135 v.
636 5082 653 5135 6
671 5085 788 5136 Aemonii
801 5083 890 5150 Sirra,
907 5085 1018 5138 demanii
1030 5084 1056 5134 Β
1166 5101 1191 5136 v.
1211 5081 1226 5132 7
1245 5085 1343 5137 mandit
1355 5084 1457 5149 Horat
1475 5085 1579 5138 mandet
1591 5083 1624 5147 B,
1642 5084 1745 5135 mandet
1758 5083 1836 5135 Simu.

183 5187 207 5221 v.
232 5167 262 5220 11
281 5172 403 5222 suiacum
415 5169 441 5220 B
1456 5167 1458 5170 ’

287 5269 427 5339 [ccctvll
464 5270 478 5322 1
497 5273 527 5324 V.
541 5274 565 5324 S.
584 5273 675 5338 scripsi
694 5271 738 5339 (cs.
754 5271 968 5324 ccccxxxv]
984 5281 1008 5325 ct
1028 5271 1299 5337 OOOLXXXVINJ,
1316 5290 1408 5326 uersus
1419 5272 1445 5322 Β
1464 5273 1513 5325 dcl.
1531 5291 1600 5324 mea.
1616 5288 1667 5324 rac.
1766 5268 1836 5322 tin-

181 5361 283 5412 oombat
298 5359 324 5410 B
432 5359 558 5411 discendit
575 5358 599 5408 B
746 5357 764 5411 5
785 5360 916 5412 dedicissis
931 5359 958 5409 B
1103 5357 1120 5410 6
1142 5360 1221 5425 prim
1243 5360 1328 5412 adhuc
1345 5360 1396 5411 dcl.
1413 5375 1483 5410 marr.
1502 5376 1551 5410 rec.
1569 5359 1597 5410 ia
1610 5358 1644 5423 B,
1662 5375 1711 5410 om.
1729 5357 1838 5409 editores

183 5444 198 5495 7
217 5444 292 5514 qnae]
311 5447 383 5513 quib
487 5443 505 5497 8
521 5446 631 5514 guttulis
644 5446 667 5510 b,
683 5447 790 5514 gattullo
801 5445 828 5498 B
932 5443 966 5496 10
983 5446 1076 5498 diliciis
1087 5445 1113 5495 Β

286 5549 439 5618 [CCCLVII]
477 5547 509 5602 14
527 5549 654 5603 uolustB
768 5547 799 5603 16
817 5551 963 5617 exemplum
981 5567 1037 5616 arcp.
1050 5550 1096 5600 lira
1109 5548 1134 5599 Β
1251 5547 1283 5602 18
1301 5550 1369 5617 quod
1382 5549 1415 5614 B,
1432 5547 1575 5617 quoSirrn.
1690 5547 1723 5600 19
1741 5549 1789 5600 hac
1806 5564 1838 5601 ecc

181 5654 295 5691 aeeon.
308 5634 350 5688 13¹
453 5635 487 5689 21
505 5636 701 5690 aduliscentsB
803 5634 1146 5689 tumultuantium

284 5815 424 5874 &souma
1596 5812 1631 5866 33
