4538 6436
851 411 938 466 vrrn
958 399 1114 467 armani.
1770 419 1810 484 95

158 587 312 648 crocatur
340 597 384 646 ex
410 587 556 669 tempore
589 585 658 669 regi
685 585 945 670 praesentandus
974 587 1127 665 antistes,
1160 587 1200 650 ad
1229 608 1324 672 quern
1354 589 1428 654 ilico
1456 597 1492 654 ιιι
1519 593 1702 678 ingressus,
1732 593 1865 658 ridit86

158 685 310 749 salutavit
337 683 513 770 adgressus
541 693 608 751 cst:
645 688 802 771 ‘quamvis
830 695 879 769 te,
909 690 1070 775 stupende
1100 695 1259 754 terrarum
1284 692 1451 779 princeps,
1483 696 1657 759 multorum
1681 695 1813 760 auribus

159 787 275 889 reddat
298 787 425 852 virtutis
454 788 542 854 fama
568 790 764 872 terribilem,
796 799 829 855 et
858 793 973 877 gladii,
1006 793 1124 878 quibus
1153 793 1307 858 finitimos
1331 797 1486 860 continua
1509 799 1660 862 vastitate
1684 800 1814 883 premis,

160 897 306 975 segetem
330 892 493 976 quandam
517 893 637 958 inimici
660 896 815 979 germinis
838 901 974 974 metant,
998 897 1122 960 nullam
1146 897 1205 960 tibi
1229 905 1338 962 tamen
1362 901 1493 985 superni
1516 901 1656 985 gretiam
1672 901 1815 966 numinis

94 1042 98 1052 .
159 996 229 1060 dira
252 995 396 1060 bellandi
424 1003 569 1082 praestat
598 998 731 1062 ambitio
761 1019 820 1063 nee
851 999 972 1062 ferrum
1002 999 1084 1064 lines
1112 1005 1222 1064 tuetur
1251 1001 1395 1087 imperii,
1427 1004 1452 1067 si
1481 1005 1634 1068 caelestis
1666 1003 1814 1069 dominus

158 1099 351 1165 offendatur.
397 1119 508 1185 regem
533 1105 565 1164 te
589 1101 712 1180 babere
736 1108 915 1178 memento,
940 1103 992 1166 cni
1016 1109 1144 1189 oportet
1167 1103 1372 1169 considerare
1396 1106 1470 1191 quid
1494 1108 1639 1193 placeat,
1664 1109 1718 1192 qui
1741 1111 1866 1172 cumbi

159 1210 349 1290 susceptum
380 1201 545 1269 hominem
579 1212 724 1291 portaret
755 1205 796 1270 ad
830 1207 972 1285 caelum,
1011 1229 1068 1293 pro
1100 1208 1270 1271 inmensae
1307 1208 1498 1275 hereditatis
1536 1232 1670 1276 munere
1700 1233 1815 1297 pacem

159 1307 327 1394 discipulis
351 1308 471 1374 iterata
494 1309 626 1395 saepius
649 1307 868 1375 admonitione
893 1309 1109 1388 commendat,
1134 1311 1226 1375 euius
1250 1333 1307 1375 nos
1330 1313 1498 1399 praecepti
1522 1335 1659 1379 neccsse
1676 1321 1726 1378 est
1743 1335 1816 1380 csse

161 1410 325 1490 custodes,
347 1413 524 1499 praecipue
548 1433 621 1477 cum
644 1414 831 1479 noverimus
846 1413 950 1477 virum
967 1413 1084 1478 sortem
1100 1413 1165 1478 dici
1182 1435 1246 1478 non
1261 1437 1359 1500 posse
1376 1437 1472 1502 quem
1489 1417 1605 1482 vicerit
1625 1417 1816 1502 indignatio.

84 1531 110 1569 ¹⁰
162 1513 281 1580 deinde
297 1515 500 1602 perpendere
516 1537 577 1581 nos
598 1517 759 1598 convenit,
783 1517 869 1602 quod
891 1539 986 1582 nemo
1009 1517 1200 1603 diligentius
1223 1520 1354 1606 propria
1377 1526 1488 1586 tuetur
1511 1541 1608 1606 quam
1632 1522 1685 1608 qui
1709 1521 1818 1586 aliena

160 1639 224 1683 non
248 1617 385 1704 adpetit.
430 1619 581 1704 quocirca
603 1617 731 1706 Nepos,
759 1622 811 1684 cui
835 1622 980 1706 regimen
1004 1620 1120 1687 ltaliae
1144 1621 1304 1687 ordinatio
1328 1623 1437 1688 divina
1461 1624 1639 1703 commisit,
1667 1624 1709 1689 ad
1732 1625 1814 1689 baec
1828 1625 1868 1690 88

67 1745 90 1786 r·
104 1736 142 1777 ³⁸⁴
160 1744 219 1787 nos
243 1721 450 1808 impetranda
472 1722 660 1804 destinavit,
682 1732 719 1788 ut
736 1725 879 1790 reductis
895 1725 935 1790 ad
952 1725 1050 1790 tidem
1065 1725 1231 1790 mentibus
1247 1733 1353 1791 terrae
1371 1727 1432 1792 sibi
1448 1748 1612 1792 convenae
1634 1727 1816 1792 dilectionis

161 1827 232 1892 iure
256 1828 433 1893 socientur.
479 1829 533 1914 qui
557 1829 634 1893 licet
657 1831 836 1894 certamina
859 1851 922 1894 non
946 1829 1111 1900 formidet.
1144 1829 1349 1894 concordiam
1378 1831 1501 1917 primus
1525 1837 1670 1918 exoptat.
1715 1832 1816 1896 nostis

160 1932 402 2014 incommune,
433 1952 496 2018 quo
524 1932 566 1996 sit
598 1933 812 1998 dominiorum
836 1935 1013 2020 antiquitas
1036 1935 1175 1998 limitata
1199 1935 1351 2016 confinio,
1384 1955 1447 2019 qua
1470 1935 1683 2000 sustinuerint
1705 1940 1816 2022 partes

95 2075 99 2086 ·
159 2036 243 2100 istac
273 2035 401 2099 illarum
438 2041 581 2101 rectores
616 2037 796 2103 famulandi
831 2039 1001 2124 patientia.
1051 2038 1205 2107 sufficiat.
1242 2037 1328 2125 qnod
1358 2038 1459 2124 elegit
1488 2043 1544 2102 ant
1573 2043 1661 2102 certe
1692 2039 1815 2125 patitur

160 2139 284 2204 amicus
308 2138 383 2221 diei,
406 2139 463 2226 qui
485 2141 605 2205 meruit
629 2140 776 2206 dominus
799 2141 981 2228 appellari'.
1026 2142 1109 2206 baec
1132 2143 1181 2205 vir
1205 2142 1445 2227 insignissimus
1468 2141 1651 2228 Epilanius.

266 2242 491 2324 Arauricus,
516 2245 640 2329 gentile
664 2246 776 2310 nescio
800 2245 884 2331 quod
908 2266 1053 2309 murmur
1075 2245 1271 2330 infringens,
1294 2246 1454 2309 mollitum
1477 2268 1512 2310 se
1536 2245 1815 2310 adhortationibus
1827 2252 1869 2314 89

160 2347 229 2411 eius
253 2348 362 2413 rultus
386 2349 435 2412 sui
466 2349 643 2414 serenitate
672 2349 847 2434 signiliest.
891 2349 958 2414 Leo
982 2371 1059 2414 vcro
1090 2350 1274 2414 nominatus
1304 2350 1454 2435 superius
1482 2357 1573 2414 tanto
1602 2349 1817 2415 adlocutionis

160 2451 260 2536 ipsius
284 2451 459 2517 tenebatur
480 2453 656 2531 miraculo,
684 2460 720 2517 ut
743 2454 893 2518 crederet
916 2454 1025 2518 vorbis
1049 2452 1272 2518 huiuscemodi
1297 2452 1479 2538 expugnari
1503 2474 1599 2539 posse
1621 2459 1764 2534 mentes,
1789 2455 1817 2517 si

82 2595 93 2607 -
161 2553 210 2619 las
233 2560 284 2620 est
307 2554 388 2636 dici,
422 2556 520 2621 etiam
544 2556 572 2620 si
595 2563 707 2622 contra
728 2555 885 2621 iustitiam
910 2557 1101 2642 postularet.
1147 2557 1256 2620 taliter
1278 2561 1388 2620 tamen
1412 2554 1516 2620 fertur
1539 2554 1579 2620 ad
1603 2555 1816 2642 interpretem
1829 2560 1869 2620 90

159 2679 218 2724 rex
247 2659 391 2725 locutus:
429 2661 517 2725 ‘licet
545 2668 660 2747 peetus
689 2681 797 2724 meum
827 2661 929 2725 lorica
952 2659 1007 2724 vix
1039 2660 1172 2724 deserat
1200 2665 1234 2724 et
1261 2657 1398 2723 adsidue
1421 2679 1552 2723 manum
1575 2658 1661 2723 orbis
1685 2664 1817 2724 aeratus

158 2762 303 2828 includat
334 2783 462 2828 necnon
493 2769 526 2829 et
555 2765 643 2829 latus
674 2765 800 2828 muniat
830 2763 910 2828 ferri
940 2763 1154 2850 praesidium,
1187 2763 1296 2827 inveni
1326 2769 1437 2826 tamen
1468 2762 1647 2842 bominem,
1683 2761 1739 2848 qui
1765 2783 1817 2826 me

161 2872 321 2930 armatum
348 2867 453 2953 possit
477 2889 668 2954 expugnare
691 2865 905 2932 sermonibus.
949 2867 1145 2952 lalluntwqui
1168 2866 1281 2930 dicunt
1303 2865 1467 2930 Romanos
1491 2865 1524 2929 in
1546 2865 1666 2950 linguis
1690 2871 1818 2929 scutum

163 2971 214 3036 rel
239 2971 366 3057 spicula
388 2991 453 3036 non
476 2970 609 3037 habere.
656 2977 774 3036 norunt
798 2971 884 3036 enim
913 2977 946 3035 et
973 2971 1030 3035 illa
1058 2991 1142 3055 quac
1171 2991 1229 3034 nos
1257 2970 1442 3034 miserimus
1465 2970 1567 3035 rerba
1594 2971 1754 3056 repellere
1783 2974 1817 3033 et

82 3091 107 3128 2⁵
161 3094 245 3160 quae
262 3097 282 3140 a
298 3097 334 3140 se
357 3076 542 3160 diriguntur
564 3075 606 3141 ad
630 3076 737 3141 cordis
760 3075 943 3161 penetralia
966 3074 1143 3140 destinare.
1184 3074 1267 3138 facio
1292 3095 1380 3158 ergo,
1404 3073 1589 3139 venerande
1613 3095 1709 3160 papa,
1733 3077 1865 3159 quaeitl

160 3179 281 3262 poscis,
315 3179 392 3265 qnia
421 3178 574 3264 grandior
603 3187 655 3244 est
683 3179 769 3266 apud
799 3202 851 3244 me
881 3181 982 3264 legati
1004 3200 1147 3266 persona
1170 3199 1266 3263 quam
1290 3178 1434 3263 potentia
1456 3177 1662 3242 destinantis.
1706 3177 1818 3263 accipe

160 3301 246 3346 nunc
271 3281 368 3348 tidem
392 3289 426 3348 et
449 3305 508 3370 pro
531 3283 660 3370 Nepote
685 3284 852 3369 pollicere,
877 3283 961 3368 quod
986 3288 1096 3348 servet
1118 3282 1347 3366 intemeratam
1372 3281 1587 3359 concordiam,
1611 3281 1763 3366 quoniam
1787 3286 1819 3344 te

160 3386 350 3471 promisisse
374 3387 501 3452 iurasse
525 3385 597 3453 est'.
636 3388 687 3451 his
711 3386 805 3451 dietis
830 3388 909 3451 inito
933 3388 1030 3452 etiam
1054 3387 1215 3473 pactionis
1239 3386 1368 3449 vinculo
1391 3385 1553 3450 verendus
1576 3385 1723 3472 pontifex
1747 3384 1820 3448 vale

69 3511 90 3553 r·
103 3504 142 3544 ³⁸⁵
161 3488 246 3554 dicto
269 3489 434 3556 discessit.
473 3489 514 3554 ad
538 3511 635 3575 quem
660 3491 771 3554 statim
794 3496 1000 3576 precatorum
1024 3489 1121 3554 turba
1138 3488 1297 3574 dirigitur,
1321 3496 1356 3553 ut
1373 3496 1524 3554 secuturo
1540 3489 1592 3553 die
1608 3489 1696 3574 regis
1713 3488 1818 3575 epulis
1831 3490 1872 3552 92

83 3609 110 3648 ω
163 3593 346 3673 interesset,
371 3613 468 3678 quem
484 3594 541 3658 ille
557 3595 620 3658 ism
638 3600 832 3679 conpererat
847 3595 969 3679 iugiter
983 3615 1042 3680 per
1058 3591 1245 3658 sacerdotes
1266 3613 1344 3656 suos
1367 3592 1492 3679 polluta
1515 3592 1637 3657 babere
1661 3591 1819 3656 convivia.

160 3698 212 3761 cui
242 3697 414 3762 excusavit
436 3697 585 3782 dixitque
609 3698 671 3762 sibi
695 3719 760 3762 non
784 3719 858 3763 esse
881 3699 914 3762 in
937 3719 1026 3762 more
1049 3699 1189 3784 positum
1213 3696 1330 3760 alienis
1353 3695 1528 3782 aliquando
1551 3695 1695 3783 prandiis
1719 3694 1820 3770 vesci,

161 3800 316 3888 perendie
347 3822 381 3865 se
414 3801 521 3886 magis
550 3801 636 3866 velle
667 3800 838 3888 proficisci.
884 3799 967 3887 quod
1000 3801 1213 3864 constitutum
1243 3800 1418 3864 maturavit
1446 3800 1582 3886 implere
1610 3807 1644 3866 et
1666 3799 1818 3863 Tolosam

160 3905 261 3968 tantis
292 3905 526 3969 comitantibus
557 3925 711 3989 egressus
742 3909 805 3984 est,
837 3910 874 3967 ut
899 3924 1005 3989 paene
1036 3904 1168 3968 deserta
1198 3904 1276 3969 urbs
1307 3903 1496 3969 discedente
1526 3910 1637 3968 nostro
1666 3901 1818 3989 pontifice

162 4013 363 4073 cerneretur.
414 4013 523 4072 tantos
554 4008 643 4072 enim
671 4007 703 4071 in
734 4007 827 4072 brevi
858 4007 1052 4073 devinxerat
1083 4006 1146 4071 sibi
1182 4009 1319 4072 caritate
1352 4008 1493 4085 sincera,
1529 4013 1565 4070 ut
1594 4006 1817 4093 captivitatem

85 4151 90 4164 ·
163 4114 279 4177 flerent
307 4133 388 4198 quos
417 4111 504 4198 apud
536 4112 674 4198 patriam
698 4133 868 4177 remanere
894 4112 1075 4176 necessitas
1099 4109 1354 4195 constringebat.
1399 4111 1474 4175 inde
1499 4118 1608 4176 tamen
1630 4109 1820 4194 regrediens
1833 4109 1873 4170 93

164 4217 293 4302 singula
323 4223 511 4281 sanctarum
541 4214 780 4280 habitationum
810 4217 881 4280 loca
909 4215 1069 4280 visitavit:
1104 4214 1271 4280 medianas
1299 4215 1437 4288 insulas.
1467 4213 1670 4278 Stoechadas
1698 4213 1818 4276 Larum

161 4320 332 4407 ipsamque
365 4321 526 4385 nutricem
560 4341 759 4384 summorum
787 4321 945 4384 montium
976 4320 1107 4405 planam
1131 4318 1286 4383 Larinum
1314 4318 1407 4396 adiit,
1440 4317 1526 4382 unde
1557 4316 1703 4402 singulos
1732 4311 1974 4416 ritaecpfflfflg

162 4424 313 4490 flosculos
338 4423 505 4510 decerpsit
528 4445 570 4488 ex
594 4425 753 4503 omnibus,
777 4446 857 4510 quos
881 4425 913 4488 in
938 4449 973 4489 se
997 4424 1076 4489 boni
1099 4423 1254 4508 germinis
1278 4423 1383 4488 fomes
1400 4423 1562 4487 insereret
1578 4427 1611 4486 et
1627 4419 1669 4484 ad
1685 4420 1819 4484 maturi-

163 4527 241 4591 tatis
272 4533 400 4613 tempus
430 4525 568 4611 gravida
600 4527 706 4614 pomis
737 4527 936 4592 caelestibus
968 4527 1065 4591 arbor
1093 4527 1283 4591 adduceret.
1332 4527 1459 4590 interea
1488 4527 1700 4612 expectatum
1728 4522 1820 4586 Italis
1832 4526 1874 4586 94

165 4632 275 4696 lumen
304 4629 450 4695 redditur
475 4635 510 4694 ct
536 4637 723 4696 revertente
756 4632 914 4715 singulari
942 4630 1114 4696 sacerdote
1144 4652 1203 4717 per
1231 4629 1348 4694 sudum
1376 4631 1513 4694 rutilans
1543 4629 1638 4693 iubar
1665 4628 1820 4713 aperitur.

268 4977 280 5029 l
307 4973 408 5030 antistis
422 4977 448 5027 Β
586 4974 603 5026 3
625 4976 734 5042 praemis
756 4976 779 5038 (a
796 4975 859 5039 dal.)
875 4973 901 5026 Β
1039 4974 1056 5026 4
1078 4977 1188 5028 nominis
1213 4959 1311 5027 codices
1448 4973 1476 5024 ll
1500 4976 1597 5041 adpitst
1614 4971 1664 5036 El,
1687 4975 1785 5041 appetit
1801 4974 1825 5023 V

163 5081 245 5132 napus
256 5065 282 5115 Β
351 5065 483 5131 regimen·
496 5063 522 5114 Β
540 5062 617 5128 (eras.
631 5063 650 5124 i)
765 5061 795 5114 13
813 5060 920 5130 primus]
940 5065 1012 5130 prius
1024 5053 1117 5114 Simas
1217 5060 1249 5112 14
1267 5063 1293 5112 in
1311 5078 1447 5112 commune
1459 5061 1558 5126 scripsi,
1576 5061 1601 5110 in
1618 5061 1748 5111 communi
1762 5060 1822 5110 libri

163 5152 322 5204 dominorum
337 5147 490 5213 BVLT10,
515 5150 684 5200 dominiorum
703 5148 749 5213 ΤΒ,
773 5168 842 5202 man.
866 5167 915 5202 rac.
933 5150 960 5200 in
973 5149 1011 5213 B,
1033 5149 1122 5201 acano
1217 5149 1387 5199 dominiorum
1408 5148 1552 5212 antiquitus
1573 5145 1692 5197 uicinitas
1715 5145 1822 5198 limitata

164 5237 259 5290 aaa!
364 5235 397 5289 15
414 5238 487 5304 eligit
498 5237 524 5288 Β
629 5234 660 5287 16
678 5237 770 5288 metuit
781 5237 807 5288 Β
912 5235 944 5287 17
964 5253 1067 5288 ιιιιιιιιιιι
1078 5235 1104 5286 Β
1173 5236 1298 5301 infringas
1311 5231 1352 5284 1³¹
1421 5231 1460 5300 se]
1479 5233 1524 5284 sed
1536 5232 1562 5283 Β
1567 5231 1577 5268 ¹
1684 5231 1716 5282 18
1733 5231 1821 5283 serini-

164 5331 214 5377 tste
227 5321 266 5375 Βι
343 5324 505 5376 allocutionis
521 5322 545 5371 V
653 5321 689 5374 20
705 5323 781 5375 etiam
799 5331 887 5376 contra
907 5329 974 5390 (sup.
993 5323 1039 5373 lin.
1057 5323 1079 5374 si
1096 5339 1166 5372 amn.
1180 5319 1205 5386 2)
1224 5321 1250 5371 Β
1367 5318 1398 5370 ‘21
1419 5319 1501 5370 lurica
1517 5316 1558 5370 131
1672 5315 1708 5370 25
1725 5316 1819 5385 cordis]

83 5407 88 5416 '
164 5411 247 5463 caedis
265 5409 345 5463 Siras.
422 5409 556 5479 panitralia
568 5407 594 5460 Β
666 5410 827 5462 uenerandse
840 5409 873 5474 Β,
890 5411 1038 5462 ueneranda·
1053 5408 1098 5459 Vn
1219 5403 1252 5457 ‘27
1271 5407 1391 5473 quoniam
1403 5405 1436 5470 B,
1453 5405 1505 5472 qri‘o
1521 5404 1574 5468 Va,
1592 5405 1627 5472 qir
1645 5405 1673 5469 Τ,
1690 5411 1786 5472 quomo
1803 5405 1825 5455 0

164 5495 198 5548 28
216 5495 375 5565 promisseB
439 5493 491 5563 bis]
510 5496 553 5547 bic
564 5493 606 5545 Βι
710 5489 745 5545 29
762 5496 864 5548 dictaB
933 5503 1050 5548 saeutoro
1062 5493 1089 5546 Β
1191 5491 1226 5544 30
1244 5494 1344 5560 pullula
1356 5493 1381 5542 Β
1445 5494 1537 5545 mannia
1550 5492 1623 5542 BV⁶
1726 5489 1759 5542 31
1779 5508 1821 5543 ex-

164 5586 277 5636 cussanit
291 5584 315 5634 Β
389 5579 470 5650 uesci]
488 5599 535 5634 nes
547 5582 573 5634 B
694 5579 728 5634 34
747 5584 912 5636 deuincxerat
925 5581 1027 5634 BVLC
1145 5577 1179 5632 36
1197 5587 1342 5631 seantarum
1354 5576 1396 5629 Βι
1473 5579 1627 5631 Stoechadas
1649 5579 1713 5631 coni.
1733 5575 1823 5640 Siren„

164 5670 282 5741 cycladas
299 5670 397 5728 codices
500 5665 535 5724 37
554 5671 623 5726 uitas
640 5687 689 5725 car.
709 5668 754 5738 Vl,
771 5671 824 5722 uite
842 5687 899 5741 sup.
918 5670 963 5720 lin.
981 5668 1021 5720 1⁷²
1124 5665 1158 5721 38
1176 5667 1251 5718 fomis
1262 5666 1288 5717 Β
