4566 6532
1028 369 1262 426 cccnxxxvlll
1281 370 1402 436 (CARM.
1422 374 1444 430 1,
1462 371 1490 430 4)

720 557 745 592 ⁵⁵
803 541 874 606 lam
898 561 1058 628 nusquam
1082 542 1224 629 Cythera
1248 551 1352 616 sonat,
1377 541 1501 608 ridetur
1523 541 1682 606 Amorum

803 645 939 729 Fabula,
963 669 1024 711 nec
1047 650 1157 734 proles
1182 649 1328 712 nascenti
1352 647 1471 712 sufficit
1494 666 1586 711 aevo.

804 749 938 834 Frigida
960 771 1155 816 consumens
1177 752 1352 816 multorum
1375 749 1522 836 possidet
1545 756 1635 814 artus

802 855 988 942 Virginitas
1009 857 1140 922 fervore
1162 877 1257 938 novo,
1281 855 1434 921 sublimia
1457 875 1588 920 carnem

801 958 891 1024 Vota
913 959 1056 1038 domant,
1080 959 1220 1024 mundus
1243 960 1335 1024 tenui
1359 961 1413 1023 rix
1436 959 1567 1035 nominc
1590 965 1727 1024 constat.

721 1075 747 1114 ⁶⁰
804 1060 968 1129 Primaevi
991 1064 1149 1128 hemulos
1171 1064 1285 1128 fractis
1309 1063 1476 1128 imitantur
1499 1061 1647 1149 ephebis.
1678 1133 1679 1136 Ἴ

802 1165 892 1231 Rara
913 1187 974 1252 per
996 1168 1163 1235 inmensos
1186 1167 1381 1248 saeclorum,
1404 1166 1543 1252 respice,
1567 1185 1701 1252 campos

804 1268 958 1356 Coniugii
980 1273 1112 1337 messis!
1146 1292 1207 1358 per
1227 1271 1326 1337 flores
1349 1271 1421 1336 sola
1443 1275 1591 1334 vetustas
1796 1261 1799 1266 ’

804 1373 921 1441 Exerit
944 1376 1095 1441 albentes
1118 1377 1229 1441 ieiuna
1251 1382 1286 1441 et
1307 1374 1432 1462 pallida
1455 1379 1571 1439 canos!

804 1476 881 1543 Vna
903 1478 984 1544 fides
1007 1497 1115 1544 narum
1138 1481 1230 1544 nulla
1251 1478 1426 1544 dulcedine
1448 1477 1535 1542 flecti

723 1596 747 1632 ⁶⁵
806 1582 859 1660 Et,
884 1584 911 1648 si
934 1586 1011 1671 quid
1031 1593 1166 1651 teneros
1189 1587 1297 1672 potuit
1319 1583 1532 1650 transducere
1556 1603 1674 1652 mores.

804 1688 998 1777 Praeceptis
1022 1691 1150 1756 calcare
1174 1691 1285 1762 malis:
1310 1695 1460 1754 servatur
1480 1687 1604 1773 ubique

804 1790 985 1869 Iustitium;
1010 1795 1106 1881 culpa
1128 1802 1178 1859 est
1201 1794 1363 1859 thalamos
1386 1792 1574 1856 nominasse
1597 1790 1727 1877 pudico.

805 1895 855 1960 Tu
878 1899 1016 1962 remissa
1038 1901 1128 1964 iaces
1151 1907 1185 1964 at
1206 1899 1291 1963 tanti
1313 1897 1426 1963 nescia
1448 1897 1527 1961 iuris

804 1999 901 2065 Nuda
921 2023 982 2087 par
1004 2003 1125 2068 effusos
1149 2009 1317 2090 respectas
1340 2002 1486 2067 membra
1509 2001 1657 2087 capillos.

724 2117 749 2154 ⁷⁰
808 2103 924 2191 Surge,
948 2128 1021 2192 age,
1045 2113 1078 2171 et
1094 2108 1277 2172 obstantem
1295 2111 1511 2194 properanter
1526 2103 1654 2170 discute
1676 2125 1835 2180 somnum,

805 2207 856 2273 Ne
879 2215 922 2290 te,
946 2211 1033 2294 quod
1055 2217 1151 2297 turpe
1176 2219 1235 2292 est,
1259 2211 1424 2296 captivum
1447 2229 1568 2273 numen
1592 2207 1715 2273 habere

806 2311 884 2376 lura
906 2313 1085 2399 pudicitiae
1109 2316 1162 2380 vel
1184 2315 1242 2380 lex
1264 2311 1456 2378 malesuada
1477 2309 1632 2396 putetur.'

853 2415 989 2482 Talibus
1013 2418 1174 2483 arsissent
1195 2417 1293 2482 dictis
1317 2420 1351 2482 et
1375 2416 1501 2479 viscera
1524 2415 1623 2500 ponti.

806 2516 942 2605 Colligit
964 2521 997 2584 in
1020 2522 1142 2586 nodum
1165 2542 1283 2608 passos
1305 2521 1363 2584 lux
1386 2540 1487 2585 aurea
1509 2519 1615 2584 crines

724 2635 748 2671 ⁷⁵
806 2619 851 2686 Et
872 2626 1055 2689 naturalem
1079 2625 1278 2690 concludens
1302 2629 1396 2688 veste
1419 2621 1571 2687 decorem

807 2725 947 2792 Mutavit
968 2729 1118 2795 formam.
1163 2735 1240 2793 tunc
1265 2724 1421 2813 quidquid
1442 2726 1549 2810 fulget
1571 2726 1681 2811 iaspis,

807 2827 900 2903 Quae
923 2832 1008 2896 viret
1029 2833 1063 2897 in
1087 2833 1193 2919 pretio
1214 2837 1370 2918 pasturae
1393 2829 1470 2894 ficta
1494 2828 1686 2913 smaragdus

806 2933 851 2999 ut
874 2935 955 3000 latet
977 2936 1011 3000 in
1035 2927 1282 3001 conois'mclior
1304 2933 1440 3000 custode
1462 2954 1600 3013 veneno,

806 3036 895 3102 Alba
917 3039 1016 3121 venit,
1040 3041 1171 3106 niveum
1196 3045 1365 3126 sumptura
1389 3059 1431 3102 ex
1453 3057 1589 3123 corpore
1612 3037 1732 3103 lumen.

725 3155 750 3190 ⁸⁰
808 3140 903 3205 Palla
924 3163 985 3228 per
1006 3143 1174 3208 adcinctos
1197 3142 1360 3208 decrescit
1383 3140 1556 3226 splendida
1578 3139 1707 3204 lumbos

807 3243 851 3308 Et
874 3265 958 3309 nona
979 3251 1110 3312 teneras
1134 3247 1319 3333 conpressit
1342 3245 1424 3310 dura
1445 3244 1596 3330 papillas.

807 3346 950 3412 Adfatur
971 3355 1100 3414 natum:
1133 3354 1251 3435 ‘queen
1276 3371 1352 3435 spes
1376 3368 1460 3426 mea,
1483 3347 1585 3431 ligere
1608 3354 1770 3434 temptas?

807 3451 913 3526 Quem
937 3454 1125 3539 sequimur?
1161 3476 1267 3540 quove
1291 3455 1338 3518 ire
1361 3452 1476 3517 iubos?
1510 3457 1585 3537 post
1607 3452 1675 3516 otia
1696 3453 1800 3516 maior

806 3555 955 3620 Flamma
978 3555 1091 3621 decet:
1115 3557 1242 3622 discant
1264 3556 1377 3643 populi
1400 3561 1476 3619 tunc
1499 3575 1646 3620 crescere
1668 3555 1788 3635 divam,

724 3671 749 3707 ⁸³·
809 3657 891 3722 Cum
915 3659 1069 3744 neglecta
1092 3660 1188 3724 iacet.
1234 3679 1371 3746 superos
1394 3658 1441 3722 nil
1464 3655 1603 3743 perdere
1626 3677 1738 3722 somno

806 3761 990 3828 Ostendant
1012 3763 1153 3849 geminis
1177 3770 1330 3849 reparata
1353 3760 1506 3827 incendia
1528 3761 1625 3827 curis.

806 3863 970 3931 Maximus
995 3886 1082 3946 ecce,
1106 3866 1209 3947 vides,
1232 3867 1362 3951 generis
1385 3886 1460 3950 spes
1485 3864 1583 3929 unica
1606 3865 1734 3946 summi,

807 3969 969 4035 Dulcibus
992 3970 1109 4034 inludit
1132 3993 1192 4058 per
1214 3972 1312 4057 longa
1334 3969 1456 4035 oblivia
1477 3967 1594 4034 taedis.

807 4071 961 4139 Sectatur
984 4077 1131 4154 matrem,
1155 4094 1239 4159 quae
1264 4074 1356 4140 caelo
1380 4072 1490 4159 purior
1510 4072 1582 4158 ipso
1606 4078 1657 4138 cst

724 4189 750 4226 ⁹⁰
807 4176 953 4257 Femina,
978 4197 1074 4262 quam
1098 4177 1219 4242 scimus
1243 4177 1413 4242 mulierem
1436 4176 1566 4240 vincere
1589 4181 1710 4240 mente.

806 4280 870 4346 Hic
892 4281 1018 4346 domuit
1039 4302 1178 4368 puerum
1202 4303 1310 4347 mores
1334 4282 1468 4346 sortitus
1493 4301 1638 4345 avorum.

806 4385 902 4460 Quod
925 4385 1036 4472 pudet,
1060 4387 1125 4451 heu
1148 4388 1247 4472 longo
1270 4386 1365 4452 nobis
1387 4387 1533 4451 nescitus
1556 4388 1588 4451 in
1614 4407 1695 4451 aevo
1718 4392 1783 4452 est!

807 4489 916 4554 Huius
940 4489 981 4554 ad
1004 4490 1171 4555 abstrusas
1194 4491 1304 4556 veniat
1326 4512 1401 4556 mea
1422 4489 1574 4576 lampada
1596 4490 1709 4555 fibras:

807 4591 959 4678 Suspirat
981 4595 1092 4680 cupiat
1114 4593 1274 4659 discurrat
1295 4593 1422 4660 ferveat
1444 4591 1537 4660 oret?

542 4925 567 4960 v.
585 4907 620 4958 hb
637 4915 725 4976 cytoro
737 4905 771 4972 Β,
788 4908 882 4960 dimus
894 4907 977 4971 cctam,
994 4908 1123 4974 Cytherea
1139 4906 1198 4958 adit.
1258 4907 1350 4958 riditur
1362 4904 1389 4956 Β
1482 4924 1508 4957 v.
1527 4905 1561 4958 56
1579 4906 1719 4972 sotheoth
1736 4924 1767 4960 cc
1783 4904 1847 4970 OB
1943 4925 1970 4959 v.
1990 4904 2024 4959 57
2044 4925 2104 4976 poe

438 4992 498 5046 sidit
516 4991 544 5045 Β
682 5013 708 5047 r.
726 4992 761 5046 59
782 4995 887 5046 domant
907 5001 933 5045 et
953 4994 1065 5046 muudus
1084 4989 1112 5043 Β
1251 5009 1275 5042 v.
1294 4989 1329 5043 60
1352 4994 1445 5045 fractos
1460 4992 1557 5044 Harae
1660 4995 1757 5046 csoebis
1776 4993 1861 5059 BVL,
1887 4995 1981 5062 ephebi
2000 4993 2105 5044 Hos-tol

439 5097 463 5131 r.
481 5077 514 5131 61
534 5081 667 5133 inmensus
679 5078 708 5132 Β
805 5097 913 5148 campos
926 5078 953 5131 Β
1085 5097 1110 5131 v.
1128 5077 1163 5130 62
1181 5079 1277 5131 mensis
1290 5076 1318 5129 B
1451 5097 1474 5132 v.
1493 5077 1528 5130 63
1548 5096 1627 5132 canos
1646 5080 1733 5132 Schott
1750 5089 1774 5132 et
1792 5081 1880 5145 Sirra,
1897 5097 1979 5133 canus
1999 5081 2104 5132 codices

438 5183 462 5218 v.
481 5164 517 5218 64
538 5169 604 5220 ledia
621 5164 649 5218 Β
788 5185 813 5220 v.
831 5165 865 5218 65
887 5167 950 5233 quid
967 5165 1007 5231 Β,
1034 5167 1092 5233 quis
1113 5166 1189 5217 ceteri
1292 5165 1426 5218 mundare
1449 5173 1543 5218 mortes
1560 5163 1588 5217 Β
1724 5184 1749 5219 v.
1768 5165 1803 5218 68
1824 5168 1886 5219 iacis
1902 5161 1938 5230 Β,
1962 5168 2033 5218 iacet
2057 5167 2104 5218 Vt

439 5270 463 5305 r.
483 5250 516 5304 71
541 5271 574 5306 nc
586 5253 676 5320 BVL,
698 5269 747 5307 nce
764 5255 811 5306 rel.
951 5271 976 5305 v.
995 5250 1029 5304 72
1052 5251 1209 5304 mallesnedn
1221 5249 1249 5303 B
1386 5270 1410 5304 r.
1430 5249 1463 5304 73
1487 5254 1559 5320 ponti
1571 5249 1611 5317 Β,
1635 5261 1714 5322 ponto
1731 5255 1807 5306 cmi
1944 5269 1969 5305 r.
1990 5250 2025 5304 74
2049 5255 2103 5306 col-

438 5337 541 5407 ligctB
609 5357 701 5410 passus
713 5338 741 5391 Β
845 5358 869 5392 v.
887 5337 922 5391 76
939 5347 1056 5394 mutauet
1068 5337 1096 5391 B
1165 5339 1289 5405 quiequid
1304 5338 1329 5388 V
1393 5341 1476 5408 impes
1488 5337 1592 5404 BlVL,
1610 5341 1681 5408 iopas
1694 5338 1741 5391 B·
1844 5358 1868 5393 v.
1882 5338 1915 5391 77
1933 5343 2104 5408 masngdus

439 5423 517 5491 (cras.
535 5425 565 5494 g)
583 5423 612 5478 Β
749 5445 773 5478 v.
793 5424 827 5477 79
853 5435 933 5479 uenat
955 5428 1056 5479 oinium
1073 5423 1101 5477 Β
1241 5443 1266 5476 r.
1287 5423 1322 5477 80
1351 5427 1434 5494 palma
1451 5424 1479 5478 B
1581 5430 1710 5480 accinctos
1729 5427 1754 5478 V
1853 5426 1999 5496 splenfflda]
2028 5431 2104 5498 plan-

438 5512 497 5563 dids
513 5509 557 5562 131
707 5531 732 5565 v.
756 5511 791 5563 82
814 5515 908 5565 mano
927 5513 952 5563 V
1098 5529 1122 5564 v.
1140 5510 1175 5563 83
1199 5513 1274 5563 iuuss
1290 5509 1318 5562 Β
1467 5531 1491 5564 v.
1514 5512 1548 5565 84
1572 5515 1639 5566 decit
1654 5512 1683 5567 Β
1831 5532 1855 5565 v.
1877 5513 1913 5564 85
1938 5517 2060 5584 neglleta
2075 5515 2105 5568 Β

439 5614 463 5649 r.
481 5594 516 5649 87
531 5599 600 5650 nidis
612 5597 640 5651 B
759 5615 848 5650 mnu
864 5603 899 5651 90
915 5607 938 5650 ct
955 5604 985 5650 91
1002 5599 1160 5664 transponit
1171 5597 1197 5648 B
1317 5617 1343 5652 v.
1360 5599 1391 5651 91
1412 5601 1517 5653 domnet
1528 5602 1553 5652 B
1633 5605 1738 5654 sortitus
1750 5601 1776 5653 Β
1781 5601 1823 5654 Vt
1828 5640 1837 5666 ,
1858 5604 1966 5656 sortitur
1984 5603 2107 5659 V⁸LOP

438 5700 464 5734 v.
482 5681 518 5734 94
539 5686 650 5751 suspirat
667 5682 696 5736 Β
