4538 6436
398 378 440 440 θ’]
503 373 618 428 LXXIII
636 372 758 440 (EPIS‘I'.
771 375 796 436 3,
815 373 850 440 6),
870 373 983 428 LXXIV
1003 373 1126 440 (EPIST.
1138 375 1163 436 3,
1183 374 1218 440 7),
1238 373 1337 428 LXXV
1356 372 1479 441 (EPIST.
1498 374 1523 438 3,
1541 374 1578 441 8),
1597 372 1711 428 LXXVI
1729 372 1853 443 (EPIST.
1870 375 1896 439 3,
1914 374 1951 442 9).

1028 629 1189 697 LXXIII
1209 633 1319 718 (sersr.
1337 636 1367 712 3,
1384 631 1428 708 6).

952 825 1188 901 ENNODIVS
1215 826 1506 903 LAVRENTlO.

510 975 661 1067 Dandae
693 1008 768 1067 eunt
796 1023 912 1067 manus
943 1004 1065 1066 amoris
1096 1002 1243 1086 imperio.
1295 1003 1439 1067 vinctum
1469 1025 1521 1068 me
1558 1011 1649 1069 tenet
1682 1003 1838 1086 adfectio,
1874 1007 1926 1071 cui
1955 1006 2057 1071 rerba

400 1107 555 1188 concessi,
580 1113 616 1171 ut
631 1106 719 1192 quod
734 1104 776 1169 ad
800 1105 890 1170 salve
915 1104 1061 1170 debiturn
1084 1107 1225 1193 pertinet
1248 1128 1313 1172 non
1337 1113 1491 1172 tacerem.
1537 1106 1708 1172 domestici
1731 1109 1905 1195 perlatoris
1929 1111 2056 1175 occasio

400 1211 477 1276 mihi
500 1211 608 1297 perire
631 1231 696 1275 non
719 1209 835 1296 potuit,
859 1209 922 1274 nisi
945 1209 987 1273 ad
1010 1209 1201 1294 diligentiae
1225 1211 1449 1275 testimonium
1466 1211 1590 1299 scripta
1605 1213 1871 1278 transmitterem.
1910 1213 2056 1278 salutans

400 1336 479 1401 ergo
512 1314 697 1380 reverentia
728 1309 840 1378 debita
873 1334 999 1399 precor,
1033 1319 1070 1376 ut
1097 1313 1218 1378 vicario
1253 1336 1304 1378 me
1339 1314 1493 1379 relevetis
1528 1315 1645 1394 allatu,
1681 1315 1757 1401 quia
1789 1317 1943 1402 promitto
1976 1317 2055 1382 mibi
2124 1360 2129 1371 ·

399 1420 584 1484 litterarum
607 1417 840 1504 prorogatione
864 1437 1068 1502 responsum.

1036 1706 1186 1775 LXXIV
1210 1713 1317 1791 (srrsr.
1334 1713 1364 1791 3,
1381 1710 1425 1794 7).

785 1905 1022 1980 ENNODIVS
1050 1904 1312 1979 ADEODATO
1339 1904 1670 1982 PRESBYTERO.

512 2051 609 2163 Quis
632 2088 762 2148 vostrae
786 2082 968 2147 allectionis
991 2083 1162 2164 inmemor,
1191 2082 1254 2146 nisi
1279 2083 1334 2167 qui
1358 2088 1408 2146 est
1432 2083 1645 2162 inhumanus,
1676 2083 1817 2148 existat?
1863 2085 1935 2168 quis
1959 2084 2059 2147 totius

403 2188 571 2273 religionis
593 2208 753 2273 personae
777 2185 864 2272 apud
888 2185 985 2250 deum
1008 2186 1091 2251 nolit
1114 2185 1237 2251 habere
1261 2186 1452 2271 suffragium
1462 2193 1475 2248 ’ἒ
1515 2208 1576 2271 ego
1593 2187 1747 2267 maxime,
1770 2187 1825 2271 qui
1850 2193 1883 2251 et
1904 2187 2059 2272 gravibus

402 2297 610 2378 peecatorum
641 2290 778 2356 sareInis
806 2311 937 2376 premor
965 2297 997 2354 et
1020 2297 1163 2355 vestram
1192 2292 1329 2375 gratiam
1359 2289 1501 2376 optinui,
1534 2311 1694 2376 quaeres
1717 2290 2060 2357 mibiabsolutionem

403 2397 565 2480 Integram
590 2395 774 2481 pollicetur.
819 2393 966 2459 salutans
991 2415 1069 2480 ergo
1093 2401 1289 2460 veneranter
1312 2401 1345 2458 et
1368 2393 1479 2459 debite
1503 2417 1616 2481 spero,
1648 2403 1685 2460 ut
1712 2417 1772 2483 pro
1796 2417 1848 2460 me
1871 2417 1930 2482 per
1953 2397 2062 2460 omnia

404 2507 589 2566 sanctorum
613 2498 687 2562 loca
711 2503 785 2562 vota
808 2497 921 2562 iacias.
967 2517 1049 2583 quae
1074 2503 1271 2562 consecutus
1295 2498 1349 2563 dei
1373 2498 1535 2565 beneficia
1558 2500 1628 2566 sine
1651 2521 1744 2566 mora
1766 2500 1956 2580 dissolvam,
1985 2499 2061 2584 quia

404 2611 596 2692 conpertum
619 2605 697 2670 mihi
721 2611 783 2686 est,
807 2604 893 2690 quod
916 2605 1054 2671 mereris
1077 2604 1191 2670 audiri.

1050 2895 1179 2964 LXXV
1201 2896 1310 2982 (sessu.
1328 2901 1358 2975 3,
1376 2899 1421 2982 8).

1008 3091 1244 3168 ENNODIVS
1273 3094 1463 3170 AVIENO.

375 3244 385 3303 1

527 3239 570 3332 Si
595 3269 720 3333 offensa
742 3275 896 3355 praestat,
923 3275 958 3331 ut
981 3267 1214 3352 magnitudinis
1238 3275 1314 3333 tuac
1337 3271 1457 3356 scripta
1473 3271 1691 3354 geminentur,
1714 3291 1811 3354 quarn
1828 3270 1946 3334 vellem
1963 3289 2064 3352 saepe
2131 3291 2141 3324 ⁵

404 3375 461 3438 illa
484 3373 592 3438 sereni
620 3373 765 3458 pectoris
796 3373 843 3437 tui
872 3372 1048 3458 tranquilla
1078 3370 1223 3436 turbari?
1270 3379 1304 3438 et
1326 3374 1388 3438 nisi
1413 3373 1644 3438 adversaretur
1666 3374 1847 3459 proposito,
1875 3393 1992 3437 causas
2016 3372 2065 3434 iu-

405 3475 603 3561 dignationis
628 3476 824 3561 ingererem,
850 3474 979 3562 quando
1005 3475 1091 3560 quod
1115 3497 1207 3539 amor
1230 3497 1294 3539 non
1318 3482 1463 3540 meretur
1485 3498 1544 3561 per
1567 3477 1680 3562 culpas
1705 3476 1841 3541 obtinui.
1878 3497 1940 3560 ego
1954 3480 2067 3539 tamen

405 3601 515 3644 errore
539 3600 655 3644 vacare
679 3601 732 3644 me
756 3581 870 3644 nuntio
893 3577 927 3643 in
951 3601 991 3644 ea
1015 3599 1132 3658 eausa,
1162 3577 1196 3642 in
1220 3578 1383 3663 quadum
1407 3580 1572 3644 accusatis
1595 3581 1854 3665 neglegentiam,
1885 3579 2066 3665 praemium

406 3683 603 3750 contulistis.
649 3703 784 3768 puerum
819 3682 968 3748 turbatus
1006 3681 1129 3762 direxI,
1168 3705 1228 3768 per
1258 3704 1354 3769 quem
1385 3682 1466 3747 nihil
1495 3683 1585 3747 aliud
1616 3705 1712 3769 quam
1745 3683 1831 3770 quod
1863 3705 1945 3769 opus
1977 3691 2068 3750 esset

406 3785 543 3851 ostendi.
581 3785 685 3851 libero
709 3793 843 3872 pectore
867 3787 979 3871 lingua
995 3791 1092 3850 vacat
1114 3785 1241 3867 officiis,
1265 3808 1358 3850 mens
1381 3787 1519 3852 confusa
1541 3788 1678 3872 gratiam
1701 3787 1906 3852 salutationis
1929 3787 2068 3853 abiurat.
2120 3813 2145 3847 ·.ι

377 3890 488 3953 lecca
512 3889 574 3954 deo
599 3889 631 3954 in
655 3896 795 3976 utroque
818 3891 952 3976 gratias,
977 3891 1054 3977 quia
1077 3912 1140 3956 nec
1163 3913 1225 3975 ego
1249 3913 1324 3955 rous
1348 3913 1418 3956 sum
1444 3899 1477 3956 et
1500 3913 1558 3956 vos
1581 3914 1633 3956 me
1657 3913 1749 3957 reum
1773 3913 1847 3957 esse
1872 3891 2069 3957 credidistis.

408 3992 603 4058 beneficium
632 3993 712 4058 mihi
741 3995 914 4059 commotio
938 4002 1051 4060 vestra
1078 3994 1228 4075 contulit,
1263 3993 1347 4080 quod
1371 3995 1426 4058 vix
1455 3994 1602 4061 dedisset
1631 3995 1773 4062 affectio.
1819 4016 1881 4081 ego
1908 3994 1986 4081 quid
2009 3993 2069 4059 tibi

407 4095 545 4161 debeam
578 4097 745 4183 explicare
778 4119 843 4164 non
874 4120 1019 4183 possum.
1064 4120 1189 4185 pauper
1217 4104 1268 4162 est
1297 4099 1432 4178 caritas,
1467 4099 1500 4162 in
1529 4101 1622 4164 cuius
1652 4100 1840 4165 narratibne
1868 4120 1973 4163 sermo
2003 4120 2068 4163 non

408 4200 528 4268 deficit.
574 4200 704 4266 domiue
735 4201 795 4280 mi,
829 4201 969 4266 salutem
997 4201 1141 4267 debitam
1165 4201 1279 4267 dicens
1302 4202 1399 4268 deum
1423 4224 1514 4288 rogo,
1544 4211 1581 4268 ut
1603 4202 1773 4289 quodlibet
1795 4203 1903 4267 animo
1926 4201 2069 4287 gesseris

408 4324 537 4389 semper
560 4303 694 4371 scribas.

1043 4506 1194 4575 LXXVI
1217 4509 1325 4594 (sarar.
1344 4511 1373 4588 3,
1391 4508 1436 4594 9).

928 4702 1167 4778 ENNODIVS
1193 4703 1552 4780 MARCELLIANO.

383 4869 395 4930 Ῑ
533 4851 619 4946 Soio
649 4881 907 4966 magnitudinem
938 4888 1028 4946 tuam
1051 4879 1229 4966 grandibus
1253 4878 1307 4943 dei
1329 4878 1499 4943 beneficiis
1524 4879 1691 4944 abundare
1715 4885 1748 4944 et
1769 4879 1963 4964 promissam
1986 4881 2072 4943 circa

408 4986 532 5050 amicos
557 5006 690 5052 servare
715 4985 943 5052 constantiam.
982 4986 1089 5050 nescit
1112 4986 1238 5049 animus
1255 4988 1365 5047 vester
1386 4981 1514 5046 incerto
1537 4982 1685 5068 polliceri
1708 5002 1853 5047 amorem
1876 4981 1946 5046 sine
1962 4983 2072 5067 aliqua

514 5207 644 5278 [LXXHI]
680 5207 747 5262 tad
765 5209 794 5275 (d
812 5227 869 5276 nep.
888 5209 946 5276 lin.)
963 5210 987 5258 V
1051 5207 1184 5261 scribtaB

518 5312 647 5381 [LXXIV]
682 5312 699 5366 9
717 5287 798 5366 nollet
809 5313 835 5364 B
939 5311 974 5363 10
991 5321 1103 5366 uacuam
1120 5313 1148 5363 ia
1163 5329 1212 5378 mg.
1224 5328 1295 5362 aean.
1310 5315 1322 5360 1
1336 5309 1474 5374 adscripsit
1494 5326 1551 5360 oum
1569 5317 1639 5374 nom,
1657 5317 1685 5359 ut
1703 5317 1762 5360 onte
1779 5310 1888 5376 gratiam
1904 5310 2037 5361 imerahsr
2048 5309 2074 5360 B

414 5399 448 5452 12
467 5399 543 5468 quae]
562 5419 638 5468 quem
650 5401 676 5452 B
780 5399 814 5452 13
832 5417 943 5452 morerss
955 5401 981 5452 B

518 5501 633 5570 [LXXV]
665 5502 697 5556 15
709 5501 839 5557 scrime
930 5500 963 5553 17
975 5505 1075 5572 optinui
1089 5503 1113 5551 V
1161 5502 1262 5554 obtinui
1274 5518 1319 5568 por
1331 5502 1448 5568 eulpoab
1539 5499 1572 5551 18
1584 5499 1725 5567 praemium
1739 5497 1766 5564 (a
1777 5495 1846 5565 exp.)
1861 5497 1886 5548 V
1978 5497 2013 5550 ‘24
2025 5496 2071 5568 mi]

413 5593 476 5644 mihi
488 5591 514 5643 B
523 5591 568 5642 VL
636 5591 796 5643 salutationis
813 5591 928 5644 debitum
942 5591 979 5644 (Id
1048 5605 1164 5660 gesseras
1176 5588 1220 5638 13⁶
1323 5585 1358 5640 25
1376 5585 1482 5656 scribas]
1499 5587 1557 5638 finit
1573 5585 1636 5640 aad.
1655 5585 1773 5638 verul>

515 5691 642 5762 [LXXVI]
679 5691 713 5745 28
730 5692 870 5766 aliquaeB
1582 5679 1584 5686 ¹
